3300 5617
1081 805 1409 857 merom
1449 804 1866 856 memsam„
2391 792 2523 863 377

61 1005 173 1055 ns,
197 1008 358 1060 Bibl,
424 996 618 1047 torum
652 1008 864 1062 regum
892 991 1306 1056 sanctionibus,
1338 996 1428 1047 tot
1455 1008 1818 1047 summorum
1852 990 2192 1062 pontificum
2226 991 2527 1047 confirma·
2549 998 2688 1049 A.D.
2716 1006 2861 1052 1378.

62 1072 189 1156 }eg.
230 1081 301 1125 13
425 1076 700 1139 tionibus,
765 1082 826 1131 et
881 1081 971 1131 tot
1027 1077 1588 1132 contravenientium
1657 1075 2025 1132 terribilibus
2103 1075 2524 1130 sententiarum
2548 1092 2722 1156 refuge
2743 1101 2796 1143 at

62 1153 110 1189 ²⁴·
142 1155 233 1193 ¹¹·
425 1159 990 1225 comminationibus,
1024 1165 1455 1232 postremoque,
1483 1160 1683 1215 divino
1715 1160 1927 1215 timore
1963 1177 2032 1215 ac
2057 1159 2286 1215 Sanctoe
2309 1159 2525 1214 Matris
2551 1159 2718 1235 erst-

426 1244 706 1300 Ecclesiae
753 1244 1102 1308 reverentia,
1145 1249 1478 1300 statuerunt
1523 1259 1643 1310 eos,
1683 1262 1720 1299 a
1757 1245 2089 1299 sanctuario
2134 1244 2522 1316 perturbatos,
2549 1233 2772 1277 mmm*-

425 1328 501 1384 ad
535 1328 773 1383 Turrim
806 1345 994 1400 usque
1030 1327 1328 1393 reducere,
1366 1334 1426 1384 et
1458 1328 1679 1383 ibidem
1715 1329 1945 1385 cautius
1988 1345 2367 1395 conservare3
2407 1328 2523 1394 vel,

427 1418 494 1468 ut
528 1419 785 1484 putatur,
832 1418 921 1466 tot
954 1410 1127 1466 malis
1166 1412 1447 1483 affligere,
1486 1416 1556 1467 ut
1602 1412 1789 1468 vitam
1836 1412 2106 1468 deserere
2154 1419 2521 1484 cogerentur.

425 1497 677 1553 Proinde
738 1497 1052 1551 mittuntur
1106 1513 1177 1550 ex
1236 1494 1488 1551 ²‹attilicis
1547 1495 1623 1551 ad
1682 1495 2287 1562 westmonasterium,
2351 1514 2528 1552 causa

424 1581 600 1651 hujus
638 1580 878 1636 incuriae
914 1580 977 1634 in
1009 1580 1294 1643 homines,
1335 1579 1549 1644 Deum,
1591 1585 1651 1635 et
1690 1579 2034 1646 Ecclesiam,
2074 1580 2520 1645 committendas,

423 1665 849 1736 quinquaginta
882 1663 1129 1729 armati3
1170 1668 1392 1718 secrete
1435 1669 1648 1728 tamen,
1694 1669 1934 1734 propter
1975 1669 2198 1720 metum
2235 1664 2525 1721 Londom'-

420 1749 664 1813 ensium,
704 1765 778 1803 ne
814 1748 964 1803 forte
1000 1746 1290 1803 tumultus
1326 1747 1494 1802 fieret
1528 1746 1591 1801 in
1624 1747 1796 1818 plebe
1833 1747 1954 1803 illa.

487 1831 600 1901 Qui
636 1831 891 1902 ingressi
928 1831 1326 1886 sanctuarium
1353 1830 1552 1886 Sancti
1589 1830 1774 1895 Petri,
1802 1837 1935 1886 astu
1972 1831 2210 1902 quidem
2244 1832 2519 1904 primum,
2551 1845 2768 1896 Schakel
2793 1845 2837 1895 is

415 1915 643 1972 scilicet
681 1916 720 1969 J
723 1915 1009 1970 ohannem
1057 1912 1080 1946 ²
1096 1913 1367 1977 Schakel,
1405 1914 1872 1970 circumventum
1922 1913 2195 1971 libertate
2243 1915 2524 1971 Ecclesiae
2549 1914 2859 1976 recaptured.

414 2005 716 2063 exuerunt,
781 2005 842 2055 et
900 1999 976 2054 ad
1035 1998 1273 2053 Turrim
1334 1997 1495 2052 illico
1563 1997 1938 2053 reduxerunt.
2046 1998 2143 2053 Ad
2203 2000 2524 2055 secundum

413 2089 609 2138 autem
661 2083 865 2137 eodem
916 2082 1031 2146 die,
1072 2081 1396 2137 Robertum
1444 2080 1661 2146 Haule,
1721 2100 1857 2137 cum
1906 2083 2223 2147 venissent,
2278 2090 2339 2139 et
2397 2085 2523 2155 ipse

411 2167 730 2223 Missarum
790 2166 1110 2231 solemniis,
1175 2166 1238 2221 in
1287 2165 1543 2221 crastino
1602 2164 1885 2221 videlicet
1945 2166 2146 2222 Sancti
2193 2166 2519 2234 Laurentii,

414 2253 738 2315 interesset,
791 2256 1187 2306 convenerunt
1235 2268 1370 2306 eum
1418 2250 1490 2305 de
1541 2249 1954 2305 satisfaciendo
2003 2249 2157 2320 Regi
2194 2269 2371 2322 super
2405 2251 2522 2308 hiis

412 2335 624 2406 quibus
662 2335 789 2406 ejus
826 2334 1146 2390 offenderat
1178 2334 1584 2405 majestatem3
1634 2334 1776 2405 quia
1810 2351 1945 2388 cum
1982 2342 2140 2389 esset
2173 2334 2303 2406 ejus
2339 2335 2523 2407 ligius

411 2420 600 2484 homo,
666 2419 851 2489 regiis
910 2436 1025 2474 non
1076 2424 1303 2473 tantum
1350 2417 1866 2490 postulationibus,
1919 2423 2201 2488 quantum
2247 2420 2521 2490 precibus

412 2503 559 2572 ejus,
601 2503 835 2575 spretis,
873 2507 1076 2557 contra
1105 2519 1240 2556 eum
1264 2501 1647 2571 tergiversari
1672 2507 1794 2555 tam
1818 2501 2145 2571 procaciter
2181 2519 2359 2557 ausus
2386 2503 2517 2558 fuit.

413 2589 525 2642 Ille
560 2605 720 2653 ver0,
749 2587 891 2642 dum
925 2605 1043 2641 non
1079 2586 1324 2657 Regem,
1367 2586 1471 2641 sed
1507 2586 1636 2657 ejus
1675 2586 2060 2651 consiliarios,
2100 2586 2173 2641 de
2209 2588 2518 2659 injustitia,

412 2671 678 2736 avaritia,
734 2671 1000 2741 falsoque
1052 2669 1314 2734 consili0‚
1372 2687 1648 2726 accusare
1699 2671 2005 2734 niteretur,
2061 2675 2121 2726 et
2170 2670 2260 2725 illi
2313 2689 2521 2727 manus

410 2756 723 2826 injicerent
746 2753 821 2810 ad
846 2753 1268 2809 extrahendum
1292 2760 1312 2788 ³
1330 2751 1518 2825 [eum]
1547 2754 1620 2809 de
1658 2754 1909 2809 ecclesia
1930 2754 2235 2820 violenter,
2264 2762 2522 2811 extracto

414 2839 666 2911 quodam
720 2844 886 2894 curto
937 2836 1156 2908 gladi0‚
1213 2854 1348 2892 mox
1401 2855 1600 2893 omnes
1657 2844 1912 2893 armatos
1960 2838 2085 2909 ipse
2135 2837 2411 2895 *inermis
2446 2840 2522 2895 ad

413 2925 615 2993 fugam
652 2923 866 2993 coegit,
906 2928 968 2977 et
1014 2920 1241 2976 salvare
1291 2938 1354 2976 se
1403 2922 1665 2993 cupiens,
1704 2922 1797 2977 bis
1838 2922 1997 2977 circa
2049 2923 2292 2977 chorum
2327 2941 2523 2978 mona-

414 3007 657 3061 chorum
708 3004 995 3061 currendo
1045 3022 1152 3076 pro
1199 3004 1450 3075 refugiO,
1492 3004 1729 3060 tandem
1776 3006 1839 3060 in
1887 3006 2015 3077 ipso
2052 3006 2229 3061 choro
2266 3007 2339 3061 ab
2375 3007 2520 3077 ipsis

416 3091 672 3160 undiquc
709 3087 1206 3144 circumvallatur.
1283 3088 1439 3158 Quid
1462 3089 1693 3145 multa?
1755 3090 1843 3144 Ex
1891 3090 2048 3145 omni
2094 3096 2261 3160 parte
2298 3091 2521 3147 strictis

413 3174 770 3246 pugionibus
824 3172 1146 3244 impetitu8‚
1204 3179 1273 3228 ut
1333 3191 1397 3227 se
1456 3173 1666 3228 reddat
1714 3179 2108 3244 perstrepunt,
2159 3174 2522 3231 horribiliter

414 3255 808 3321 exclamandO,
864 3261 924 3311 ct
973 3256 1410 3311 sanctissimum
1464 3256 1637 3311 illum
1677 3256 2046 3312 conventum
2079 3257 2517 3323 monachorum,

414 3360 635 3397 necnon
673 3339 1036 3395 sacerdotem
1075 3358 1241 3396 sacro
1278 3346 1569 3396 astantem
1605 3341 1798 3406 altari,
1839 3348 1975 3412 post
2008 3341 2269 3413 perlecta
2319 3342 2521 3398 Sancti

414 3424 594 3480 verba
644 3423 974 3494 Evangelii,
1016 3425 1430 3488 conturbando,
1495 3425 1749 3496 amplius
1805 3425 1982 3480 etiam
2043 3426 2262 3481 exarsit
2319 3443 2522 3481 eorum

416 3511 613 3575 furor;
654 3509 716 3562 in
739 3514 988 3572 tantum,
1017 3514 1085 3563 ut
1107 3507 1345 3562 domum
1370 3508 1483 3563 Dei
1506 3526 1623 3563 non
1659 3509 1849 3564 solum
1884 3509 2165 3565 haberent
2199 3510 2519 3581 despectui,

417 3592 523 3648 sed
575 3592 753 3647 etiam
802 3591 865 3645 in
914 3592 1073 3662 ipsos
1124 3591 1346 3647 Christi
1397 3592 1665 3656 famulos,
1707 3593 1809 3663 qui
1851 3592 1996 3663 jam,
2036 3600 2105 3649 ut
2151 3593 2375 3650 dictum
2410 3600 2519 3660 est,

420 3676 670 3731 Domino
729 3675 791 3728 in
849 3674 1026 3730 choro
1086 3676 1372 3740 astabant,
1428 3675 1757 3731 ministerio
1808 3676 2137 3747 iniquitatis
2191 3696 2335 3733 vasa
2391 3695 2523 3732 con-

421 3763 735 3823 verterent,
774 3758 1108 3830 pectoribus
1157 3758 1526 3829 singulorum
1574 3759 1821 3830 figentes
1859 3759 2130 3831 cuspides
2168 3760 2518 3832 gladiorum,

419 3848 681 3897 vetantes
735 3859 835 3896 eos
890 3842 999 3896 sub
1057 3859 1231 3912 poena
1279 3842 1486 3897 mortis
1534 3842 1807 3908 horridae,
1847 3860 1920 3898 ne
1967 3843 1989 3875 ⁵
2004 3843 2286 3915 suffragio
2334 3844 2524 3900 forent
2547 3859 2780 3910 112111053

420 3926 511 3981 illi
550 3943 723 3997 quem
759 3925 1047 3997 perimere
1082 3926 1438 3982 laborabant.
1514 3924 1598 3982 At
1632 3926 1743 3992 illi,
1772 3927 1874 3998 qui
1911 3927 2161 3982 eundem
2198 3927 2522 3983 Robertum
2545 3929 2808 3978 murdered

422 4010 618 4065 Haule
679 4009 1202 4075 circumsteterant,
1267 4010 1408 4065 dum
1466 4028 1670 4081 pacem
1730 4010 2011 4066 Ecclesiae
2071 4018 2313 4083 peteret,
2377 4012 2519 4067 dum
2542 3992 2596 4041 ¹¹¹
2618 3993 2704 4043 the

421 4108 656 4149 causam
701 4092 855 4147 tanti
909 4091 1147 4148 sceleris
1209 4100 1514 4163 quaereret,
1568 4093 1708 4148 dum
1771 4112 1833 4149 se
1893 4094 2125 4149 tandem
2186 4095 2520 4152 cancellatis
2542 4059 2745 4125 Λὴδᾳ·

489 4325 745 4393 ¹An91ice's
760 4326 813 4376 in
832 4326 959 4391 orig.
983 4348 996 4387 3
1023 4331 1279 4378 corrected
1296 4329 1425 4378 stom
1470 4350 1475 4425 Ι
1580 4331 1600 4359 ⁸
1631 4329 1876 4393 Supplied
1921 4331 2050 4380 from
2100 4331 2237 4382 Bibl.
2275 4333 2402 4397 Reg.
2457 4339 2518 4383 13

421 4407 508 4458 the
530 4407 730 4471 printed
750 4415 901 4457 texts.
1516 4407 1574 4457 E.
1593 4406 1667 4457 ix.
1693 4428 1707 4465 3
1743 4407 1950 4458 omitted
1967 4409 2019 4458 iu
2044 4410 2129 4460 the
2151 4410 2346 4475 printed
2370 4419 2518 4464 texts.

485 4487 505 4515 ²
530 4484 727 4535 Shawel
767 4485 822 4534 in
869 4485 1031 4548 orig.;
1080 4486 1149 4550 by
1194 4486 1426 4536 inadver·
1580 4492 1599 4518 ⁴
1622 4490 1841 4538 inarmis
1862 4491 1914 4539 in
1938 4492 2062 4557 orig.
2083 4512 2097 4551 ς
2121 4496 2372 4544 corrected
2389 4495 2519 4545 from

420 4573 580 4625 tence,
637 4563 831 4628 arising
875 4564 1119 4628 probably
1166 4565 1296 4614 from
1340 4566 1426 4616 the
1515 4568 1600 4617 the
1623 4568 1823 4631 printed
1844 4576 1994 4620 texts.

420 4645 548 4693 form
582 4642 642 4692 of
672 4642 759 4770 {be
793 4642 940 4693 letter
976 4641 1007 4691 k
1051 4643 1106 4692 in
1146 4643 1258 4694 MS.
1288 4643 1423 4695 Bibl.
1580 4649 1601 4676 ⁸
1621 4646 1837 4697 subsidio
1858 4649 1913 4698 in
1936 4650 2021 4700 the
2043 4650 2240 4715 printed
2264 4659 2410 4703 texts.

423 4722 547 4786 Reg.
590 4727 650 4771 13
700 4721 733 4771 ¹.
757 4720 829 4771 ix.
1763 4728 1768 4735 ’
