3300 5617
780 762 909 826 :320
1444 778 1703 829 mona:
1749 779 2211 829 wmmenm

445 963 580 1015 A.D.
611 967 752 1017 1375.
779 966 883 1020 sed
908 967 1142 1030 frustra,
1170 984 1304 1021 nam
1342 967 1495 1021 intcr
1532 967 1767 1021 illorum
1805 984 2029 1031 manue,
2057 965 2384 1022 itinerando
2407 966 2561 1022 inter
2585 965 2886 1020 Pax-isium
2915 965 3035 1017 MS.
3059 966 3182 1020 Bm.

778 1057 839 1105 et
863 1049 1169 1114 Calesiam,
1197 1051 1260 1104 in
1283 1051 1404 1106 fata
1426 1051 1697 1115 decessit,
1726 1052 1789 1107 in
1822 1050 1917 1107 die
1940 1050 2219 1105 videlieet
2244 1050 2472 1106 Sanctae
2507 1049 2885 1105 Etheldredae
2914 1032 3050 1098 ΒΕΖ·
3080 1040 3136 1083 ¹³

775 1133 1064 1204 Virginis,
1110 1151 1285 1205 quam
1339 1140 1471 1189 ante
1524 1151 1832 1204 egressum
1863 1133 2117 1205 Angliae,
2156 1140 2225 1189 ut
2260 1133 2579 1198 dicebatur,
2622 1132 2882 1189 offendit.

2911 1099 3076 1150 aix.

776 1218 986 1273 Plures
1024 1235 1231 1289 nempe
1269 1218 1511 1273 madunt
1548 1218 1713 1272 illam
1749 1218 1965 1273 dictam
2000 1217 2310 1289 Virginem
2345 1217 2655 1274 offendisse
2679 1217 2880 1275 multi·
2907 1230 3026 1283 us,
3047 1232 3172 1284 Bm,

774 1302 1024 1374 pliciter,
1053 1308 1114 1357 et
1151 1302 1283 1357 ideo
1309 1302 1454 1359 talia
1474 1301 1794 1358 infortunia
1816 1302 1940 1357 suis
1966 1301 2170 1357 diebus
2208 1301 2435 1358 festivis
2471 1302 2584 1357 sibi
2610 1308 2881 1358 asserunt
2906 1298 3039 1363 Reg-
3069 1305 3126 1349 13

2903 1364 3072 1416 Rix.

440 1468 577 1519 ΑΛ).
605 1474 747 1524 1376.
774 1392 1260 1542 coffidsgratioe
1302 1469 1612 1525 millesimo
1650 1470 2058 1526 trecentesimo
2090 1468 2521 1541 septuagesimo
2562 1476 2744 1534 sexto,
2773 1468 2876 1540 qui
2897 1432 3194 1562 ξίοέἆώ

441 1550 750 1604 Parliament
774 1560 866 1609 est
898 1572 1082 1611 annus
1118 1554 1285 1626 regni
1323 1554 1507 1625 Regis
1542 1554 1835 1617 Edwardi,
1879 1573 1914 1610 a
1952 1553 2305 1626 Conquoestu
2342 1553 2545 1618 Tertii,
2589 1554 2874 1625 quinqua·
2901 1579 2987 1629 pp,
3009 1570 3182 1617 217-9.

440 1619 684 1696 ³².W⁶⁸¹·
774 1638 1051 1709 gesimus,
1093 1639 1156 1694 in
1192 1638 1477 1711 principio
1507 1639 1725 1694 mensis
1762 1638 1908 1693 Maii
1946 1637 2074 1693 Rex
2110 1637 2433 1695 Edwardus
2470 1638 2613 1694 fecit
2649 1638 2873 1693 Parh‘a-

441 1693 667 1741 mmm·
774 1730 1035 1779 mentum
1086 1724 1401 1778 maximum
1444 1723 1599 1794 apud
1645 1722 2229 1778 westmonasterium
2279 1722 2598 1789 celebrari;
2637 1723 2701 1777 in
2736 1740 2871 1793 quo,

439 1811 552 1863 The
564 1813 749 1881 King’s
772 1824 933 1861 more
959 1808 1148 1871 solito,
1176 1808 1349 1878 petiit
1382 1825 1418 1861 a
1453 1807 1867 1861 communitate
1901 1806 2193 1876 quoddam
2229 1807 2556 1862 subsidium
2593 1806 2706 1862 sibi
2741 1824 2876 1862 eon·

439 1880 682 1931 deman&
773 1891 901 1945 cedi
942 1909 1049 1963 pro
1090 1891 1422 1946 defensione
1459 1890 1629 1960 regni
1678 1890 1803 1956 sui3
1861 1890 1958 1945 cui
2005 1891 2436 1962 respondentes,
2476 1891 2568 1945 illi
2610 1891 2682 1946 de
2720 1909 2875 1946 com-

435 1946 516 2062 {3‘3
533 1949 704 2063 ‘grub-
772 1975 1056 2031 munitate
1096 1975 1370 2030 dixerunt
1403 1991 1466 2029 st
1503 1976 1626 2029 fore
1655 1974 1883 2046 jugiter
1917 1974 2135 2030 unibus
2173 1964 2638 2045 impositionibus
2671 1976 2872 2031 multi-

436 2029 725 2146 „tmyfflyeffi
770 2060 1003 2130 pliciter
1060 2059 1370 2130 fatigatos;
1422 2076 1529 2114 nec
1594 2075 1771 2114 onera
1829 2058 1973 2114 talia
2035 2059 2137 2114 diu
2198 2076 2369 2130 posse
2435 2059 2590 2114 ferre
2651 2060 2873 2130 absque

443 2146 611 2199 sisted.
770 2143 1021 2198 maximo
1068 2143 1416 2198 detrimento
1462 2143 1751 2197 veraciter
1798 2142 2177 2198 affirmabant.
2275 2143 2335 2199 N
2337 2161 2432 2198 am
2480 2143 2704 2215 liquido
2739 2162 2874 2199 con·

771 2227 963 2283 stabat
999 2227 1083 2283 eis
1131 2227 1356 2298 Regem
1397 2244 1503 2298 pro
1539 2226 1874 2282 defensione
1912 2228 2082 2297 regni
2119 2227 2213 2283 sui
2250 2227 2600 2283 sufficienter
2635 2228 2870 2292 habere,

770 2312 822 2367 si
860 2329 1108 2383 regnum
1146 2312 1298 2366 foret
1334 2310 1651 2382 prudenter
1683 2316 1745 2365 et
1780 2310 2031 2366 fideliter
2068 2311 2491 2381 gubernatum3
2531 2311 2636 2367 sed
2670 2330 2873 2382 quam·

769 2396 872 2451 diu
911 2396 1029 2451 tale
1075 2396 1339 2466 regimen
1388 2393 1559 2465 quale
1614 2400 1754 2449 tunc
1801 2410 1908 2465 per
1963 2394 2148 2449 malos
2203 2395 2508 2450 officiarios
2558 2396 2874 2451 haberetur

767 2481 830 2535 in
878 2496 1078 2551 regno,
1128 2496 1426 2549 nunquam
1472 2477 1622 2532 illud
1669 2495 1870 2533 rerum
1910 2478 2078 2549 copia
2116 2478 2213 2533 vel
2252 2479 2478 2535 divitiis
2526 2480 2868 2535 abundaret.

767 2564 898 2619 Hoc
921 2563 1119 2635 itaque
1144 2581 1206 2618 se
1230 2561 1548 2617 offerebant
1569 2560 1953 2617 effectualiter
1983 2562 2329 2633 probaturos
2348 2586 2363 2629 ;
2403 2570 2465 2619 et
2488 2564 2540 2620 si
2563 2572 2699 2636 post
2721 2565 2872 2619 hanc

766 2648 1164 2720 probationem
1215 2647 1517 2702 inventum
1568 2652 1727 2701 esset
1773 2645 2000 2716 Regem
2047 2646 2290 2703 alterius
2336 2648 2624 2720 indigere,
2674 2648 2870 2719 ipsum

759 2733 931 2803 juxta
947 2750 1083 2788 suas
1109 2738 1124 2767 ¹
1144 2731 1452 2786 facultates
1482 2730 1844 2801 adjuvarent.
1921 2729 1996 2784 In
2018 2747 2336 2802 progressu
2351 2749 2493 2787 vero
2515 2733 2689 2805 plura
2707 2733 2871 2788 fuere

766 2816 961 2872 delata
996 2815 1069 2871 de
1106 2816 1289 2887 Regis
1326 2814 1733 2879 familiaribus,
1810 2813 1943 2869 aliis
1980 2813 2229 2870 diversis
2266 2815 2449 2886 Regis
2474 2816 2784 2881 officiariis,
2812 2822 2874 2871 et

765 2900 1134 2972 potissimum
1179 2900 1254 2955 de
1277 2898 1529 2954 Domino
1551 2898 1833 2966 Latimer,
1873 2898 2058 2969 ipsius
2097 2898 2453 2964 Camerario,
2481 2901 2582 2972 qui
2613 2901 2873 2972 pessima

437 2979 641 3031 Cerffln
765 2985 1183 3055 gubernatione
1200 2984 1426 3055 Regem
1448 2983 1616 3038 rexit.
1681 2982 1872 3051 Quare
1891 2982 2026 3037 Dux
2049 2982 2421 3049 Lancastriae,
2449 2984 2735 3039 Dominus
2758 2990 2780 3019 ⁸
2796 2983 2870 3038 de

434 3047 629 3097 ‘'¹5⁰⁰'‘
649 3048 708 3098 ⁰f
765 3068 1042 3134 Latimer,
1071 3075 1132 3125 et
1153 3069 1351 3140 plures
1374 3068 1512 3123 ⁴alii
1548 3067 1749 3137 magni
1779 3066 1963 3137 Regis
2000 3067 2281 3132 officiarii,
2311 3068 2551 3123 fuerunt
2584 3069 2782 3133 amoti,
2809 3074 2872 3123 et

433 3120 683 3230 mvn}
766 3153 828 3207 in
851 3170 1052 3208 eorum
1075 3153 1220 3208 locis
1244 3153 1347 3208 alii
1371 3152 1692 3222 subrogati.
1769 3151 1941 3216 Item,
1971 3150 2046 3205 ad
2067 3152 2411 3223 petitionem
2434 3151 2868 3207 communitatis

766 3237 961 3293 extitit
993 3237 1342 3301 ordinatum,
1372 3236 1528 3308 quod
1551 3235 1700 3290 certi
1721 3234 2000 3306 Episcopi
2025 3242 2086 3291 et
2109 3234 2387 3302 Comites,
2416 3241 2478 3290 et
2500 3236 2603 3291 alii
2629 3235 2866 3291 Domini

764 3323 1219 3378 conversationis
1254 3320 1585 3386 laudabilis,
1623 3319 1848 3390 Regem
1899 3326 1961 3375 et
1996 3337 2245 3391 regnum
2282 3320 2355 3375 de
2395 3326 2606 3375 caetero
2655 3320 2868 3391 guber·

764 3412 1005 3472 narent3
1045 3424 1114 3461 eo
1145 3406 1301 3477 quod
1324 3405 1449 3460 Rex
1467 3404 1593 3477 jam
1616 3403 1902 3474 vergebat
1923 3403 1986 3460 in
2010 3404 2255 3469 senium,
2284 3408 2346 3459 et
2379 3403 2867 3475 gubernatoribus

764 3490 1066 3561 indigebat
1089 3489 1445 3561 hujusmodi.
1514 3488 1633 3543 Sed
1656 3488 1772 3543 ista
1794 3486 2099 3552 ordinati0‚
2127 3487 2580 3559 impedientibus
2603 3487 2726 3543 illis
2763 3488 2868 3558 qui

431 3590 743 3657 complaints
766 3574 945 3629 amoti
984 3575 1222 3629 fuerunt
1257 3592 1294 3628 a
1330 3573 1513 3644 Rege,
1540 3578 1611 3627 ut
1644 3571 2001 3644 praedicitur,
2029 3572 2128 3627 vix
2164 3571 2354 3627 tribus
2394 3572 2692 3629 mensibus
2733 3588 2864 3644 per-

432 3659 578 3709 made
601 3658 656 3709 in
766 3658 1019 3714 duravit.
1056 3652 1065 3667 ¹
1093 3657 1266 3723 Item,
1305 3657 1524 3712 milites
1563 3655 2045 3711 Parliamentales
2084 3656 2346 3727 graviter
2386 3658 2689 3727 conquesti
2727 3662 2868 3712 sunt

430 3725 741 3805 Pmiment
765 3743 838 3799 de
862 3742 1134 3814 quadam,
1165 3742 1414 3799 “Alicia
1440 3740 1722 3796 ‘Pereres
1739 3739 1773 3763 ’⁹
1810 3740 2122 3804 nominata,
2163 3740 2404 3795 foemina
2429 3741 2862 3811 procacissima,

431 3799 632 3910 2532*
764 3846 895 3901 quae
936 3827 1113 3883 nimis
1155 3826 1462 3882 familiaris
1500 3823 1774 3880 extiterat
1811 3824 2061 3879 Domino
2085 3823 2239 3896 Regi
2280 3823 2301 3856 ⁶
2314 3824 2617 3882 edwardo.
2691 3825 2864 3880 Hane

428 3925 652 3979 pen-em,
761 3913 967 3984 ntique
1006 3911 1359 3968 accusabant
1393 3909 1466 3965 de
1503 3907 1679 3964 malis
1712 3907 2002 3979 plurimis,
2041 3925 2148 3980 per
2180 3925 2309 3964 eam
2345 3915 2407 3964 et
2440 3909 2696 3966 fautores
2732 3909 2863 3980 ejus

428 3991 692 4045 Instances
759 3998 932 4054 factis
966 3996 1031 4052 in
1066 4013 1268 4067 regne.
1343 3994 1460 4050 Illa
1483 3993 1701 4049 etenim
1724 3992 1961 4047 modum
1996 3992 2310 4048 mulierum
2339 3992 2516 4049 nimis
2539 3999 2632 4048 est
2657 4010 2860 4064 super-

429 4059 691 4113 ⁰f⁶ff¹⁰¹¹‘
766 4099 1004 4154 gressa;
1043 4080 1137 4136 sui
1175 4078 1392 4136 etenim
1439 4094 1612 4133 sexus
1654 4082 1718 4133 et
1753 4076 2093 4147 flagilitaffis
2129 4076 2453 4143 immemor,
2493 4094 2647 4133 nune
2688 4077 2863 4149 juxta

426 4130 621 4257 {⁸3⁰⁰
644 4128 737 4178 ¹¹⁸²
764 4164 1135 4222 Justioiarios
1159 4163 1347 4235 Regis
1379 4161 1709 4227 residendo,
1737 4158 1760 4199 ⁷
1773 4178 1927 4217 nuno
1966 4160 2031 4216 in
2063 4160 2217 4217 Foro
2245 4158 2661 4218 Ecclesiastico
2688 4161 2861 4233 juxta

1376 4305 1700 4312 —fl-*——-
1729 4304 1892 4311 ————-———
2111 4304 2120 4309 ,

830 4393 846 4423 ¹
872 4389 1158 4455 Originally
1216 4387 1416 4438 written
1447 4384 1723 4452 felicitates
1747 4405 1762 4441 ς
1918 4385 1934 4413 ⁴
1960 4383 2184 4435 Omitted
2205 4383 2261 4434 in
2283 4384 2369 4435 the
2391 4384 2591 4450 printed
2611 4392 2760 4437 texts.

766 4471 1024 4521 corrected
1047 4467 1101 4519 in
1123 4468 1211 4520 the
1244 4465 1451 4532 margin
1484 4465 1539 4515 in
1573 4480 1605 4516 a
1639 4465 1768 4515 later
1915 4464 1935 4492 ³
1955 4461 2107 4513 Pom
2127 4463 2184 4513 in
2206 4463 2293 4513 the
2314 4463 2514 4528 printed
2535 4470 2684 4515 texts.

763 4550 916 4600 hand.
1920 4545 1940 4573 ⁶
1964 4542 2189 4595 Omitted
2210 4542 2265 4591 in
2287 4543 2374 4594 the
2395 4543 2595 4608 printed
2611 4550 2760 4596 texts.

832 4631 853 4660 ²
874 4636 922 4679 et
941 4625 1057 4678 alit·
1075 4626 1131 4677 in
1152 4627 1239 4678 the
1259 4625 1460 4693 printed
1479 4631 1631 4677 texts.
1916 4626 1935 4654 ⁷
1957 4640 2050 4673 uon
2087 4622 2143 4672 in
2182 4621 2309 4689 orig.
2335 4644 2351 4683 ς
2423 4626 2679 4676 corrected
2723 4625 2855 4676 stom

834 4710 855 4739 ³
878 4706 1106 4759 Omitted
1126 4705 1181 4756 in
1203 4706 1290 4757 the
1311 4705 1513 4771 printed
1526 4710 1674 4756 texts.
1850 4703 1936 4756 the
1957 4702 2158 4768 printed
2178 4709 2327 4754 texts.
