3300 5617
820 813 905 880 68
1470 822 1731 873 'raom
1776 819 2239 874 wusmcfflm

486 1019 623 1073 AJ).
650 1017 838 1072 1297.‘
846 1014 1050 1071 ‘tium
1078 1014 1305 1079 facere;
1360 1011 1498 1083 quia
1530 1027 1637 1066 nec
1673 1009 1807 1082 ipsi,
1845 1025 1953 1065 nec
1997 1008 2453 1081 praedecessores
2488 1006 2602 1073 sui,
2641 1023 2746 1062 seu
2780 1020 2912 1078 pro·

822 1101 861 1127 “
900 1098 1212 1169 genitores,
1240 1112 1496 1167 unquam
1519 1093 1783 1150 fecerunt
1806 1094 2112 1148 servitium
2134 1093 2198 1148 in
2219 1098 2377 1148 terra
2399 1091 2519 1147 illa.
2607 1090 2687 1146 Et
2709 1107 2912 1161 quam·
2936 1079 3047 1133 MS·
3066 1079 3177 1131 ΒΜ

824 1187 862 1211 “
901 1183 991 1237 vis
1027 1182 1111 1237 ita
1157 1186 1329 1245 esset,
1373 1178 1528 1251 quod
1572 1178 1851 1233 deberent
1899 1177 1982 1233 ibi
2037 1177 2343 1233 servitium
2379 1176 2588 1241 facere,
2627 1180 2698 1230 ut
2729 1149 3140 1266 3111>ἰ;Β’8.3·18

826 1271 863 1295 ‘⁶
901 1271 1096 1322 tamen
1153 1282 1268 1320 non
1326 1262 1540 1318 habent
1597 1261 1935 1318 facultatem
1989 1260 2273 1317 faciendi·
2259 1283 2275 1328 3
2315 1261 2455 1333 quia
2501 1259 2676 1315 nimis
2712 1213 2999 1313 afflictiE‘

826 1354 863 1379 “
903 1360 1040 1407 sunt
1086 1365 1193 1421 per
1243 1347 1476 1403 diversa
1509 1346 1793 1417 talliagia‚
1836 1345 2069 1409 auxilia,
2118 1345 2327 1418 prisas,
2372 1344 2647 1400 videlicet
2681 1341 2755 1399 de
2790 1342 2908 1397 fru-

826 1439 863 1463 “
901 1433 1132 1496 mentis,
1171 1431 1389 1495 avenis,
1427 1430 1650 1494 braseO,
1702 1429 1872 1493 lanis,
1911 1430 2104 1493 coriis,
2144 1428 2347 1492 bobus,
2387 1428 2601 1492 vaccis,
2641 1426 2911 1483 carnibus

824 1522 861 1547 “
900 1517 1090 1579 salsis,
1131 1516 1254 1571 sine
1288 1514 1571 1570 solutione
1603 1512 1852 1584 alicujus
1889 1511 2112 1568 denarii
2147 1511 2219 1568 de
2256 1513 2469 1583 quibus
2504 1528 2568 1567 se
2596 1509 2914 1567 debuerant

822 1606 859 1629 ‘⁴
900 1605 1272 1656 sustentasse.
1343 1597 1592 1669 Propter
1625 1597 1736 1651 hoc
1771 1595 1989 1660 dicunt,
2019 1596 2174 1667 quod
2208 1596 2490 1652 auxilium
2523 1611 2639 1650 non
2670 1599 2915 1667 possunt

822 1688 859 1713 “
899 1684 1090 1739 facere
1139 1682 1157 1715 ¹
1179 1679 1465 1753 [propter]
1504 1685 1907 1776 paupertatem
1942 1680 2004 1734 in
2041 1698 2158 1751 qua
2192 1688 2346 1744 sunt,
2385 1685 2622 1751 propter
2672 1678 2917 1750 tallagio

823 1771 860 1795 “
900 1774 961 1822 et
992 1766 1183 1838 prisas
1231 1763 1586 1830 antedictam
1627 1763 1766 1834 quia
1800 1763 1898 1817 vix
1932 1763 2149 1819 habent
2182 1763 2337 1819 unde
2373 1781 2436 1818 se
2472 1768 2818 1825 sustentent,
2860 1768 2920 1817 et

823 1855 861 1881 “
899 1850 1072 1906 multi
1122 1855 1259 1905 sunt
1312 1848 1414 1920 qui
1472 1847 1696 1902 nullam
1750 1848 2230 1903 sustentationem
2280 1847 2512 1912 habent,
2567 1864 2675 1903 nec
2734 1852 2918 1902 terras

824 1939 861 1964 “
901 1952 1037 1991 suas
1073 1933 1264 1988 colere
1297 1936 1559 2002 possunt.
1670 1930 1917 2001 Propter
1964 1929 2091 1986 haec
2142 1935 2267 1986 tota
2316 1937 2491 1987 terroe
2538 1930 2920 1985 communitas

824 2023 862 2048 ‘⁶
902 2017 1081 2074 sentit
1114 2034 1177 2072 se
1213 2014 1382 2071 valde
1419 2021 1740 2086 gravam,
1770 2013 1910 2084 quia
1930 2030 2047 2068 non
2068 2019 2393 2071 tractantur
2416 2012 2736 2070 secundum
2760 2013 2921 2084 leges

825 2105 862 2131 ‘⁶
902 2107 964 2157 et
996 2098 1441 2157 consuetudines
1477 2104 1669 2162 terrae,
1710 2097 2028 2153 secundum
2065 2116 2211 2169 quas
2247 2099 2488 2154 wacta-ri
2529 2104 2921 2154 antecessores

825 2190 863 2214 ‘⁴
904 2186 996 2241 sui
1033 2184 1293 2241 solebant
1338 2183 1571 2246 habere,
1625 2181 1730 2237 sed
1780 2181 2107 2238 voluntarie
2157 2182 2559 2238 excluduntur.
2654 2182 2926 2237 Sentiunt

826 2275 863 2297 ‘⁴
902 2270 1079 2325 etiam
1114 2285 1177 2323 se
1212 2266 1385 2321 multi
1433 2271 1707 2336 gravatos
1758 2281 1934 2336 super
1986 2265 2114 2330 hoc,
2166 2266 2319 2338 quod
2373 2265 2635 2321 solebant
2684 2265 2921 2321 tractwi

826 2356 865 2381 “
904 2350 1222 2409 secundum
1258 2348 1534 2405 articulos
1558 2354 1857 2403 contentos
1893 2348 1957 2403 in
1990 2348 2209 2420 Magna
2232 2348 2466 2414 Charta,
2495 2349 2664 2421 cujus
2689 2348 2921 2405 articuli

827 2440 865 2463 ‘⁴
904 2451 1104 2490 omnes
1166 2440 1303 2488 sunt
1362 2431 1585 2496 omissi,
1647 2432 1712 2486 in
1768 2430 1962 2502 majus
2022 2431 2299 2488 damnum
2356 2432 2570 2505 populo
2628 2433 2919 2487 universo.

826 2524 862 2547 “
902 2518 1151 2589 Propter
1187 2514 1343 2587 quod
1377 2519 1589 2585 rogant
1634 2513 1933 2571 dominum
1983 2521 2249 2571 nostrum
2284 2515 2529 2587 Regem,
2576 2516 2732 2587 quod
2780 2515 2924 2571 velit

826 2607 863 2629 ‘⁶
902 2603 1018 2656 ista
1070 2600 1364 2670 corrigere
1400 2597 1476 2653 ad
1509 2598 1787 2653 honorem
1824 2616 1997 2654 suum
2045 2604 2106 2654 et
2156 2599 2357 2671 populi
2393 2600 2487 2654 sui
2523 2599 2917 2654 salvationem.

826 2690 863 2714 “
902 2686 1151 2755 Propter
1200 2683 1325 2738 haec
1379 2682 1763 2737 communitas
1815 2687 1988 2737 terroe
2042 2683 2220 2739 sentit
2272 2701 2336 2739 se
2388 2683 2564 2739 nimis
2615 2689 2923 2755 gravatam

828 2774 864 2796 ‘⁴
905 2768 976 2823 de
1012 2768 1221 2823 Assisa
1272 2766 1551 2830 Forestae‚
1599 2783 1730 2836 quse
1767 2784 1882 2821 non
1917 2771 2009 2822 est
2042 2766 2334 2824 custodita
2382 2767 2535 2824 sicut
2584 2768 2917 2833 consuevit;

825 2858 861 2881 “
901 2870 1008 2908 nec
1040 2851 1258 2908 Charta
1292 2850 1551 2905 Forestae
1587 2850 1962 2917 observatum
2003 2851 2107 2906 sed
2143 2851 2292 2907 flunt
2336 2852 2786 2908 attachiamenta
2819 2868 2924 2924 pro

826 2943 861 2963 ‘⁸
902 2936 1076 2992 libitu
1112 2941 1274 2991 extra
1307 2936 1571 2999 assisam,
1617 2933 1789 2989 aliter
1837 2952 2013 3005 quam
2049 2934 2177 2990 fleri
2213 2935 2533 2991 consuevit.
2609 2936 2919 3000 Praeterea,

831 3024 867 3047 “
909 3025 1035 3075 tcta
1084 3019 1472 3075 communitas
1528 3017 1709 3073 sentit
1743 3034 1806 3073 se
1843 3023 2149 3089 gravatam
2190 3018 2262 3073 de
2302 3019 2582 3089 vectigali
2636 3019 2919 3083 lanarum,

827 3108 863 3132 ‘⁶
905 3104 1062 3175 quod
1110 3104 1287 3158 nimis
1323 3107 1415 3157 est
1449 3118 1776 3165 onerosum,
1822 3100 2098 3158 videlicet
2131 3102 2203 3157 de
2242 3102 2505 3174 quolibet
2540 3120 2707 3159 sacco
2745 3102 2922 3174 quad-

826 3191 865 3215 “
903 3189 1140 3259 raginta
1174 3185 1409 3250 solidos,
1439 3190 1500 3240 et
1534 3184 1607 3239 de
1644 3184 1778 3239 lana
1827 3185 2015 3241 fracta
2049 3185 2121 3241 de
2164 3186 2431 3257 quolibet
2477 3203 2646 3242 sacco
2700 3193 2922 3259 septem

826 3275 865 3299 “
904 3289 1165 3336 marcas;
1204 3270 1340 3325 lana
1388 3270 1545 3325 enim
1579 3268 1814 3339 Angliae
1862 3268 2123 3324 ascendit
2172 3271 2297 3325 fere
2331 3270 2407 3326 ad
2440 3270 2699 3326 valorem
2746 3270 2924 3327 medi·

827 3360 865 3385 ·‘
904 3355 1077 3411 etatis
1112 3355 1292 3410 totius
1330 3359 1519 3418 terrm,
1565 3358 1626 3407 et
1664 3352 1920 3422 vectigal
1972 3353 2128 3424 quod
2172 3353 2309 3409 inde
2359 3355 2624 3420 solvitur,
2664 3354 2926 3411 ascendit

828 3442 864 3467 ‘⁸
904 3439 979 3493 ad
1015 3437 1275 3509 quintam
1309 3443 1537 3509 partem
1571 3435 1787 3490 valoris
1825 3436 2004 3491 totius
2041 3441 2231 3492 terrae.
2308 3435 2459 3507 Quia
2492 3455 2632 3495 vero
2668 3456 2921 3495 commu·

827 3525 865 3551 ‘⁶
903 3523 1057 3577 nitas
1094 3526 1256 3593 optat
1299 3521 1576 3575 honorem
1629 3525 1693 3574 et
1745 3519 1993 3575 salutem
2043 3518 2275 3576 domino
2323 3527 2522 3577 nostro
2559 3521 2733 3593 Regi,
2774 3522 2924 3578 sicut

827 3610 865 3636 ‘⁴
903 3609 1135 3662 tenetur
1186 3604 1357 3667 velle,
1411 3619 1530 3657 non
1579 3601 1814 3657 videtur
1864 3603 1968 3667 eis,
2013 3602 2167 3675 quod
2215 3604 2294 3660 sit
2341 3604 2417 3660 ad
2465 3605 2681 3660 bonum
2716 3605 2918 3677 Regis,

827 3695 865 3719 “
906 3689 1060 3761 quod
1109 3692 1367 3744 transeat
1399 3687 1462 3741 in
1498 3686 1853 3751 flandriam,
1903 3687 2020 3743 nisi
2066 3687 2201 3759 plus
2237 3694 2394 3745 esset
2445 3695 2816 3745 assecuratus
2851 3688 2920 3745 de

827 3779 864 3804 “
904 3770 1377 3835 Flandrensibus,
1416 3787 1522 3842 pro
1558 3787 1621 3824 se
1658 3774 1719 3825 et
1751 3787 1860 3841 pro
1909 3776 2082 3841 gente
2120 3789 2262 3837 sua;
2302 3776 2364 3827 et
2397 3771 2573 3827 simul
2612 3790 2751 3828 cum
2790 3773 2915 3837 hoc,

826 3862 864 3888 ‘⁸
902 3863 1139 3930 propter
1190 3860 1409 3910 terram
1448 3852 1677 3916 Scotiae,
1724 3871 1854 3924 quoe
1890 3853 2175 3909 rebellare
2210 3854 2433 3927 incipit,
2472 3855 2602 3926 ipso
2637 3856 2916 3912 existente

827 3945 866 3970 “
903 3942 967 3996 in
1017 3944 1210 4003 terra;
1264 3942 1326 3992 et
1373 3936 1681 4000 aestimant,
1728 3935 1883 4008 quod
1930 3937 2100 4009 pejus
2155 3936 2387 4003 facient,
2429 3955 2565 3993 cum
2614 3939 2913 3995 certificati

826 4030 864 4054 “
904 4024 1139 4086 fuerint,
1197 4020 1353 4092 quod
1385 4019 1511 4075 Rex
1556 4037 1716 4075 mare
1763 4020 2078 4076 111-1111313ιί11.
2186 4021 2315 4077 Nec
2364 4022 2553 4078 solum
2605 4041 2714 4096 pro
2763 4029 2915 4079 terra

827 4114 864 4137 “
907 4108 1136 4172 Scotiae‚
1200 4104 1305 4161 sed
1356 4104 1533 4159 etiam
1582 4120 1690 4175 pro
1742 4104 1916 4160 terris
1967 4104 2119 4171 aliis,
2180 4123 2311 4177 quae
2362 4124 2477 4162 non
2530 4114 2671 4163 sunt
2727 4107 2912 4164 adhuc

828 4197 863 4221 ‘⁴
903 4192 1073 4247 modo
1109 4189 1305 4245 debito
1341 4187 1734 4243 stabilitataefl

494 4278 713 4330 Answer
731 4281 792 4331 of
893 4276 1019 4332 Has
1053 4275 1361 4348 petitiones
1397 4289 1530 4327 cum
1565 4271 1692 4325 Rex
1727 4271 1882 4343 apud
1916 4270 2183 4337 Odemer‚
2216 4273 2387 4344 juxta
2407 4274 2907 4348 Wynchelseyam,

494 4345 711 4397 mm
823 4360 1154 4431 recepisset,
1202 4355 1503 4452 respondit
1552 4372 1616 4410 se
1669 4355 1883 4411 talibus
1931 4373 2047 4410 non
2097 4373 2266 4427 posse
2316 4358 2440 4413 sine
2500 4375 2607 4414 suo
2656 4359 2911 4438 Consilio

490 4410 700 4466 m·
824 4440 1204 4514 respondere;
1244 4440 1411 4513 cujus
1462 4456 1596 4511 pars
1632 4439 1831 4510 aliqua
1875 4439 2000 4510 jam
2032 4440 2244 4496 transit
2277 4440 2339 4495 in
2374 4441 2728 4509 Flandriam,
2777 4461 2908 4515 pars

1159 4760 1174 4790 ¹
1192 4756 1417 4810 omitted
1448 4757 1504 4809 in
1522 4757 1647 4823 orig.
1669 4776 1684 4820 ς
1715 4756 1759 4807 it
1780 4770 1988 4822 appears
2011 4757 2066 4808 in
2088 4757 2176 4810 the
2196 4758 2394 4823 printed
2416 4765 2565 4812 texts.
