3300 5617
1034 807 1363 862 HISTORIA
1408 805 1503 860 AN
1504 808 1760 861 GLICAN
1761 809 1820 859 A.
2344 799 2424 861 21
2435 800 2468 860 l

67 1005 151 1056 218.
172 1004 327 1057 Harl.
385 999 427 1024 ‘⁸
462 1002 626 1053 tuam
676 995 1089 1068 requirendam
1137 1001 1278 1053 tunc
1326 997 1599 1053 duximus
1659 1013 1765 1070 per
1822 995 2056 1053 easdem
2114 994 2361 1060 litteras,
2418 995 2481 1048 et
2503 1001 2807 1055 A.D.1339.

68 1079 150 1122 '⁵⁵‘
174 1139 187 1150 .
386 1085 425 1109 “
463 1082 800 1153 rogandam,
839 1089 908 1138 ut
960 1082 1277 1154 prudenter
1312 1082 1638 1149 advertens,
1686 1089 1746 1138 et
1795 1083 1856 1137 in
1907 1081 2187 1138 scrinium
2235 1081 2478 1134 internae

67 1140 317 1257 {ffmgb‘
386 1168 426 1193 “
464 1166 942 1222 considerationis
978 1166 1288 1232 adducens,
1329 1167 1680 1237 gravitatem
1714 1183 2018 1239 poenarum
2053 1167 2117 1221 in
2153 1179 2297 1236 quas
2335 1163 2479 1219 inci.

67 1275 253 1339 Hymen
385 1253 424 1278 ‘⁴
464 1251 685 1316 derent,
731 1258 792 1306 et
840 1252 1258 1308 sententiarum
1311 1269 1456 1322 quas
1506 1253 1888 1316 incurrerent,
1930 1252 2278 1323 quantisque
2328 1247 2481 1320 peri-

383 1338 423 1362 “
461 1335 612 1390 culis
648 1341 710 1389 et
744 1334 1181 1390 discriminibus
1219 1334 1712 1406 ¹implicarentur,
1754 1337 1855 1406 qui
1892 1336 2135 1407 praefato
2159 1333 2476 1398 LudovicO,

382 1422 421 1447 “
462 1421 548 1475 sic
632 1420 859 1474 notorie
943 1425 1004 1475 et
1078 1419 1311 1490 publice
1383 1420 1456 1474 de
1526 1419 1849 1491 ”pravitate
1921 1420 2164 1475 haeresis
2249 1423 2312 1474 et
2395 1418 2480 1473 sic

381 1507 422 1531 “
463 1504 650 1559 odiosi
698 1503 807 1559 toti
857 1503 1289 1560 Christianitati
1338 1503 1672 1559 schismatis
1721 1505 2116 1569 condemnat0‚
2169 1509 2483 1574 antequam

382 1591 422 1616 “
459 1588 948 1644 reconciliationis
1003 1589 1257 1660 gratiam
1293 1587 1556 1660 ejusdem
1601 1588 1884 1644 Ecclesiae
1932 1575 2287 1654 meruisset,'
2303 1588 2484 1660 parti·

382 1675 423 1699 “
461 1672 655 1748 cipare
677 1677 1116 1743 praesumerent,
1145 1672 1374 1742 sibique
1400 1672 1803 1744 impenderent
1825 1673 2125 1739 auxilium,
2153 1673 2479 1736 consilium,

381 1759 421 1782 “
460 1763 524 1812 et
555 1756 833 1822 favorem,
861 1756 958 1813 vel
996 1756 1129 1822 sibi,
1166 1763 1446 1827 tanquam
1482 1756 1834 1829 Imperatori
1869 1757 1966 1812 vel
2000 1757 2156 1829 Regi
2197 1756 2484 1811 Romano-

382 1843 421 1866 “
460 1857 612 1905 rum,
668 1840 1011 1896 reverentiae
1061 1839 1304 1906 cultum,
1345 1857 1449 1896 seu
1496 1841 1737 1896 titulum
1771 1841 1992 1912 regalis
2029 1839 2126 1897 vel
2161 1840 2486 1912 imperialis

381 1925 423 1949 “
460 1923 712 1980 nominis
773 1924 1146 1996 assignarent
1204 1924 1476 1990 scienter,
1527 1941 1596 1980 ac
1657 1925 1975 1996 cujuslibet
2019 1924 2485 1997 participationis

383 2008 424 2032 “
463 2007 686 2062 foedere
722 2009 1118 2064 contrahendo
1154 2025 1289 2063 cum
1344 2009 1493 2080 ipse,
1534 2013 1596 2063 et
1630 2008 1987 2064 exhibitione
2041 2009 2389 2066 reverentiae
2425 2013 2487 2063 et

392 2092 432 2116 “
468 2089 707 2147 honoris
744 2092 878 2158 sibi,
906 2098 1185 2162 tanquam
1223 2092 1378 2163 Regi
1414 2092 1512 2147 vel
1547 2092 1920 2165 Imperatori,
1949 2111 2254 2165 quousque
2292 2092 2484 2148 dictus

384 2177 423 2201 “
462 2175 799 2231 Ludovicus
841 2175 1337 2231 reconciliationis
1374 2176 1641 2247 ejusdem
1679 2177 1962 2233 Ecclesiae
2000 2177 2315 2233 meruisset
2350 2194 2485 2247 gra-

383 2262 423 2285 “
462 2260 608 2314 tiam
659 2258 942 2325 obtinere,
1005 2261 1239 2331 penitus
1291 2266 1352 2315 te
1404 2261 1706 2316 retrahere
1760 2266 1822 2317 et
1869 2261 2131 2316 totaliter
2195 2261 2486 2315 abstinere

383 2346 421 2369 “
461 2359 717 2408 curares,
775 2350 845 2398 ut
911 2343 1022 2398 tibi
1087 2344 1258 2400 famoe
1326 2344 1642 2415 integritas
1696 2351 1758 2400 et
1814 2344 2043 2400 illibata
2100 2345 2189 2400 tui
2250 2344 2485 2418 generis

383 2429 421 2454 “
460 2427 697 2482 claritas
775 2432 1171 2484 servarentur.
1287 2427 1438 2483 Cum
1503 2434 1701 2484 autem
1754 2447 1958 2484 rumor
2016 2428 2366 2501 implacidus
2428 2432 2489 2482 et

381 2513 418 2538 “
459 2510 778 2566 admodum
836 2512 1090 2567 infestus
1162 2511 1239 2567 ad
1287 2530 1396 2567 nos
1460 2513 1805 2584 perduxerit
1861 2514 1979 2568 hiis
2047 2513 2275 2577 diebus,
2332 2511 2487 2583 quod

384 2597 422 2621 “
460 2600 548 2659 tu,
599 2594 706 2660 fili,
757 2596 1247 2666 requisitionibus
1296 2601 1358 2651 et
1404 2596 1809 2666 rogationibus
1856 2596 2074 2652 nostris
2125 2596 2484 2666 hujusmodi,

384 2682 423 2705 “
462 2678 671 2751 utique
721 2679 1078 2735 salutaribus
1130 2683 1191 2735 et
1237 2679 1309 2734 de
1359 2680 1519 2735 fonte
1565 2681 1988 2752 prodeuntibus
2036 2679 2318 2744 caritatis,
2374 2697 2490 2734 non

385 2764 423 2789 “
463 2762 591 2818 sine
626 2763 980 2820 detrimento
1027 2770 1146 2819 tuae
1196 2762 1404 2819 salutis
1443 2771 1504 2819 et
1547 2765 1739 2828 famae,
1782 2764 1938 2836 quod
1985 2764 2246 2819 dolentes
2282 2764 2485 2818 referi-

385 2849 425 2873 “
465 2865 617 2912 mus,
668 2846 981 2912 obauditis,
1018 2865 1135 2902 non
1171 2846 1363 2903 solum
1399 2864 1533 2903 cum
1570 2847 1848 2920 praedicto
1872 2843 2190 2914 Ludovico,
2229 2847 2488 2902 nondum

385 2933 424 2957 ‘⁸
464 2930 657 2985 eidem
715 2930 1093 2987 reconciliato
1164 2931 1467 2998 Ecclesiae,
1528 2949 1637 2988 nec
1697 2950 1734 2987 a
1791 2933 1980 3004 poenis
2040 2937 2103 2987 et
2161 2932 2485 2996 sententiis,

384 3018 424 3043 ‘⁶
461 3015 693 3084 quibus,
728 3021 969 3086 propter
998 3015 1305 3086 praemissa
1338 3021 1401 3071 et
1434 3016 1552 3071 alia
1573 3017 1763 3071 multa
1785 3016 1990 3087 gravia
2018 3016 2348 3080 commissa,
2382 3033 2489 3087 per

388 3101 426 3125 ‘⁸
464 3099 661 3170 ipsum
720 3098 1213 3169 praedecessorem
1281 3105 1547 3154 nostrum
1619 3099 1955 3171 implicatus
2015 3117 2144 3155 esse
2204 3098 2486 3164 noscitur,

388 3184 427 3208 “
465 3182 747 3248 liberat03
786 3200 894 3238 nec
927 3182 1105 3238 etiam
1138 3182 1544 3254 ³processibus
1582 3183 1846 3254 saepefati
1879 3183 2346 3255 praedecessoris,
2384 3201 2492 3255 per

393 3268 431 3292 “
472 3283 638 3337 quos,
677 3273 748 3321 ut
781 3266 1182 3338 praemittitur,
1228 3256 1511 3323 adversus
1548 3284 1748 3322 omnes
1785 3273 1846 3323 et
1881 3268 2146 3339 singulos
2183 3267 2492 3339 cujuscun-

390 3352 428 3377 “
470 3367 585 3421 que
620 3351 1096 3422 praeeminentiae,
1136 3351 1462 3422 dignitatis,
1500 3350 1868 3417 conditionis,
1895 3351 1993 3407 vel
2023 3358 2231 3417 status,
2260 3350 2492 3407 etiamsi

389 3437 427 3461 “
468 3434 806 3506 pontificali,
880 3436 1092 3506 regali,
1154 3435 1253 3492 vel
1314 3452 1666 3507 quacunque
1732 3435 1851 3490 alia
1921 3436 2320 3492 ecclesiastica
2387 3453 2491 3490 seu

390 3522 427 3546 “
468 3520 761 3575 mundana
801 3518 1090 3590 dignitate
1142 3519 1464 3592 fulgerent,
1507 3520 1752 3591 praefato
1794 3520 2092 3577 Ludovico
2128 3521 2492 3576 adhoerentes

390 3606 429 3630 ‘⁴
469 3621 577 3659 seu
629 3609 971 3675 praestantes
1025 3603 1247 3660 directe
1298 3605 1397 3661 vel
1448 3604 1754 3669 indirecte,
1811 3604 2045 3676 publice
2094 3606 2192 3661 vel
2246 3605 2490 3670 occulte,

391 3690 430 3715 “
470 3688 799 3753 consilium,
838 3687 1141 3754 auxilium,
1176 3688 1274 3744 vel
1309 3689 1588 3754 favorem,
1627 3688 1727 3744 vel
1763 3688 1894 3752 sibi,
1921 3693 2200 3759 tanquam
2235 3689 2495 3761 Impera-

393 3775 432 3799 “
471 3772 588 3827 tori
647 3780 751 3827 aut
814 3772 971 3843 Regi
1040 3772 1455 3838 Romanorum,
1519 3772 1912 3827 reverentiam
1971 3773 2325 3838 exhibentes,
2389 3790 2494 3828 seu

392 3857 431 3882 ‘⁶
471 3855 713 3911 titulum
747 3856 969 3927 regalis
997 3854 1095 3912 vel
1130 3856 1451 3927 imperialis
1486 3855 1739 3911 nominis
1775 3855 2141 3928 assignantes
2179 3873 2282 3912 seu
2315 3857 2495 3911 ascri-

393 3941 431 3966 “
471 3938 695 4004 bentes,
746 3957 960 4010 graves
998 3939 1337 4012 spirituales
1374 3955 1442 3994 ac
1477 3940 1828 4012 temporales
1865 3958 2052 4012 poenae
2088 3955 2156 3996 ac
2194 3940 2494 3995 sententies

394 4027 432 4050 “
471 4023 841 4095 infliguntur,
904 4041 1274 4096 nequaquam
1344 4024 1638 4089 relaxatis,
1701 4025 1881 4079 immo
1942 4025 2034 4080 sui
2094 4025 2318 4080 roboris
2379 4024 2496 4078 effi-

395 4111 435 4134 “
474 4109 637 4163 cacia
686 4108 1164 4181 perdurantibus,
1218 4109 1715 4181 participationes,
1773 4109 2293 4165 confoederationes
2343 4107 2494 4162 inire

397 4195 434 4218 “
476 4191 707 4264 sibique
744 4192 1064 4259 adhaerere,
1104 4211 1171 4249 ac
1207 4199 1487 4265 preestare
1538 4191 1817 4258 savorem,
1872 4193 2174 4257 auxilium,
2216 4199 2275 4248 et
2310 4192 2496 4247 consi-

399 4277 437 4302 “
476 4276 644 4342 lium,
679 4278 1143 4349 praesumpsisti3
1181 4277 1382 4342 imme,
1417 4276 1573 4348 quod
1596 4277 2001 4349 perniciosiuS,
2029 4278 2174 4349 proh
2201 4276 2398 4330 dolor!
2437 4281 2499 4330 et

397 4361 437 4386 ‘⁸
477 4358 868 4417 damnabilius
922 4363 1182 4417 noscitur
1230 4362 1498 4427 existere,
1540 4361 1591 4416 si
1628 4361 1846 4418 veritas
1895 4362 2178 4416 relatibus
2217 4360 2498 4430 suffrage-

466 4666 481 4695 ¹
507 4664 827 4733 implicarent,
851 4663 998 4717 Harl.
1015 4671 1129 4718 655.
1562 4667 1581 4697 ⁸
1596 4681 1868 4731 processus,
1891 4665 2037 4719 Harl.
2056 4670 2166 4719 655.

464 4745 487 4775 ²
498 4746 850 4811 pravitatibus,
873 4746 1021 4797 Harl.
1045 4751 1158 4797 65⁵.

2105 4841 2237 4903 02
