3300 5617
821 781 955 857 442
1487 796 1751 857 ‘raonis
1794 795 2258 863 wammam!

489 970 982 1045 A.D.1380.quod
1052 971 1273 1035 factum
1334 969 1578 1035 Gallicis
1636 989 1774 1029 mox
1830 988 2106 1046 pavorem
2162 970 2431 1038 incussit,
2483 970 2629 1029 adeo
2690 968 2939 1043 quidem
2960 974 3081 1031 us.
3098 975 3191 1025 Ba.

826 1054 1117 1126 grandem
1164 1062 1233 1112 ut
1285 1056 1539 1129 amplius
1590 1055 1809 1113 dictam
1860 1057 2132 1113 fossatam
2186 1056 2390 1128 egredi
2443 1074 2559 1113 non
2619 1053 2934 1111 auderent.
2961 1044 3092 1107 1³¹²&
3116 1049 3157 1093 13

823 1138 997 1197 Cives
1034 1145 1232 1197 autem
1258 1142 1423 1197 urbis
1447 1141 1520 1196 de
1544 1142 1731 1214 Troys
1762 1146 1959 1199 tantus
1987 1148 2178 1197 metus
2206 1141 2441 1207 invasit,
2477 1148 2546 1197 ut
2580 1140 2711 1196 sine
2744 1156 2934 1202 mora,
2960 1111 3026 1159 Ε·
3048 1126 3113 1159 ¹²

820 1223 1081 1279 collectis
1140 1225 1471 1297 quibusque
1518 1225 1591 1281 de
1650 1226 1828 1283 rebus
1884 1226 2345 1299 pretiosissimis,
2403 1225 2479 1283 ad
2528 1236 2729 1297 partes
2782 1223 2935 1279 alias

818 1308 1018 1380 pavidi
1041 1310 1560 1382 transmigrarent:
1602 1310 1918 1369 credebant
1937 1328 2190 1381 namque
2226 1318 2456 1367 nostros
2485 1314 2729 1381 repente
2756 1305 2935 1363 irrui·

818 1398 983 1451 turos
1023 1411 1200 1466 super
1246 1412 1345 1450 eos
1381 1399 1443 1451 et
1476 1411 1703 1475 eorum¹
1728 1394 1954 1460 urbem,
1995 1413 2171 1466 quam
2219 1396 2498 1454 rebantur
2541 1393 2708 1450 nullo
2756 1389 2934 1447 modo

821 1476 1102 1534 custodiri
1137 1496 1307 1550 posse
1343 1484 1545 1535 contra
1578 1496 1697 1534 eos.

483 1566 595 1617 The
618 1567 756 1634 Eng-
893 1561 1202 1619 Nostrates
1238 1580 1398 1627 vero,
1436 1568 1572 1635 post
1618 1561 1968 1636 praedictum
2017 1568 2310 1619 certamen
2344 1581 2451 1637 per
2487 1563 2717 1635 aliquot
2752 1561 2930 1616 horas

489 1633 585 1682 lish
610 1650 754 1685 move
824 1651 1191 1717 expectantes
1227 1646 1290 1703 in
1324 1647 1471 1712 1000,
1515 1664 1650 1702 cum
1699 1646 1928 1705 nullum
1964 1663 1998 1701 e
2035 1646 2279 1703 Gallicis
2314 1647 2563 1703 ulterius
2600 1665 2701 1703 eos
2749 1646 2932 1700 inses-

484 1702 784 1817 ‘ffle‘ss'warQ
823 1734 947 1784 tare
983 1730 1080 1785 vel
1116 1731 1400 1802 impetere
1435 1731 1589 1787 velle
1642 1731 2062 1803 percepissent,
2115 1731 2241 1787 sine
2275 1749 2490 1805 magno
2526 1732 2740 1787 damno
2787 1748 2929 1786 cum

604 1783 750 1833 ΨΦ
818 1814 1080 1871 victoriae
1117 1814 1310 1887 gloria
1342 1821 1730 1880 recesserunt,
1758 1815 1981 1873 diutius
2016 1815 2237 1871 ibidem
2272 1816 2571 1872 immorari
2609 1821 2923 1879 caventes3

818 1898 998 1955 immo
1041 1916 1218 1970 quam
1265 1900 1535 1965 maxime,
1579 1899 1722 1971 quia
1760 1900 2100 1959 nesciebant
2137 1900 2389 1972 qualiter
2436 1917 2533 1956 res
2580 1918 2718 1955 cum
2754 1899 2925 1955 Duce

817 1982 1158 2049 Britanniae,
1211 1983 1272 2038 in
1319 1983 1491 2055 cujus
1547 1983 1908 2056 adjutorium
1954 1984 2124 2040 missi
2189 1985 2436 2049 fuerant,
2490 2001 2554 2041 se
2602 1984 2920 2047 haberent;

819 2084 1154 2138 quanquam
1177 2067 1462 2133 fortassis,
1491 2068 1543 2123 si
1581 2067 1597 2100 ¹
1618 2074 1755 2139 post
1776 2067 2125 2141 praedictum
2149 2068 2485 2125 conflictum
2521 2068 2616 2123 vel
2660 2068 2922 2122 Francos

815 2150 1098 2222 impetere
1161 2152 1259 2207 vel
1318 2152 1534 2211 dictam
1587 2152 1795 2208 urbem
1847 2151 2122 2207 invadere
2172 2152 2586 2217 decrevissent,
2638 2169 2923 2222 magnum

818 2234 1040 2291 eisdem
1101 2235 1469 2291 commodum
1505 2236 1863 2292 excrevisset
1896 2235 2004 2293 tali
2043 2236 2215 2295 sacto.
2293 2235 2413 2291 Sed
2437 2253 2600 2291 amor
2624 2235 2833 2299 Ducis,
2862 2242 2923 2290 et

815 2324 836 2353 ²
854 2317 1141 2375 invictum
1164 2320 1503 2379 mandatum
1530 2319 1686 2390 quod
1735 2324 2080 2391 acceperant
2128 2319 2203 2375 ad
2240 2318 2635 2374 festinandum
2672 2318 2750 2373 ad
2790 2337 2920 2374 suc-

818 2420 1056 2459 cursum
1096 2421 1287 2467 suum,
1332 2421 1431 2459 eos
1466 2421 1502 2459 a
1523 2403 1630 2459 tali
1667 2404 1965 2477 proposito
2007 2409 2382 2469 averterunt3
2424 2403 2527 2474 qui
2562 2408 2763 2457 tamen
2796 2410 2921 2458 tam

815 2486 1143 2557 periculosa
1204 2487 1416 2543 itinera
1473 2506 1841 2560 peragrasse,
1893 2494 2013 2544 tam
2063 2488 2353 2544 confertos
2404 2487 2603 2543 hostes
2663 2496 2727 2542 et
2790 2486 2921 2543 loca

813 2571 1054 2627 hostilia
1097 2577 1453 2642 penetrasse,
1505 2578 1701 2629 tantos
1748 2573 1979 2629 labores
2020 2591 2136 2628 non
2183 2588 2618 2630 consummasse
2667 2570 2774 2627 sed
2829 2571 2917 2625 in·

813 2656 1073 2720 choasse‚
1113 2655 1178 2717 in
1213 2656 1468 2713 adventu
1507 2662 1569 2715 et
1604 2656 2100 2729 approximatione
2135 2657 2456 2713 Britanniae
2494 2662 2914 2726 cognoverunt.

476 2741 754 2806 Equivoeal
886 2739 1201 2797 Enimvero
1241 2739 1394 2805 Dux,
1440 2740 1610 2811 cujus
1659 2741 1873 2799 amoris
1910 2740 2130 2798 intuitu
2168 2741 2296 2797 haec
2343 2740 2538 2797 omnia
2558 2739 2914 2803 'tentarer-e,

482 2811 703 2861 0⁰¹1d¹¹0¹2
815 2824 912 2879 vel
942 2823 1217 2885 inductus
1252 2830 1415 2880 metu
1442 2824 1539 2881 vel
1575 2824 1822 2885 allectus
1857 2825 2143 2889 mercede,
2182 2825 2247 2879 in
2280 2830 2509 2896 partem
2543 2830 2919 2879 consenserat

817 2908 1124 2964 adversam
1165 2925 1272 2979 per
1319 2913 1472 2973 ante,
1518 2914 1586 2963 ut
1627 2908 1833 2965 multis
1872 2912 2166 2965 constaret
2212 2908 2459 2964 sanioris
2508 2908 2736 2980 capitis,
2778 2925 2914 2962 cum

476 3009 744 3075 Bretagne.
815 2992 1008 3063 magis
1042 2991 1253 3049 timore
1291 3009 1467 3063 quam
1507 3010 1704 3048 amore
1750 2992 2022 3063 Anglicis
2072 2991 2335 3049 ‘videtur
2392 2990 2727 3063 impendere
2778 3008 2913 3062 gm-

815 3077 958 3132 tiam
980 3076 1079 3131 vel
1105 3077 1394 3142 savorem3
1432 3077 1483 3131 si
1508 3082 1706 3133 tamen
1734 3080 1772 3103 “
1789 3077 2017 3149 gratia'’
2046 3077 2171 3132 sive
2199 3076 2457 3135 “favor’'
2486 3080 2624 3132 sunt
2646 3075 2912 3139 dicenda,

812 3178 944 3231 quae
980 3160 1075 3217 vel
1111 3160 1184 3216 ab
1220 3160 1406 3217 invito
1440 3161 1535 3217 vel
1572 3166 1771 3219 coacto
1807 3162 2014 3234 quovis
2048 3166 2220 3233 pacto
2260 3167 2695 3231 extorquentur.
2772 3160 2809 3215 J
2813 3179 2909 3215 am

809 3262 962 3300 nunc
1009 3244 1103 3300 vel
1152 3262 1283 3301 sero
1331 3245 1541 3301 saltem
1586 3263 1937 3317 cognoscere
1986 3252 2231 3318 possunt
2264 3245 2506 3317 Anglici
2560 3262 2727 3300 suam
2774 3262 2909 3315 pro·

807 3334 1031 3385 tervam
1068 3335 1130 3385 et
1163 3328 1657 3402 indisciplinatam
1691 3329 2163 3401 imprudentiam,
2191 3336 2253 3387 et
2286 3330 2599 3387 stultitiam
2640 3328 2910 3385 infraena·

807 3412 1006 3478 bilem,
1058 3414 1179 3486 qui,
1244 3414 1435 3469 ‘omni
1499 3414 1801 3471 credentes
1865 3414 2119 3485 spiritui,
2187 3431 2443 3478 sensum,
2506 3414 2666 3471 vires
2749 3431 2908 3477 suas,

811 3502 990 3568 atque
1044 3498 1448 3563 substantiam,
1494 3498 1558 3553 in
1617 3516 1846 3555 omnem
1904 3504 2145 3561 ventum
2183 3497 2611 3570 dispergentes,
2651 3503 2711 3553 et
2745 3497 2915 3552 velut

809 3587 1135 3639 metuentes
1208 3600 1283 3639 ne
1355 3590 1516 3639 terra
1570 3600 1679 3641 sua
1730 3582 2085 3640 habitatores
2156 3582 2285 3654 ejus
2349 3582 2610 3646 devoret,
2672 3580 2910 3636 eosdem

807 3666 1101 3730 emittunt,
1150 3667 1252 3737 qui
1295 3666 1573 3731 defensio,
1611 3667 1917 3739 protecti0,
1964 3673 2025 3723 et
2052 3667 2333 3737 juvamen
2371 3683 2503 3725 esse
2550 3670 2806 3737 possent,
2846 3664 2911 3720 in

804 3750 953 3806 mari
988 3750 1085 3807 vel
1119 3751 1451 3823 peregrinis
1489 3751 1830 3822 regionibus
1883 3751 2323 3809 consumendos.
2420 3751 2504 3806 Et
2538 3750 2680 3805 dum
2711 3749 2911 3819 magis

802 3840 1011 3893 cavent
1062 3834 1270 3891 alienis
1317 3834 1616 3906 periculis,
1668 3835 1782 3906 ipsi
1824 3834 2118 3907 jacturam
2174 3834 2696 3906 irrecuperabilem
2759 3834 2911 3905 pati-

803 3923 1000 3983 untur,
1051 3924 1113 3977 et
1161 3918 1440 3989 periculis
1495 3935 1558 3975 se
1612 3925 1923 3990 exponunt,
1973 3918 2233 3991 ipsorum
2268 3936 2435 3977 more
2477 3918 2602 3990 qui,
2652 3918 2907 3975 vitantes

809 4001 1123 4072 Scyllaeam
1157 4002 1521 4073 voraginem,
1561 4001 1624 4061 in
1648 4002 2009 4075 Charybdim
2046 4002 2401 4075 impingunt.

800 4148 872 4157 u·—

867 4238 879 4266 ¹
899 4245 1062 4301 potest
1092 4238 1381 4302 conflictura,
1404 4237 1460 4286 in
1490 4236 1615 4302 orig.
1639 4258 1654 4295 ;
1690 4252 1798 4287 cor·
1902 4244 2073 4296 texts3
2108 4237 2362 4287 cometed
2384 4235 2517 4286 stom
2534 4236 2671 4288 Bibl.
2694 4237 2823 4303 Reg.
2845 4243 2907 4287 13

798 4318 968 4365 rected
990 4316 1121 4366 from
1143 4316 1279 4367 Bibl.
1303 4316 1428 4380 Reg.
1453 4315 1585 4367 13E.
1606 4315 1680 4367 ix.
1696 4319 1798 4368 and
1898 4316 1959 4366 E.
1980 4316 2056 4367 ix.

798 4393 884 4442 the
907 4394 1103 4456 printed
1123 4402 1274 4444 texts.
1962 4396 1982 4426 ⁴
1998 4394 2219 4444 videntia·
2240 4394 2294 4443 in
2317 4396 2447 4460 orig.
2466 4397 2573 4446 and
2595 4396 2685 4446 the
2706 4396 2913 4460 printed

862 4473 883 4501 ²
907 4471 992 4521 Sic
1015 4473 1070 4522 in
1107 4474 1232 4539 orig.
1269 4475 1370 4524 and
1404 4473 1540 4524 Bibl.
1575 4474 1704 4540 Reg.
1734 4479 1793 4524 13
1895 4481 2029 4525 texts
2054 4495 2068 4533 ;
2124 4475 2380 4525 corrected
2413 4474 2551 4524 stom
2595 4475 2732 4525 Bibl.
2781 4476 2910 4541 Reg.

796 4550 856 4599 Ε.
880 4549 953 4601 ix.
980 4552 1222 4619 3perhaps
1244 4569 1310 4603 an
1334 4568 1472 4604 error
1494 4554 1574 4604 for
1596 4557 1627 4581 “
1649 4555 1791 4603 stric-
1898 4559 1959 4605 13
1980 4555 2040 4603 Ε.
2064 4553 2137 4603 ix.
2257 4568 2264 4577 ·

794 4634 825 4655 ‘⁶
851 4629 997 4677 tus-13·
1956 4640 1977 4667 ³
2001 4639 2204 4686 omniunt
2224 4637 2279 4687 in
2303 4639 2388 4688 the
2410 4639 2616 4703 printed
2638 4646 2792 4690 texts.

862 4710 881 4737 ⁸
904 4711 1198 4774 temptat-ein
1211 4712 1339 4778 orig.
1361 4715 1464 4766 and
1485 4714 1572 4765 the
1591 4714 1791 4780 printed
