3300 5617
761 752 893 816 218
1432 766 1697 818 monus
1739 764 2211 820 wammam

425 936 564 990 AU-
587 945 775 994 1339.‹
783 959 899 1013 ‘et
934 957 1115 1014 variis
1150 958 1357 1024 modis,
1408 962 1480 1014 ut
1531 960 1740 1023 fertur,
1794 959 1949 1030 regii
1986 958 2208 1014 subditi
2247 974 2364 1014 non
2397 956 2694 1014 modicum
2727 961 2867 1012 sunt
2889 952 3007 1005 MS
3023 954 3156 1005 End-

759 1043 799 1068 “
839 1041 1105 1098 exhausti
1154 1042 1419 1115 pecuniis
1456 1050 1518 1098 et
1551 1043 1685 1098 aliis
1720 1043 1889 1098 bonis
1927 1043 2233 1110 suis31et
2267 1043 2445 1097 etiam
2482 1043 2535 1096 si
2571 1042 2865 1097 continua-
2891 1027 3043 1136 {31⁵5n

758 1129 796 1152 ‘⁶
836 1127 993 1181 tione
1065 1126 1273 1182 talium
1332 1143 1593 1192 onerum,
1660 1126 1816 1198 quod
1876 1127 2047 1190 absit,
2112 1127 2365 1198 amplius
2434 1132 2859 1196 gravarentur3
2843 1155 3019 1205 ,New
3079 1106 3156 1154 3

760 1212 797 1236 ‘⁶
838 1209 1109 1281 quodque
1155 1210 1446 1265 bellorum
1495 1216 1741 1266 eventus
1778 1215 1869 1266 est
1904 1210 2139 1274 dubius,
2180 1215 2242 1265 et
2286 1209 2559 1274 multum,
2609 1209 2713 1263 ubi
2749 1208 2860 1263 Dei
2887 1221 3093 1287 Byma-

760 1297 796 1320 ‘⁶
835 1294 1079 1349 timetur
1125 1295 1473 1365 indignatio,
1525 1294 1947 1350 formidandus.
2025 1293 2286 1365 Ideoque
2321 1294 2550 1364 regiam
2595 1292 2859 1362 magnifi-

759 1379 797 1403 “
837 1379 1086 1434 centiam
1127 1396 1405 1448 rogamus
1455 1378 1517 1434 in
1564 1378 1817 1434 Domino
1853 1378 2155 1442 attentius,
2195 1384 2257 1433 et
2290 1377 2614 1441 hortamur,
2653 1376 2860 1430 nihilo-

759 1465 795 1488 “
836 1461 1029 1517 minus
1061 1479 1168 1533 per
1192 1462 1305 1517 Dei
1337 1461 1803 1518 misericordiam
1830 1462 2220 1526 obsecrantes,
2250 1467 2536 1532 quatenus
2561 1459 2861 1531 praemissa

758 1548 795 1572 ‘⁴
836 1553 897 1601 et
944 1545 1062 1600 alia
1098 1564 1229 1617 quoe
1264 1552 1510 1617 possunt
1545 1563 1854 1602 occurrere
1890 1546 2404 1616 circumspectioni
2439 1544 2622 1616 regiae
2657 1544 2720 1598 in
2753 1543 2858 1599 hac

756 1633 793 1657 “
833 1637 1016 1701 parte,
1067 1630 1372 1685 revolvens
1411 1631 1567 1686 infra
1600 1630 1922 1686 claustrum
1970 1631 2126 1702 regii
2163 1631 2436 1701 pectoris,
2476 1635 2537 1684 et
2571 1627 2857 1683 deducens

755 1715 794 1740 “
834 1715 895 1767 in
931 1719 1149 1768 exactas
1171 1713 1608 1769 deliberationis
1641 1731 1901 1777 examen,
1930 1713 2007 1769 ad
2033 1713 2465 1769 reformandam
2498 1729 2704 1782 pacem
2728 1730 2852 1767 cum

754 1800 792 1824 ‘⁴
831 1798 996 1867 Rege
1032 1798 1275 1868 praefato
1308 1798 1406 1852 vel
1441 1803 1683 1869 treugas
1719 1797 2022 1862 ineundas,
2049 1805 2120 1854 ut
2154 1798 2296 1863 tuis,
2338 1795 2718 1852 dilectissime
2752 1796 2851 1861 fili,

754 1884 790 1907 “
830 1888 1182 1951 tuorumque
1226 1881 1496 1938 obvietur
1547 1882 1848 1952 periculis,
1902 1889 1963 1942 et
1999 1882 2144 1946 De0,
2185 1882 2289 1952 qui
2324 1897 2530 1953 pacem
2565 1878 2768 1950 diligit.
2798 1887 2856 1935 et

753 1971 789 1992 “
831 1966 891 2019 in
922 1966 1069 2020 viris
1098 1966 1357 2035 pacificis
1388 1965 1731 2032 delectatur,
1759 1967 1951 2037 magis
1986 1966 2238 2037 placeas,
2266 1971 2443 2036 teque
2475 1964 2853 2035 acceptiorem

752 2052 790 2076 “
830 2049 1039 2104 Eidem
1083 2049 1318 2115 efficias,
1359 2050 1621 2104 animum
1644 2049 1922 2105 habilites
1958 2050 2193 2120 regium
2218 2056 2280 2104 et
2311 2048 2577 2112 inclines,
2619 2047 2850 2103 dilecto·

752 2137 788 2159 ‘⁶
827 2152 961 2188 rum
997 2133 1253 2190 filiorum
1289 2139 1641 2196 nostrorum,
1681 2133 1867 2197 Petri,
1909 2134 2068 2189 tituli
2108 2133 2338 2189 Sanctae
2374 2131 2657 2188 Praxedis
2686 2131 2850 2185 Pres-

751 2221 789 2243 “
828 2217 1039 2287 byteri,
1099 2222 1159 2271 et
1218 2216 1553 2282 Bertrandi,
1619 2216 1849 2273 Sanctae
1909 2217 2118 2272 Marias
2177 2218 2242 2272 in
2298 2216 2529 2287 Aquiro
2589 2215 2846 2280 Diaconi,

751 2305 788 2328 “
829 2300 1249 2365 cardinalium,
1288 2301 1644 2373 Apostolicoe
1682 2301 1854 2356 Sedis
1890 2301 2257 2366 nunciorum,
2297 2300 2616 2356 zelatorum
2653 2300 2849 2369 utique

750 2388 787 2413 ‘⁴
828 2386 981 2456 regii
1004 2385 1241 2440 honoris
1267 2392 1326 2441 et
1351 2385 1659 2450 commodi,
1690 2402 1835 2456 quos
1872 2385 2107 2441 dudum
2119 2385 2194 2440 ad
2228 2392 2425 2456 partes
2451 2383 2586 2439 illas
2620 2389 2851 2454 propter

750 2472 787 2496 “
827 2486 897 2524 ea
931 2468 1004 2523 de
1042 2470 1286 2524 consilio
1334 2469 1583 2525 fratrum
1625 2475 1961 2524 nostrorum
2009 2469 2453 2533 destinavimus,
2505 2468 2744 2522 monitis
2796 2475 2851 2523 et

750 2556 786 2580 ‘⁶
827 2552 1183 2608 salutaribus
1217 2554 1375 2610 circa
1407 2553 1534 2609 haec
1558 2553 2037 2625 persuasionibus
2067 2553 2453 2608 effectualiter
2475 2552 2848 2607 nihilominus

750 2641 786 2664 “
826 2637 1228 2708 adquiescens.
1306 2637 1458 2693 Sane
1507 2654 1641 2692 cum
1691 2643 1906 2708 praeter
1948 2655 2017 2693 ea
2065 2655 2197 2707 quse
2243 2638 2551 2709 praemissa
2597 2643 2750 2700 sunt,
2795 2641 2850 2691 et

749 2724 786 2748 “
824 2719 1020 2791 ²quod
1080 2721 1418 2792 hujusmodi
1470 2727 1531 2777 ct
1583 2721 1719 2777 aliis
1781 2721 2105 2776 innumeris
2165 2720 2446 2793 periculis
2498 2738 2568 2775 ex
2622 2720 2847 2790 guerris

749 2809 785 2832 “
824 2804 1123 2876 praedictis
1160 2806 1621 2870 imminentibus,
1659 2804 1933 2862 ³obviare
1982 2805 2298 2862 salubriter
2345 2805 2367 2837 ⁴
2388 2802 2755 2876 [possimus]
2793 2811 2848 2859 et

745 2893 782 2915 “
822 2896 891 2945 ut
939 2891 1093 2944 inter
1140 2894 1218 2953 te,
1271 2889 1357 2944 fili
1407 2890 1831 2954 amantissime,
1871 2889 2211 2960 dictumque
2249 2889 2495 2960 Regem,
2534 2906 2686 2943 nexu
2721 2907 2846 2960 pro-

745 2975 783 3000 “
821 2973 1041 3045 pinquo
1103 2974 1408 3043 sanguinis
1463 2979 1525 3029 et
1571 2974 1872 3030 affinitatis
1916 2973 2310 3044 conjunctum,
2351 2973 2511 3045 pacis
2552 2971 2846 3044 plenitudo

745 3060 783 3084 “
822 3063 883 3113 et
930 3064 1150 3113 mutuae
1211 3057 1477 3113 caritatis
1540 3056 1779 3113 dilectio
1838 3058 2096 3127 vigeant,
2160 3059 2321 3128 pacis
2380 3058 2844 3113 reformationem

745 3143 782 3167 ‘⁶
821 3140 1159 3210 hujusmodi
1230 3140 1594 3196 ferventibus
1669 3140 1979 3197 desideriis
2056 3147 2453 3212 peroptamus,
2537 3140 2588 3195 si
2657 3142 2846 3195 forsan

745 3227 783 3250 “
822 3243 927 3295 per
980 3225 1216 3280 eosdem
1252 3224 1594 3280 cardinales
1646 3224 1722 3280 ad
1770 3241 1974 3296 pacem
2027 3223 2193 3279 illam
2246 3225 2460 3295 attingi
2505 3243 2622 3279 non
2667 3224 2846 3295 possit

745 3311 782 3334 “
822 3308 883 3362 in
937 3308 1057 3363 illis
1110 3308 1397 3380 partibus,
1452 3314 1655 3378 tuque,
1711 3308 2178 3380 ‘praecarissime
2239 3308 2344 3373 fili,
2408 3314 2469 3363 et
2528 3309 2655 3362 Rex
2706 3326 2843 3379 prae-

745 3395 782 3418 ‘⁶
824 3391 1034 3458 dictus„
1088 3411 1191 3448 vos
1238 3393 1313 3447 ad
1371 3400 1637 3449 mutuam
1689 3393 2067 3448 habilitantes
2116 3393 2502 3456 concordiam,
2555 3391 2681 3447 Deo
2727 3391 2841 3463 plan

745 3478 781 3502 ‘⁴
823 3476 1088 3540 cabilem,
1163 3476 1496 3532 hominibus
1572 3477 1904 3540 amabilem,
1972 3476 2404 3532 Christianitati
2475 3476 2703 3541 utilem,
2777 3494 2840 3530 ac

744 3562 781 3585 “
822 3560 1059 3631 utrique
1094 3566 1357 3616 vestrum
1392 3560 1804 3632 multipliciter
1842 3566 2248 3633 opportunam,
2287 3561 2616 3616 consentire
2653 3560 2841 3615 volue-

743 3644 781 3669 “
820 3643 972 3707 ritis,
1012 3648 1082 3697 ut
1113 3661 1218 3698 nos
1267 3642 1344 3698 ad
1394 3660 1599 3715 pacem
1653 3645 1844 3715 ipsam
1893 3643 2344 3708 reformandam,
2381 3649 2662 3715 tanquam
2698 3650 2840 3698 trac-

744 3729 781 3754 “
823 3733 1042 3782 tatores
1090 3727 1447 3792 amicabiles,
1510 3728 1751 3799 propria
1807 3745 2061 3800 persona
2110 3728 2499 3790 intendamus,
2552 3733 2631 3791 et,
2683 3727 2840 3782 initis

744 3814 781 3838 ‘⁶
822 3810 1118 3881 aliquibus
1192 3810 1444 3866 invicem
1520 3811 1750 3882 treugis
1826 3810 1922 3866 vel
1995 3811 2285 3867 concessis
2354 3810 2708 3867 sufferentiis
2770 3809 2840 3864 ab

742 3898 779 3922 ‘⁶
818 3893 1222 3951 invasionibus
1282 3900 1344 3950 et
1403 3894 1894 3951 commotionibus
1941 3894 2193 3959 bellicis,
2244 3912 2433 3965 usque
2481 3894 2557 3949 ad
2591 3900 2840 3965 tempus

743 3981 781 4005 “
820 3985 1228 4052 opportunum,
1268 3978 1424 4033 infra
1462 3979 1618 4051 quod
1658 3985 1943 4035 tractatus
1981 3979 2141 4050 pacis
2176 3979 2456 4044 inchoari,
2496 3979 2834 4040 continuari,

741 4064 779 4089 “
818 4069 894 4126 et,
951 4062 1001 4117 si
1055 4062 1594 4118 misericordiarum
1645 4062 1934 4118 Dominus
1996 4062 2241 4126 dederit,
2300 4062 2376 4117 ad
2425 4062 2597 4116 finem
2656 4063 2841 4133 possit

742 4150 780 4172 “
819 4147 1026 4203 deduci
1100 4146 1331 4203 felicem
1401 4146 1498 4202 ⁶et
1567 4147 1850 4212 votivum,
1927 4148 2168 4202 nuncios
2239 4153 2487 4209 nostros,
2551 4145 2837 4201 mandatis

742 4299 757 4306 υ
772 4299 2482 4308 *w*-

809 4395 821 4425 ¹
848 4402 895 4444 et
913 4396 1056 4444 etiam
1099 4395 1228 4459 quod
1259 4396 1305 4443 εἰ
1338 4396 1637 4445 continuatio
1669 4403 1742 4445 ta·
1828 4395 1891 4444 of
1915 4393 2297 4460 Walsiugham3
2334 4409 2390 4445 as
2406 4395 2493 4445 the
2514 4409 2658 4446 sense
2681 4411 2837 4446 seems

738 4473 853 4524 lium
875 4491 1068 4522 onerum
1090 4482 1378 4538 sequeretur,
1402 4474 1607 4539 Rymer.
1831 4481 1883 4525 to
1905 4473 2103 4539 require
2124 4475 2181 4525 it.

803 4556 823 4585 ²
847 4554 963 4617 quia
985 4553 1145 4618 liujus,
1170 4547 1452 4605 Harl.'655.
1893 4557 1915 4584 ⁸
1927 4552 2317 4619 proeclarissinoe,
2341 4554 2482 4606 Harl.
2509 4561 2621 4607 655.

805 4635 824 4663 ³
845 4632 1048 4693 obviari,
1072 4633 1213 4683 Harl.
1240 4639 1352 4684 655.
1896 4635 1916 4662 ⁸
1940 4633 1994 4683 id
2034 4642 2120 4699 est,
2167 4636 2345 4686 votivos
2389 4636 2591 4688 nuncios
2635 4645 2836 4700 nostros,

809 4714 828 4744 ⁴
850 4711 1094 4778 Supplied
1116 4714 1245 4764 stom
1266 4714 1352 4765 the
1385 4713 1586 4780 printed
1608 4719 1743 4765 texts
1834 4716 1979 4769 Harl.
2005 4720 2115 4768 655.
