3300 5617
74 1010 208 1063 MS.
241 1014 376 1069 Bibl

74 1076 227 1143 [teg.
271 1087 335 1133 13

74 1144 134 1193 [⁴]-
169 1144 266 1199 ix·

1093 821 1427 883 maroam
1468 820 1886 877 anonoma-
2412 809 2544 874 443

523 1006 668 1077 Quis
729 1022 1002 1073 enarrare
1046 1006 1266 1079 poterit
1338 1009 1556 1078 quanta
1613 1004 1939 1078 dispendia,
2009 1009 2257 1078 quantos
2330 1005 2543 1072 luctus,
2571 1006 2705 1058 AJ).
2742 1012 2886 1058 1380.

451 1110 608 1147 mors
668 1091 905 1151 Domini
961 1091 1002 1147 J
1003 1091 1245 1147 ohannis
1314 1090 1386 1146 de
1451 1089 1793 1156 Arundelia,
1846 1095 1907 1153 et
1950 1089 2237 1147 nobilium
2297 1089 2547 1163 perditio
2574 1100 2752 1150 Losses
2784 1100 2886 1150 suf.

452 1177 552 1248 qui
596 1194 732 1231 cum
773 1193 843 1231 eo
882 1175 1137 1233 similem
1178 1191 1413 1231 sensere
1461 1174 1774 1239 fortunam,
1824 1174 2050 1231 invexit
2097 1173 2303 1231 ineolis
2340 1173 2547 1245 Angli·
2575 1167 2715 1216 fered
2736 1169 2807 1232 by
2810 1234 2822 1246 ,

450 1260 652 1317 canis?
725 1258 867 1329 Quae
902 1259 1081 1331 plaga
1130 1258 1410 1330 regionis,
1451 1277 1582 1330 quae
1629 1257 1948 1330 provincia,
1990 1276 2122 1330 quoe
2170 1258 2378 1315 civitas
2425 1259 2549 1314 sive
2572 1233 2887 1349 ffiehfinghffi

449 1344 610 1408 villa,
664 1360 996 1415 quenquam
1044 1359 1162 1401 non
1210 1342 1409 1399 amisit
1459 1341 1523 1398 in
1571 1342 1679 1398 illa
1727 1342 1984 1405 infausta
2042 1342 2424 1415 expeditione,
2488 1342 2550 1397 iu
2575 1381 2735 1417 cause·

452 1446 628 1500 quam
664 1427 736 1482 de
772 1433 895 1485 toto
930 1443 1114 1498 regno
1149 1425 1500 1493 valentiores
1553 1443 1875 1483 convenere
1893 1425 1921 1483 P
2009 1426 2163 1483 Puto
2210 1426 2411 1483 nullus
2449 1432 2552 1489 aut

450 1530 619 1571 rarus
670 1512 921 1584 angulus
957 1511 1019 1565 in
1061 1516 1184 1571 tota
1230 1516 1391 1567 terra
1438 1512 1673 1568 vacavit
1719 1528 1755 1568 a
1805 1511 2006 1578 luctu3
2050 1512 2152 1568 ubi
2198 1529 2315 1585 non
2362 1517 2551 1569 mater

450 1596 656 1661 filium,
678 1596 774 1655 vel
812 1614 959 1652 uxor
995 1595 1295 1659 maritum,
1325 1600 1429 1663 aut
1454 1594 1587 1667 quis
1621 1595 1854 1651 affinem
1876 1596 1972 1654 vel
1998 1601 2313 1668 cognatum
2336 1596 2398 1653 in
2422 1598 2551 1669 ipso

449 1680 757 1751 naufragio
781 1697 844 1739 se
869 1679 1058 1736 doluit
1081 1678 1368 1735 amisisse.
1469 1678 1558 1733 De
1584 1679 1914 1735 substantia
1935 1697 2137 1737 rerum
2160 1679 2550 1753 pretiosarum

450 1766 817 1829 amissarum,
858 1764 984 1820 sine
1019 1763 1270 1836 pecunia
1311 1780 1429 1832 qua
1464 1780 1753 1835 pauperes
1790 1764 2078 1835 apporiati
2115 1769 2253 1821 sunt
2299 1769 2359 1821 et
2392 1770 2552 1821 terra

449 1849 857 1921 depauperata,
895 1865 1002 1921 pro
1052 1847 1215 1903 illius
1251 1846 1541 1903 exercitus
1591 1846 1964 1912 exhibitione,
2015 1847 2306 1911 silendum
2353 1848 2549 1905 existi-

450 1934 640 2000 mavi;
682 1951 817 1988 cum
852 1933 1048 1989 anima
1095 1932 1177 1989 sit
1208 1931 1344 2004 plus
1399 1948 1576 2001 quam
1627 1949 1780 1997 esca,
1823 1937 1884 1987 et
1935 1950 2147 2003 corpus
2195 1950 2372 2003 quam
2424 1952 2552 1990 vcs-

447 2019 776 2083 timentum,
819 2035 954 2074 cum
991 2014 1333 2073 insanabilis
1370 2015 1449 2070 sit
1482 2015 1662 2086 plaga
1710 2022 1884 2075 terrae
1931 2021 2020 2073 tot
2062 2016 2310 2075 fortibus
2363 2025 2550 2074 morte

448 2102 760 2172 percussis,
817 2106 940 2156 tam
976 2100 1279 2172 generosis
1329 2098 1598 2171 perditis,
1649 2105 1775 2155 tam
1818 2100 2019 2171 probis
2057 2100 2398 2157 submersis,
2473 2101 2553 2157 Et

444 2192 659 2251 tamen,
697 2185 816 2241 hiis
872 2184 1141 2241 omnibus
1194 2201 1311 2239 non
1364 2182 1751 2248 obstantibus„
1806 2183 1996 2240 adhuc
2032 2186 2327 2242 insensata
2361 2187 2552 2258 patria

445 2271 659 2326 iterum
693 2269 969 2329 militiam
997 2268 1216 2339 legere,
1242 2268 1461 2324 iterum
1486 2284 1771 2339 expensas
1792 2285 2020 2339 parare,
2061 2269 2278 2327 iterum
2302 2270 2550 2342 optimos

445 2362 505 2410 ct
538 2353 978 2426 probatissimos
1013 2352 1274 2425 regionis
1312 2352 1509 2408 dubiis
1544 2350 1681 2408 fatis
1719 2352 2105 2417 committere,
2144 2371 2260 2411 non
2294 2360 2552 2417 veretur,

443 2438 595 2493 Ecce
632 2437 822 2492 enimi
863 2437 927 2493 in
964 2435 1392 2507 expeditionem
1428 2435 1838 2492 Britannicam
1875 2436 2166 2493 emittitur
2217 2437 2395 2493 simul
2432 2439 2552 2494 fero

442 2527 565 2577 tota
585 2521 880 2586 nobilitas,
910 2519 1056 2591 ¹[et]
1084 2520 1159 2576 ad
1182 2519 1379 2576 hostes
1403 2520 1745 2577 manifestos
1780 2525 1840 2575 et
1873 2521 2159 2590 publicos,
2198 2522 2457 2593 privatos
2496 2530 2555 2579 et

441 2606 668 2668 dubios,
696 2604 1053 2670 destinatum
1095 2622 1226 2675 quae
1263 2605 1315 2659 si
1350 2621 1466 2658 non
1500 2603 1693 2675 magis
1730 2603 1931 2659 divina
1961 2622 2104 2661 cura
2138 2623 2315 2677 quam
2348 2608 2553 2678 patrino

443 2708 565 2745 suae
615 2689 729 2745 fide
781 2689 903 2747 fota
955 2688 1183 2751 fuisset,
1238 2687 1486 2745 forsitan
1542 2705 1843 2759 nunquam
1893 2690 2147 2759 patriam
2199 2690 2548 2757 revidisset3

442 2772 753 2846 presertim
788 2790 922 2831 cum
958 2773 1096 2831 hinc
1136 2770 1370 2835 Gallici,
1411 2771 1557 2827 certi
1591 2771 1811 2836 hostes,
1852 2771 2017 2828 illinc
2053 2772 2346 2839 Britones,
2388 2775 2552 2831 dubii

443 2857 537 2912 vel
574 2857 807 2922 occulti,
865 2857 927 2915 in
979 2855 1232 2912 circuitu
1283 2872 1485 2910 eorum
1537 2854 1859 2920 constituti,
1918 2855 2081 2913 dolos
2133 2863 2194 2914 et
2242 2859 2548 2925 malitiam,

443 2941 686 2997 insidias
723 2947 784 2997 et
820 2940 1104 3004 fraudem,
1137 2938 1367 3011 jugiter
1402 2937 1773 3004 meditantes,
1820 2956 1920 2996 eos
1958 2940 2168 3010 quovis
2203 2950 2374 3014 pacto
2420 2961 2553 3015 pro-

446 3024 584 3079 dere
633 3025 729 3079 vel
785 3023 1212 3081 circumvenire
1262 3021 1585 3080 tentabant.
1686 3022 1842 3079 Nam
1898 3024 2173 3095 quotiens
2214 3043 2251 3081 a
2285 3026 2547 3095 Francis,

446 3108 586 3163 dum
621 3126 727 3180 per
761 3114 952 3165 totum
987 3124 1239 3179 regnum
1290 3106 1653 3169 Francorum
1688 3106 1967 3165 audacter
2004 3109 2364 3178 equitabant,
2411 3112 2551 3167 dum

444 3192 752 3251 vastabant
798 3193 1019 3264 patrias
1088 3190 1340 3247 flammis
1394 3196 1572 3262 atque
1620 3191 1797 3256 ferm,
1849 3191 1992 3247 dum
2043 3192 2325 3264 quicquid
2376 3194 2553 3255 libuit

443 3295 550 3349 pro
585 3277 903 3341 voluntate,
943 3276 1006 3333 in
1056 3275 1183 3348 ipso
1230 3275 1441 3331 itinere
1477 3291 1685 3331 versus
1722 3275 2107 3341 Britanniam,
2149 3277 2547 3350 disponebant,

445 3361 664 3417 ibidem
723 3360 965 3419 insidia-s
1026 3358 1284 3417 occultas
1334 3364 1396 3415 et
1445 3358 1786 3415 manifestas
1835 3365 1973 3417 sunt
2018 3362 2303 3434 perpessi,
2354 3362 2548 3421 dicero

444 3445 686 3516 longum
722 3444 890 3501 foret.

513 3528 849 3587 Novissime
906 3526 1273 3585 Britanniam
1323 3524 1736 3593 subintrantes,
1802 3534 1863 3584 et
1924 3534 2135 3587 cuncta
2190 3530 2548 3602 reperientes
2572 3530 2853 3597 Hardships

445 3613 529 3669 ibi
577 3615 835 3677 confusa,
893 3612 1118 3667 Ducem
1171 3610 1434 3677 dubium,
1479 3615 1541 3667 et
1588 3611 1941 3677 instabilem,
1995 3619 2058 3673 et
2103 3618 2422 3681 nutantem,
2462 3617 2548 3675 in-
2573 3601 2794 3650 endured
2810 3601 2887 3678 ’by

446 3697 603 3753 colas
652 3696 903 3769 perfidos
956 3701 1017 3752 et
1065 3696 1486 3761 fraudulentos,
1542 3695 1678 3767 quis
1734 3696 1996 3752 diffidere
2057 3699 2292 3770 poterit,
2332 3716 2430 3755 cos
2483 3702 2547 3757 in
2571 3666 2886 3798 {lsslenffffflffih

446 3781 717 3837 maximis
752 3780 1031 3853 periculis
1081 3778 1473 3837 constitutos?
1533 3779 1614 3836 Et
1655 3780 1812 3852 quod
1846 3781 2039 3853 magis
2075 3788 2167 3838 est
2195 3782 2312 3839 hiis
2365 3788 2548 3843 omni·

447 3866 576 3931 bus,
635 3884 756 3922 suoe
807 3865 1002 3937 gentis
1036 3864 1291 3938 proprioe
1344 3864 1610 3936 perpessi
1643 3865 2053 3936 proditionem,
2108 3866 2249 3923 dum
2290 3885 2441 3934 mox,
2480 3875 2551 3927 ut

447 3956 666 4007 terram
713 3949 950 4022 Angliee
987 3954 1125 4007 sunt
1158 3950 1403 4021 egressi,
1448 3949 1715 4006 derelicti
1760 3951 1927 4006 velut
1974 3956 2241 4007 mortuus
2282 3970 2319 4009 a
2355 3954 2546 4019 corde,

449 4052 481 4089 e
505 4035 761 4106 vestigio
797 4040 967 4106 pacta
1001 4035 1313 4100 confracta,
1352 4034 1769 4106 promissiones
1804 4034 2055 4102 infectae,
2084 4041 2146 4093 et
2178 4054 2327 4108 pene
2362 4038 2551 4097 omnis

449 4137 581 4193 spes
618 4119 822 4175 auxilii
860 4125 950 4174 est
987 4119 1303 4174 subtracta.
1383 4118 1554 4174 Unde
1588 4118 1707 4175 nisi
1732 4119 2019 4176 Dominus
2056 4121 2411 4179 ²‹mstodivit
2450 4141 2549 4179 eos

446 4209 698 4276 propter.
719 4203 859 4258 vitae
892 4202 1261 4267 munditiam,
1304 4202 1496 4258 cordis
1550 4203 1961 4269 innocentiam,
2008 4204 2222 4276 quibus
2280 4206 2549 4264 effulsere

449 4288 552 4360 qui
605 4288 875 4343 ductores
935 4288 1175 4342 fuerunt
1224 4286 1402 4359 hujus
1453 4288 1763 4353 exercitus,
1814 4306 2112 4360 nunquam
2162 4295 2383 4347 terram
2417 4310 2549 4365 pro-

445 4373 638 4445 priam
685 4372 1086 4429 reintrassent.
1161 4371 1390 4443 Nempe
1427 4371 1915 4443 campi-ductores
1952 4373 2129 4445 hujus
2166 4375 2373 4442 turbae,
2411 4394 2545 4444 non,
2573 4404 2793 4452 conduct
2809 4406 2871 4453 of

447 4463 515 4517 ut
549 4456 816 4533 plerique
853 4455 1051 4511 caeteri
1076 4453 1178 4526 qui
1215 4454 1390 4511 duces
1428 4461 1562 4511 ante
1598 4473 1696 4511 eos
1733 4456 1915 4522 fuere,
1942 4458 2193 4529 patriam
2228 4459 2388 4535 passi
2413 4469 2551 4519 sunt
2574 4469 2662 4519 the
2683 4476 2866 4535 troops.

2574 4334 2884 4401 Exemplary

520 4667 537 4699 ¹
560 4666 801 4731 Supplied
837 4666 969 4716 from
1015 4664 1150 4714 Bibl.
1197 4664 1325 4728 Reg.
1394 4668 1453 4714 13
1616 4666 1637 4694 ²
1658 4662 1993 4715 custodivisse:
2012 4664 2069 4715 in
2086 4665 2172 4716 the
2186 4668 2386 4731 printed
2400 4677 2546 4721 texts,

451 4749 511 4800 E.
529 4750 626 4799 ix.:
663 4745 875 4796 omitted
896 4744 952 4794 in
975 4743 1061 4795 the
1082 4742 1283 4807 printed
1303 4747 1453 4795 texts.
