3300 5617
1134 786 1457 838 ms‘romA
1499 785 1911 838 mensum„
2446 778 2573 841 229

94 973 225 1025 MS.
255 978 424 1033 Harl.
485 974 626 1046 quia
658 991 764 1046 per
796 974 1038 1033 nuncios
1075 992 1209 1031 suos
1259 975 1458 1047 plures
1493 975 1867 1031 rationabiles
1903 975 2030 1031 vias
2066 975 2122 1030 ei
2159 992 2266 1047 pro
2294 975 2430 1046 jure
2468 996 2573 1034 suo
2595 981 2733 1035 Aa).
2763 991 2901 1037 1340.

96 1045 315 1161 {3an
482 1057 545 1112 in
598 1076 779 1129 regno
831 1058 1188 1114 Francorum
1239 1059 1695 1131 haereditateque
1746 1059 1940 1115 debita
1985 1060 2397 1132 recuperandis
2448 1062 2572 1117 sive

98 1129 416 1242 bummffi.
481 1141 862 1239 possidendiS,
920 1143 1197 1240 hactenus
1247 1143 1319 1239 ab
1369 1143 1497 1215 ipso
1533 1150 1735 1241 contra
1783 1144 1974 1240 psum
2023 1150 2084 1199 et
2127 1144 2446 1241 justi-tiam·
2477 1145 2573 1200 de-

96 1255 148 1304 p.
177 1248 312 1296 361.
480 1231 657 1282 tentis
686 1245 754 1281 ac
790 1234 1103 1299 occupatis,
1131 1227 1455 1292 obtulisset,
1483 1245 1589 1284 nec
1625 1246 1682 1283 e1
1717 1234 2000 1283 rationem
2033 1245 2224 1300 neque
2254 1234 2565 1299 Just1t1am,

478 1316 548 1365 ut
579 1309 904 1376 videbatur,
945 1311 1134 1366 facere
1158 1311 1532 1377 decrevisset,
1572 1312 1727 1366 idem
1765 1312 1889 1366 Rex
1912 1311 2144 1384 Angliae
2180 1329 2286 1383 per
2309 1311 2568 1367 medium

476 1393 785 1460 Flandriae‚
815 1394 968 1451 sicut
1000 1394 1267 1451 dominus
1291 1395 1573 1467 superior,
1601 1396 1948 1463 transierat;
1983 1396 2342 1466 collectaque
2367 1413 2568 1452 secum

475 1482 647 1533 terrae
682 1478 947 1550 ejusdem
983 1478 1219 1534 fortium
1266 1480 1542 1550 potentia,
1580 1497 1789 1535 versus
1824 1480 2018 1551 ipsum
2055 1498 2118 1536 se
2155 1485 2470 1537 attraxerat
2503 1481 2568 1536 in

464 1562 602 1632 jure
656 1579 779 1627 suo,
833 1562 1008 1617 finem
1068 1561 1193 1618 Deo
1246 1562 1589 1634 placabilem
1644 1562 1918 1619 affectans
1969 1564 2159 1619 facere
2213 1565 2559 1621 breviorem.

472 1645 552 1701 Et
586 1645 725 1717 quia
758 1663 935 1702 causa
967 1647 1123 1703 inter
1170 1646 1329 1719 ipsos
1380 1647 1525 1703 duos
1579 1647 1773 1703 fuerat
1822 1653 1996 1713 mota,
2050 1666 2155 1720 pro
2191 1649 2563 1720 oppressione

469 1730 688 1801 populi,
727 1731 1067 1796 vastatione,
1119 1749 1187 1787 ac
1236 1736 1433 1803 strage
1469 1731 1776 1797 evitandis,
1816 1731 1992 1787 etiam
2027 1732 2303 1803 ipsorum,
2341 1732 2563 1788 bellum

470 1814 687 1871 faceret
728 1815 1042 1887 singulare.
1117 1815 1198 1871 Et
1245 1816 1297 1871 si
1346 1816 1445 1871 via
1493 1815 1642 1871 forte
1693 1815 1810 1871 ista
1861 1815 1975 1871 sibi
2028 1816 2394 1887 contingeret
2445 1834 2561 1872 non

468 1896 715 1967 placere,
755 1915 826 1952 ex
860 1904 1025 1969 parte
1060 1903 1307 1970 utraque
1343 1904 1597 1963 centum,
1637 1915 1771 1954 cum
1819 1898 1982 1970 Rege
2019 1917 2143 1964 su0,
2184 1899 2452 1955 fortiores
2489 1917 2559 1955 ac

468 1981 778 2037 validiores
814 1983 1205 2049 convenirent,
1243 1982 1579 2054 bellumque
1614 1983 2060 2039 committerent.
2133 1981 2299 2052 Quod
2349 1984 2401 2039 si
2443 1984 2560 2039 ista

469 2065 776 2139 Philippus
824 2067 1137 2138 proedictus
1173 2072 1472 2137 acceptare
1520 2083 1636 2122 non
1671 2072 1921 2131 curaret,
1976 2066 2130 2121 infra
2179 2066 2378 2122 decem
2430 2066 2557 2123 dies

460 2148 630 2220 juxta
662 2150 958 2207 civitatem
993 2152 1417 2207 Tornacensem
1440 2168 1575 2206 cum
1609 2150 1883 2206 universo
1906 2151 2164 2207 exercitu
2200 2169 2305 2207 suo
2337 2151 2557 2208 bellum

466 2232 648 2290 daret.
722 2233 802 2289 Et
836 2234 979 2305 quid
1012 2234 1421 2306 praedictorum
1445 2234 1667 2305 eligere
1701 2233 2070 2301 deliberaret,
2109 2235 2164 2291 ei
2200 2251 2306 2306 per
2327 2235 2555 2292 litteras

468 2335 603 2374 suas
638 2317 657 2351 ¹
672 2316 981 2375 remittere'
1009 2318 1133 2375 sine
1174 2336 1354 2374 mora.

110 2405 237 2457 MS.
264 2406 416 2460 Harl.
537 2401 864 2474 Rescripsit
896 2401 1021 2456 Rex
1056 2402 1316 2458 Francius
1352 2403 1416 2458 in
1449 2402 1603 2457 hune
1640 2402 1969 2458 modum.—

114 2477 244 2523 655.
540 2486 578 2512 “
596 2484 925 2557 Philippus,
952 2484 1066 2540 Dei
1090 2485 1282 2556 gratia
1316 2484 1441 2540 Rex
1463 2484 1873 2551 'Francorum,
1906 2482 2215 2556 [Edwardo
2250 2485 2405 2556 Regi
2432 2484 2551 2540 An·
2575 2474 2791 2541 PhffiP’ss

111 2539 378 2670 bflufflffs·
468 2569 507 2596 ..
545 2567 700 2639 guae.
792 2569 1046 2625 Litteras
1098 2574 1342 2632 vestm,
1397 2569 1590 2624 euriae
1638 2574 1851 2625 nom-ae
1896 2569 2170 2641 Philippo
2204 2569 2277 2624 de
2312 2569 2550 2626 V³10⁸i0
2571 2550 2838 2660 ihnffcffi

107 2670 247 2721 Ner
469 2653 507 2679 ιι
544 2652 771 2717 mesas,
824 2652 1050 2723 aliquas
1098 2651 1407 2723 petitiones
1454 2652 1610 2708 dicto
1644 2653 1916 2724 Philippo
1953 2653 2133 2709 factas
2169 2654 2545 2719 continentes,
2576 2674 2736 2740 lenge,

110 2739 332 2804 Rymer,
349 2740 442 2806 11.,
468 2737 507 2764 “
545 2736 960 2808 perspeximus.
1048 2733 1071 2768 ³
1088 2734 1206 2791 Sed
1252 2736 1392 2807 quia
1425 2734 1446 2767 ⁴
1461 2736 1676 2791 litterae
1710 2753 1819 2792 nec
1853 2737 2162 2807 petitiones
2198 2737 2547 2809 ‘praedictam

112 2820 163 2869 1>-
193 2810 348 2860 1131·
467 2822 506 2848 “
544 2820 699 2876 sicut
731 2820 968 2876 illarum
1002 2825 1205 2875 tenore
1256 2819 1557 2875 evidenter
1608 2825 1866 2891 apparet,
1904 2820 2072 2876 nobis
2107 2821 2302 2876 missae
2336 2839 2550 2892 nequa-

466 2906 505 2931 “
543 2921 717 2974 quam
776 2903 1024 2969 fuerant,
1085 2920 1194 2958 nec
1253 2903 1438 2967 factae,
1500 2903 1667 2958 vobis
1724 2903 2055 2959 nullatenus
2113 2904 2544 2976 respondemus.

461 2990 500 3015 ‘⁸
537 2987 616 3043 Et
664 2987 802 3058 qnia
836 3004 942 3058 per
976 2986 1283 3059 praedictas
1333 2986 1579 3051 litteras,
1620 2991 1680 3041 et
1714 2986 1902 3052 aliter,
1944 2986 2351 3052 intelleximus,
2393 2988 2547 3060 quod

460 3073 499 3099 “
536 3089 785 3142 regnum
824 3076 1102 3127 ‘nostrum
1154 3070 1417 3126 Francius
1467 3071 1530 3125 in
1582 3087 1758 3125 manu
1811 3077 2164 3126 armatorum
2212 3071 2407 3127 valida
2457 3072 2544 3127 in-

460 3156 498 3180 “
536 3155 755 3219 trastis,
795 3153 1008 3210 damna
1054 3171 1169 3209 non
1221 3153 1451 3209 modica
1498 3154 1685 3218 nobis,
1742 3171 1925 3225 regno
1971 3160 2171 3211 nostro
2206 3172 2273 3210 ac
2307 3156 2540 3227 populo,

459 3239 499 3264 “
534 3238 831 3292 voluntate
867 3237 1095 3301 ductus,
1135 3255 1249 3293 non
1298 3237 1540 3301 ratione,
1586 3254 1657 3291 ea
1707 3255 1838 3308 quoe
1883 3237 2057 3292 homo
2093 3238 2274 3309 ligius
2311 3238 2544 3294 domino

460 3323 498 3347 “
537 3338 642 3376 suo
678 3321 868 3377 facere
902 3326 1135 3376 tenetur
1170 3321 1410 3376 minime
1448 3319 1881 3385 considerando,
1925 3321 2239 3388 intulistis3
2279 3322 2542 3378 intrastis

457 3406 497 3431 “
535 3404 824 3474 siquidem
859 3403 1079 3460 dudum
1114 3404 1453 3475 homagium
1486 3409 1750 3460 nostrum
1784 3404 2014 3476 ligium,
2053 3423 2176 3471 nos,
2205 3405 2359 3461 sicut
2392 3406 2542 3461 ratio

458 3489 497 3514 “
534 3488 734 3557 exigit,
787 3487 1012 3559 Regem
1072 3488 1336 3544 Franciae
1396 3505 1833 3559 recognoscens,
1873 3488 2258 3544 obedientiam
2309 3489 2540 3558 qualem

455 3571 495 3597 ‘⁴
531 3570 677 3641 ligio
735 3570 967 3626 domino
1026 3588 1133 3627 suo
1193 3571 1325 3641 quis
1395 3572 1736 3641 promittere
1791 3576 2042 3635 tenetur,
2106 3571 2260 3628 sicut
2325 3570 2540 3627 litteris

457 3656 497 3681 ‘⁴
533 3655 744 3711 vestris
780 3655 1111 3727 patentibus
1159 3672 1372 3726 magno
1408 3654 1606 3726 sigillo
1641 3659 1838 3711 vestro
1873 3655 2139 3726 signatis,
2181 3672 2324 3726 quas
2361 3672 2537 3726 penes

518 3925 535 3956 ¹
557 3925 813 3975 remittent
845 3924 901 3973 in
936 3922 1023 3974 the
1059 3922 1259 3987 printed
1295 3927 1445 3984 texts,
1534 3920 1815 3986 (reprinted
1829 3922 1884 3971 in
1907 3922 1993 3972 the
2014 3921 2142 3973 New
2155 3920 2374 3982 Foedera,
2391 3921 2460 3971 H.
2479 3936 2528 3987 p.

450 4005 551 4055 aud
570 4004 626 4054 in
648 4003 792 4055 Harl.
818 4008 930 4054 655.
1538 4001 1711 4066 1131),
1734 4001 1836 4050 and
1866 3999 1912 4050 is
1945 4001 2105 4062 dated,
2131 4004 2164 4030 “
2185 3999 2363 4049 Donne
2392 4007 2528 4050 soutz

514 4084 536 4115 ²
556 4082 708 4134 Aster
727 4081 830 4133 this
851 4082 1005 4144 word,
1027 4080 1085 4131 in
1106 4081 1194 4132 the
1214 4079 1447 4131 Arundel
1533 4082 1565 4110 “
1588 4078 1656 4129 les
1675 4077 2092 4145 Campesfflresde
2108 4077 2364 4128 laPn'on’e
2380 4077 2531 4129 Sabat

448 4162 563 4214 MS.
602 4163 688 4213 the
721 4163 898 4212 render
933 4160 982 4211 is
1018 4160 1237 4211 referred
1271 4165 1326 4210 to
1360 4160 1448 4211 the
1532 4162 1565 4188 ‘⁸
1589 4158 1807 4218 Andreu,
1850 4165 1985 4208 soutz
2045 4155 2088 4207 le
2129 4155 2236 4207 scal
2274 4156 2333 4207 de
2368 4164 2527 4207 nostre

447 4243 548 4293 end
591 4241 653 4291 of
674 4240 763 4291 the
804 4240 1101 4292 volume—“
1134 4255 1295 4303 quoere
1336 4237 1447 4288 reli-
1533 4240 1565 4266 “
1586 4244 1752 4298 secret,
1774 4253 1832 4286 en
1854 4235 2072 4285 lab-senec
2092 4234 2151 4285 de
2171 4242 2329 4285 nostr-e
2345 4243 2529 4301 qraunt

447 4325 479 4349 ‘⁸
501 4335 645 4384 quum
682 4320 734 4368 in
757 4319 864 4382 fine
886 4316 1001 4367 libri
1023 4317 1085 4377 ;’'
1103 4318 1269 4368 where
1305 4318 1446 4368 how·
1531 4321 1563 4346 “
1584 4315 1702 4376 real,
1724 4315 1768 4366 le
1789 4331 1918 4366 xxx.
1941 4316 2063 4379 jour
2084 4313 2143 4364 de
2174 4313 2311 4380 Juyl,
2345 4312 2427 4364 lan
2457 4314 2523 4364 du

446 4413 565 4450 ever
598 4398 641 4448 it
674 4398 720 4448 is
758 4403 849 4448 not
890 4403 943 4447 to
986 4398 1050 4447 be
1094 4398 1265 4447 found.
1334 4397 1447 4447 The
1532 4400 1563 4424 ‘⁴
1597 4395 1761 4446 Gracc
1782 4393 2040 4446 nocm.’'

447 4485 647 4543 present
667 4477 906 4542 eopyhas
924 4477 1051 4526 been
1073 4474 1294 4525 inserted
1315 4475 1446 4524 from
1596 4476 1616 4504 ⁸
1638 4473 1727 4534 Ee,
1750 4474 1893 4524 Harl.
1919 4478 2030 4523 655.
2073 4535 2080 4542 ³

446 4558 534 4609 the
555 4563 665 4608 text
684 4557 746 4606 of
770 4554 1159 4621 Hemingburgh
1191 4555 1292 4604 and
1331 4552 1443 4604 MS.
1594 4553 1614 4583 ⁴
1636 4550 1804 4601 lieteroe
1818 4551 2082 4617 proedictae,
2105 4550 2250 4604 Harl.
2274 4557 2385 4606 655.

448 4637 592 4686 Harl.
616 4641 729 4687 655.
812 4636 924 4686 The
939 4636 1084 4686 letter
1105 4633 1150 4683 is
1171 4632 1443 4698 alsogiveu
1595 4633 1614 4664 ⁸
1637 4630 1861 4686 omitted
1883 4630 1937 4680 in
1961 4631 2104 4682 Harl.
2129 4636 2240 4686 655.

446 4715 517 4785 by
529 4714 797 4782 Avesbury
811 4713 866 4765 in
889 4713 974 4766 the
994 4711 1213 4778 original
1229 4711 1446 4772 French,
