3300 5617
844 778 975 844 414
1504 794 1766 846 rueme
1814 793 2283 845 wAtsmemu

509 979 645 1033 ΑΙ).
671 983 814 1033 1379.
839 971 998 1026 viam
1045 988 1286 1026 cernens
1335 970 1411 1026 ad
1444 971 1907 1043 recuperandum
1965 971 2093 1042 ejus
2141 970 2483 1035 dominium,
2533 970 2679 1025 lieet
2729 967 2969 1023 invitus
2992 991 3098 1043 ΗΕ
3118 995 3193 1048 ΒΗ

841 1054 1199 1126 adjudicavit
1245 1056 1371 1109 fieri
1431 1056 1773 1127 petitionem
1828 1073 2049 1121 eorum,
2104 1064 2164 1111 et
2212 1056 2297 1111 ita
2348 1062 2644 1128 postremo
2701 1062 2799 1109 est
2852 1069 2969 1107 suo
2993 1059 3111 1123 Reg.
3134 1071 3171 1112 u

844 1139 1161 1215 Comitatui
1195 1141 1524 1198 restitutus,
2992 1126 3047 1175 Β
3070 1128 3127 1177 1¹·

843 1444 1267 1514 Edmumlus
1324 1444 1717 1531 Brumfelde
1755 1442 2253 1532 fraudulenter
2312 1444 2460 1530 ayit
2511 1443 2600 1510 in
2643 1442 2966 1532 acquisz'»

1190 1550 1373 1617 tione
1418 1548 1553 1615 eibi
1596 1548 1911 1616 Abbatfz'ae
1954 1549 2198 1617 Sancti
2239 1547 2624 1615 Edmwndi.

507 1704 743 1754 Edmund
915 1706 1030 1760 Per
1055 1704 1210 1760 idem
1226 1712 1476 1777 tempus,
1505 1704 1668 1760 venit
1691 1723 1727 1760 a
1752 1703 2215 1765 Curia,Romana
2236 1705 2580 1760 Edmundus
2606 1705 2964 1769 Brunselde,

511 1770 779 1886 gzungelde
843 1792 1156 1846 monachus
1206 1791 1468 1846 ecclesias
1508 1789 1708 1845 Sancti
1745 1788 2040 1844 Edmundi
2078 1789 2149 1844 de
2186 1790 2407 1861 Burgo,
2460 1790 2708 1846 afferens
2752 1808 2967 1845 secum

509 1854 779 1969 lenzyugb,
843 1876 1068 1939 Bullas,
1096 1877 1160 1930 in
1198 1876 1429 1947 quibus,
1459 1873 1607 1929 dono
1633 1880 1694 1930 ct
1729 1875 2062 1946 provisione
2090 1873 2329 1929 Domini
2364 1876 2559 1947 Papae,
2588 1877 2967 1931 asseveravit

507 1971 640 2020 taine
663 1971 747 2021 the
845 1979 907 2016 se
953 1960 1243 2016 Abbatem
1302 1966 1362 2015 et
1412 1964 1706 2031 pastorem
1763 1958 1953 2030 ipsius
2013 1958 2275 2013 ecelesiae
2329 1960 2750 2015 confirmatum.
2832 1960 2965 2015 Iste

506 2038 722 2121 {lbffi‘acy
746 2036 807 2088 ⁰1
846 2045 1138 2117 siquidem
1187 2043 1549 2109 Edmnmlns,
1576 2050 1879 2115 promotus
1929 2062 1999 2097 ex
2043 2044 2372 2100 substantia
2408 2045 2569 2099 illius
2606 2045 2962 2101 Monasterii

508 2108 760 2221 ῗῖῗίιέξωᾱ,
844 2148 1031 2202 usque
1079 2129 1154 2184 ad
1190 2147 1484 2183 summum
1519 2128 1788 2199 gradum,
1841 2129 2109 2200 quotiens
2145 2148 2182 2184 a
2219 2128 2427 2183 Studio
2460 2129 2849 2185 revocabatur
2888 2130 2965 2185 ad

507 2237 665 2300 Bury⁹
689 2188 818 2289 fmff„
843 2214 1285 2278 Monasterium,
1327 2230 1558 2284 semper
1594 2213 1992 2268 contentiosus
2043 2220 2104 2268 et
2151 2212 2466 2268 seminator
2501 2214 2959 2279 discordiarum,

511 2302 598 2354 the
619 2304 773 2369 Pope.
845 2307 905 2354 et
952 2298 1070 2352 odii
1108 2298 1443 2361 concitator,
1497 2298 1771 2353 extiterat
1811 2297 1965 2351 inter
2012 2297 2263 2363 fratres;
2320 2297 2475 2352 unde
2524 2299 2739 2354 fratres
2790 2300 2963 2354 illius

844 2384 977 2446 loci,
1018 2383 1252 2452 fatigati
1295 2399 1447 2454 saepe
1484 2398 1589 2453 per
1637 2382 1851 2452 ipsum,
1903 2398 2039 2436 cum
2086 2381 2328 2436 consilio
2382 2381 2619 2437 Domini
2669 2383 2961 2438 Johannis

845 2467 1115 2537 Brynele,
1175 2468 1358 2538 patris
1408 2472 1546 2521 tunc
1595 2471 1658 2520 et
1704 2465 1954 2537 pastoris
2004 2483 2225 2529 eorum,
2278 2470 2292 2499 ¹
2311 2464 2694 2522 decreverunt
2744 2470 2961 2539 quovis

843 2558 1030 2624 pecte,
1071 2556 1174 2606 aut
1209 2568 1313 2622 per
1357 2551 1444 2604 fas
1493 2555 1596 2604 aut
1630 2567 1738 2621 per
1772 2550 1955 2613 nefas,
2010 2549 2327 2603 deliberari
2376 2549 2482 2604 ²de
2531 2569 2784 2623 persona
2825 2571 2957 2615 sua.

842 2654 915 2690 ne
961 2635 1239 2690 videlicet
1286 2652 1402 2689 una
1438 2635 1564 2689 ovis
1602 2633 1870 2688 morbida
1904 2640 2092 2689 totum
2129 2651 2377 2705 gregem
2400 2635 2587 2706 ipsius
2610 2635 2963 2692 Monasterii

844 2721 1292 2785 contaminaret3
1334 2726 1394 2774 ct
1429 2724 1496 2774 ut
1531 2718 1769 2774 illorum
1805 2719 2166 2790 propositum
2204 2718 2433 2773 cautius
2459 2724 2519 2774 et
2555 2723 2861 2786 secretius,
2892 2741 2963 2778 ac

845 2806 970 2861 sine
1019 2804 1288 2868 fratrum,
1335 2803 1430 2859 vel
1477 2803 1611 2867 loci,
1668 2808 1771 2862 aut
1820 2803 2006 2874 ipsius
2049 2802 2364 2867 Edmundi‚
2411 2803 2700 2870 scandaIO,
2754 2808 2959 2862 sortiri

843 2889 1069 2944 valeret
1130 2889 1420 2952 effectum,
1496 2888 1749 2942 offerunt
1808 2888 1921 2941 sibi
1975 2887 2229 2942 officium
2278 2887 2684 2944 Procuratoris
2745 2891 2959 2945 domus

845 2974 1103 3037 illorum,
1144 2982 1212 3028 ut
1245 2973 1464 3027 vadens
1503 2972 1578 3026 ad
1614 2972 1937 3026 Romanam
1975 2971 2236 3036 Curiam,
2278 2971 2497 3027 ibidem
2532 2991 2641 3044 pro
2688 2975 2959 3030 ecclesias

843 3059 1293 3113 necessitatibus
1322 3058 1554 3129 jugiter
1591 3064 1941 3121 moraretur,
1983 3075 2050 3111 ac
2093 3057 2177 3112 sic
2202 3074 2307 3128 per
2344 3076 2704 3130 consequens
2742 3060 2958 3115 domus

845 3143 950 3198 illa
988 3161 1094 3197 sua
1116 3143 1429 3213 praesentia
1450 3148 1818 3205 vacuaretur,
1847 3148 1907 3196 et
1932 3142 2189 3195 fraterna
2213 3141 2381 3213 quies
2407 3144 2529 3198 suis
2557 3144 2957 3199 simultatibus

845 3229 907 3282 in
943 3234 1244 3299 posterum
1280 3227 1520 3280 minime
1556 3226 1914 3281 turbaretur.
1994 3223 2111 3281 Sed
2159 3232 2471 3298 antequam
2505 3228 2613 3282 boc
2651 3231 2957 3299 negotium

846 3330 981 3366 eum
1018 3312 1246 3381 exequi,
1289 3317 1392 3365 aut
1427 3311 1500 3365 ab
1548 3312 1634 3365 eis
1691 3310 1981 3373 recedere,
2034 3311 2445 3381 permiserunt,
2497 3313 2818 3384 cogitantes
2855 3322 2957 3369 ’et

844 3397 1190 3470 plerumque
1252 3395 1409 3466 quod
1467 3395 1604 3449 coeli
1658 3395 1892 3449 diversa
1942 3394 2122 3448 facies
2172 3394 2268 3449 vel
2323 3404 2562 3451 externa
2618 3399 2784 3469 regio
2835 3418 2955 3454 non

847 3483 865 3511 ⁴
889 3486 1079 3536 mutat
1136 3480 1496 3535 conditiones
1547 3479 1931 3550 quorundam,
1985 3496 2092 3533 nec
2150 3484 2345 3550 potest
2402 3481 2676 3554 AEthiops
2722 3489 2955 3538 mutare

846 3566 1059 3638 pellem
1085 3582 1270 3628 suam,
1311 3570 1634 3634 exegerunt
1671 3564 1744 3618 ab
1780 3563 1884 3618 illo
1912 3563 2314 3634 juramentum
2349 3564 2422 3619 de
2458 3583 2573 3620 non
2595 3566 2956 3639 adquirendo

846 3651 1045 3721 aliquo
1082 3648 1361 3703 beneficio
1411 3649 1600 3718 ipsius
1639 3647 1866 3711 domus,
1919 3652 1979 3701 et
2024 3646 2097 3701 de
2144 3665 2259 3701 non
2294 3649 2657 3719 procurando
2694 3651 2847 3722 quod
2893 3653 2957 3707 in

845 3734 1034 3807 ipsius
1095 3732 1357 3787 ecclesias
1417 3732 1651 3786 cederet
1709 3729 2117 3802 praejudicium
2183 3733 2580 3801 quovismodo·
2669 3734 2834 3804 Quod
2896 3746 2957 3791 et

840 3818 1086 3891 juravit,
1138 3818 1293 3872 facto
1355 3834 1550 3870 coram
1612 3816 1699 3871 eis
1759 3815 1994 3887 publico
2054 3822 2435 3873 sacramento.
2507 3818 2720 3875 Postea
2790 3839 2952 3885 vero,

848 3901 1311 3958 Praesidentibus
1350 3899 1612 3971 Capituli
1657 3899 1962 3955 Generalis
2006 3898 2070 3954 id
2103 3903 2572 3972 procurantibus,
2612 3905 2954 3977 impositum

847 3995 939 4043 est
992 3989 1047 4042 ei
1099 4005 1244 4042 onus
1297 3986 1703 4040 Procuratoris
1743 3984 2047 4039 Generalis
2099 3987 2280 4040 totius
2330 3986 2509 4057 Nigri
2561 3988 2825 4055 Ordinis;
2867 3998 2949 4055 et,

846 4079 916 4128 ut
950 4071 1330 4127 favorabilius
1380 4075 1783 4141 acceptaretur
1819 4088 1855 4124 a
1893 4070 2133 4126 Summo
2182 4070 2482 4136 Pontifice,
2522 4073 2745 4129 litteras
2796 4093 2953 4129 com-

847 4157 1237 4211 mendatorias
1289 4154 1328 4226 (5
1350 4172 1685 4226 quanquam
1733 4154 2069 4225 aliqualiter
2116 4162 2318 4210 contra
2364 4158 2785 4228 conscientias),
2825 4166 2949 4213 tam

848 4241 1297 4296 Praesidentium
1324 4258 1499 4310 quam
1526 4257 1647 4295 sum
1674 4238 1899 4302 domus,
1928 4238 2154 4310 accepit
2187 4240 2262 4293 ad
2299 4240 2518 4312 Papam
2541 4264 2555 4307 ;
2597 4260 2724 4313 quae
2747 4250 2951 4313 postea

848 4343 1061 4397 magno
1097 4325 1447 4380 detrimento
1483 4323 1691 4379 domus
1729 4341 1850 4379 sum
1887 4324 2070 4388 fuere,
2109 4328 2178 4379 ut
2212 4324 2457 4381 inferius
2494 4327 2813 4382 declarabO.

921 4472 1330 4479 -.-.----———-——----
1523 4472 1570 4477 ὴ-
1609 4472 1648 4477 --
1702 4471 1801 4476 ——-—
1896 4474 1905 4477 -
1956 4474 1965 4475 κ
1998 4472 2043 4475 ᾼῐ
2074 4472 2169 4476 0—-0
2186 4473 2253 4477 ἢ-
2284 4474 2469 4480 -.-----,

918 4558 931 4588 ¹
957 4556 1282 4608 discreverunt
1314 4557 1369 4607 in
1390 4557 1517 4623 orig.
2018 4558 2035 4587 ⁴
2058 4566 2245 4608 mutant
2266 4559 2317 4609 in
2342 4560 2426 4610 the
2448 4561 2645 4625 printed
2665 4570 2810 4613 texts.

914 4642 934 4668 ³
956 4654 990 4687 a
1009 4654 1218 4704 persona
1242 4638 1297 4687 in
1320 4639 1405 4688 the
1428 4638 1628 4702 printed
1650 4642 1800 4688 texts.
2015 4640 2034 4666 ⁵
2050 4654 2317 4703 quenquam
2349 4640 2403 4689 in
2441 4641 2581 4707 orig„
2613 4642 2681 4708 by
2718 4643 2953 4695 inadver-

914 4720 932 4745 ³
954 4726 1000 4767 et
1021 4717 1228 4766 omitted
1250 4717 1303 4766 in
1326 4718 1412 4768 the
1433 4718 1632 4782 printed
1653 4724 1802 4769 texts.
1950 4726 2106 4769 tence.
