3300 5617
779 719 910 785 282
1431 731 1692 785 'reolus
1738 731 2213 785 WALSINGHAM

439 926 578 977 ΑΒ.
604 933 746 980 1356.
770 921 1050 993 Peyteres
1091 937 1226 976 cnm
1247 918 1411 975 mille
1433 917 1744 989 nongentis
1766 918 2100 975 hominibus
2123 919 2487 992 totidemque
2533 921 2891 994 sagittariis,
2920 937 3041 989 us,
3060 940 3187 995 Bm

769 1006 1099 1061 venientem
1135 1011 1337 1061 contra
1359 1020 1494 1058 eum
1533 1019 1671 1058 cum
1699 1009 1923 1074 septem
1944 1002 2211 1059 millibus
2260 1003 2463 1060 electis
2500 1012 2891 1075 armatorum,
2920 1005 3138 1083 Reg.13

768 1090 1015 1161 aliisque
1051 1089 1310 1154 armatis,
1337 1087 1667 1159 pavisariis,
1694 1104 1762 1142 ac
1807 1086 2148 1152 balistariis,
2177 1088 2240 1142 in
2261 1105 2504 1143 numero
2558 1091 2889 1147 excessivo·
2920 1071 2988 1122 Ε·
3009 1087 3082 1125 ²¹·

436 1162 658 1213 Vffi⁰¹¹⁸
766 1174 1029 1229 Aderant
1066 1173 1150 1229 ibi
1187 1173 1302 1228 duo
1339 1171 1697 1237 cardinales,
1740 1188 1991 1242 quorum
2030 1189 2184 1227 unus
2224 1176 2353 1227 erat
2385 1172 2582 1229 dictus
2626 1177 2665 1200 “
2684 1173 2897 1230 Petra-

434 1236 671 1347 ζηῖᾗῗῐζῗ
772 1262 809 1285 “
848 1256 1233 1329 goricensis,’'
1292 1256 1368 1312 ad
1412 1254 1883 1328 persuadendum
1928 1271 2134 1327 pacem
2174 1256 2330 1310 inter
2380 1263 2592 1327 gentes
2649 1266 2890 1330 paratas

434 1367 519 1415 the
541 1314 720 1429 Pop’e’s
768 1341 842 1396 ad
891 1342 1130 1407 bellum,
1183 1360 1220 1396 a
1252 1341 1435 1396 latere
1487 1339 1725 1394 Domini
1760 1338 1937 1410 Papae
1992 1339 2179 1395 missi.
2256 1338 2482 1409 Quibus
2536 1359 2681 1398 cum
2723 1342 2893 1415 Papa

433 1445 623 1493 envoys
644 1440 700 1480 to
766 1426 952 1481 artius
986 1430 1002 1462 ¹
1017 1425 1367 1497 injunxisset
1399 1441 1657 1495 proesens
1710 1423 1871 1494 pacis
1908 1423 2230 1494 negotium,
2275 1424 2650 1496 respondisse
2689 1428 2888 1483 fertur

435 1496 676 1548 ffloebliflh
765 1509 956 1565 eidem
978 1509 1496 1580 Petragoricensis,
1522 1510 1560 1535 “
1576 1506 1797 1571 Ver0,''
1823 1507 2115 1578 inquiens,
2146 1510 2183 1535 “
2202 1507 2379 1563 Pater
2392 1509 2759 1577 beatissime,
2782 1518 2890 1568 aut

433 1580 599 1629 peace·
767 1595 805 1620 “
842 1610 1046 1664 pacem
1099 1592 1490 1656 suadebimuS,
1529 1596 1634 1647 aut
1668 1590 1863 1645 silices
1910 1594 1971 1645 et
2003 1595 2186 1661 petrae
2223 1590 2619 1648 clamabunt.''
2694 1595 2889 1653 Tanta

763 1676 878 1731 fuit
910 1674 933 1708 ²
946 1677 1175 1740 fiducia,
1217 1676 1372 1746 quod
1407 1674 1692 1730 Dominus
1728 1673 2009 1745 Princeps
2044 1691 2179 1729 cum
2214 1681 2379 1730 tanta
2417 1676 2718 1748 paucitate
2764 1697 2887 1735 non

761 1760 1005 1816 auderet
1038 1759 1315 1831 congredi
1347 1764 1549 1815 contra
1580 1762 1672 1813 tot
1704 1756 1900 1812 hostes
1952 1762 2096 1828 quot
2130 1764 2411 1813 venerant
2463 1766 2671 1815 contra
2718 1779 2879 1817 eum.

758 1844 781 1876 ³
796 1845 928 1900 Hoc
952 1850 1149 1900 autem
1172 1862 1209 1899 a
1231 1843 1544 1914 semetipso
1574 1858 1693 1896 non
1727 1839 1894 1903 dixit,
1923 1838 2045 1904 sed,
2073 1857 2208 1894 cnm
2234 1847 2391 1896 esset
2414 1841 2689 1899 Pontifex
2711 1844 2883 1902 illius

761 1930 1057 2000 temporis,
1083 1927 1456 2000 prophetavit
1477 1924 1549 1979 de
1574 1929 1786 1980 eventu
1810 1923 1953 1978 belli
1977 1923 2181 1979 futuri.
2240 1924 2391 1993 Quia
2413 1944 2552 1981 cum
2576 1929 2880 1999 sagittarii

758 2013 944 2068 nostri
968 2030 1166 2068 omnes
1191 2011 1436 2083 sagittas
1461 2007 1886 2081 expendissent,
1912 2007 1976 2062 in
1997 2008 2195 2064 hostes
2218 2008 2568 2066 levaverunt
2612 2010 2687 2067 de
2721 2031 2874 2085 agro

759 2104 992 2169 petroso
1025 2097 1269 2168 lapides,
1292 2101 1353 2150 et
1377 2094 1699 2150 comminus
1723 2090 2062 2147 accedentes
2096 2092 2471 2163 projecerunt
2492 2094 2558 2149 in
2582 2093 2869 2165 Gallicos,

758 2182 1149 2253 percutientes
1185 2180 1405 2251 galeas,
1443 2176 1719 2241 cassides,
1747 2182 1923 2246 atque
1959 2174 2197 2247 clypeos
2221 2176 2560 2242 eorundem,
2589 2184 2659 2235 ut
2682 2197 2868 2237 sonus

758 2265 1102 2336 proveniens
1162 2281 1235 2319 ex
1282 2268 1580 2336 petrarum
1619 2260 1837 2315 ictibus
1872 2259 1935 2314 in
1980 2260 2172 2332 campi
2220 2260 2474 2315 circuitu
2526 2261 2546 2292 ⁴
2562 2262 2871 2331 reboaret;

760 2354 820 2403 et
878 2349 964 2404 sic
1038 2346 1461 2419 quodammodo
1517 2344 1763 2415 impleta
1812 2346 1904 2398 est
1959 2344 2267 2414 prophetia
2324 2344 2677 2411 cardinalis,
2761 2351 2871 2419 qui

760 2432 1087 2503 spopondit,
1128 2431 1326 2487 dicens
1364 2429 1503 2501 quia
1541 2431 1578 2456 ‘⁶
1595 2445 1799 2499 pacem
1840 2427 2204 2494 habebimus,
2232 2434 2336 2483 aut
2379 2427 2607 2500 lapides
2643 2431 2863 2487 clama-

770 2515 1062 2581 “bunt;”
1126 2515 1229 2571 sed
1279 2513 1407 2569 hoec
1439 2511 1833 2585 postmodum.

427 2595 644 2671 victory
829 2599 1029 2670 Igitur
1069 2616 1205 2654 cum
1257 2596 1596 2653 Cardine-les
1637 2595 1793 2651 inter
1827 2602 2144 2666 utrumque
2196 2595 2478 2667 populum
2530 2597 2866 2669 diligentis-

427 2662 610 2775 {²²¹9ae
632 2663 699 2726 by
758 2685 905 2739 sime
973 2682 1405 2746 discurrissent,
1468 2686 1529 2736 et
1578 2679 1866 2735 vidissent
1939 2696 2002 2733 se
2074 2696 2191 2741 non
2268 2696 2442 2749 posse
2506 2683 2867 2752 persuadere

424 2742 651 2843 Essffid
755 2785 979 2840 pacem,
1037 2767 1411 2837 indignantes
1456 2768 1846 2819 recesserunt.
1922 2762 2003 2817 Et
2050 2778 2185 2816 mox
2220 2762 2379 2817 acies
2427 2774 2860 2833 convenerunt;

424 2875 544 2909 over
562 2862 647 2912 the
756 2852 858 2909 ubi
907 2852 1116 2924 prim0,
1168 2850 1371 2905 fractis
1406 2848 1645 2911 lanceis,
1698 2863 1833 2901 cum
1868 2845 2103 2916 gladiis,
2161 2846 2486 2912 securibus,
2548 2854 2610 2904 et
2658 2849 2864 2922 bipen-

425 2927 641 3004 Fl’qnplh
662 2935 715 2978 at
756 2936 929 2991 nibus
999 2952 1128 2989 rem
1204 2938 1470 3004 egerunt.
1589 2930 1686 2986 Ibi
1754 2929 1969 2984 claruit
2024 2929 2275 2984 victoria
2347 2929 2587 2985 Domini
2649 2932 2688 2986 J
2689 2934 2861 2990 acobi

431 2993 660 3071 P⁰¹t¹5³m
754 3023 775 3050 ⁵
790 3018 1088 3074 Arundele
1147 3017 1374 3081 militis,
1429 3014 1531 3087 qui
1577 3013 1805 3085 potenti
1851 3013 2072 3068 virtute
2113 3013 2407 3083 confregit
2439 3020 2500 3069 et
2539 3016 2864 3087 perforavit

754 3104 940 3158 aciem
1000 3102 1379 3165 Gallicorum,
1438 3105 1500 3154 et
1563 3098 1679 3153 fuit
1738 3098 1870 3169 ipsa
1937 3097 2034 3152 die
2092 3096 2255 3151 necis
2317 3098 2547 3153 occasio
2597 3098 2861 3165 hostium

758 3188 1158 3257 plurimorum.
1245 3184 1341 3239 Ibi
1421 3182 1658 3254 patebat
1720 3179 1863 3235 fides
1929 3185 1990 3235 et
2048 3178 2372 3234 constantia
2421 3179 2716 3237 Comitum
2782 3185 2858 3239 de

756 3271 1030 3342 Warwyk
1089 3276 1150 3325 et
1195 3267 1268 3323 de
1323 3266 1648 3331 Southfolk,
1707 3270 1769 3319 et
1817 3269 2161 3319 caeterorum
2219 3281 2547 3335 procerum,
2590 3267 2693 3338 qui
2729 3274 2853 3323 tam

757 3356 1034 3421 animose,
1113 3360 1235 3409 tam
1303 3351 1546 3416 fervide,
1614 3356 1734 3405 tam
1809 3348 2083 3403 atrociter
2156 3355 2582 3421 pugnaverunt,
2659 3350 2849 3407 donec

755 3458 961 3495 manus
1015 3438 1231 3509 gladiis
1290 3442 1351 3492 et
1400 3433 1702 3491 securibus
1785 3431 1804 3463 ⁶
1819 3431 2217 3503 obriguissent
2280 3430 2614 3487 eorundem.
2713 3434 2847 3490 Neo

753 3525 949 3579 minus
1035 3520 1349 3577 laudabilis
1429 3524 1559 3575 erat
1635 3518 1764 3588 ipse
1853 3516 2136 3587 Princeps
2220 3519 2282 3570 et
2363 3515 2481 3570 dux
2564 3519 2858 3575 exercitus

753 3606 1082 3678 Anglicani,
1149 3604 1251 3675 qui
1302 3621 1417 3658 non
1463 3601 1655 3659 solum
1704 3618 1766 3655 se
1815 3599 2026 3654 ducem
2082 3597 2349 3653 exhibuit
2405 3598 2468 3653 in
2513 3599 2625 3655 hoc
2675 3600 2852 3669 beno,

754 3692 858 3747 sed
896 3689 1204 3762 probatum
1242 3687 1491 3742 militem
1528 3691 1589 3740 et
1619 3690 1940 3756 expertum,
1984 3683 2261 3744 universa
2294 3687 2543 3745 tentans,
2570 3683 2593 3722 '⁴'
2609 3684 2850 3751 audens,

753 3781 814 3830 et
847 3774 1085 3836 faciens,
1125 3788 1256 3841 quae
1281 3770 1451 3824 miles
1483 3769 1741 3823 ⁸faceret
1775 3768 2089 3822 animosus.
2165 3765 2292 3820 Nec
2318 3772 2720 3821 momentanee
2757 3770 2851 3823 vel

753 3858 960 3914 leviter
1018 3855 1252 3911 transiit
1300 3855 1414 3908 ista
1461 3869 1698 3924 pugna;
1751 3851 1855 3906 sed
1914 3850 2104 3904 tribus
2154 3849 2382 3905 vicibus
2444 3868 2512 3904 eo
2565 3851 2679 3913 die,
2724 3871 2850 3923 prae

753 3940 1125 3997 multitudine
1168 3937 1703 4009 supervenientium
1738 3935 2015 3998 hostium,
2057 3933 2362 4005 oportebat
2394 3932 2679 4004 Anglicos
2729 3936 2851 3990 bel·

1916 4078 1945 4085 ..-
1964 4077 2085 4083 -.Α-
2126 4077 2263 4082 ——n-
2312 4076 2399 4081 μ·-

819 4160 831 4189 ι
880 4158 1129 4209 invgdmet
1188 4157 1243 4206 in
1305 4153 1456 4219 0rig.;
1510 4153 1766 4202 corrected
1845 4147 2850 4213 Audele;Arundelinthep1-intedtexts;

750 4241 881 4290 from
900 4240 989 4289 the
1010 4236 1210 4302 printed
1232 4241 1379 4284 texts.
1842 4227 2029 4279 Audele
2049 4227 2106 4276 in
2128 4227 2243 4279 MS.
2266 4226 2403 4277 Bibl.
2428 4227 2556 4293 Beg.
2577 4233 2636 4278 13
2660 4228 2721 4280 Ε.
2745 4231 2820 4281 ix.

816 4320 836 4348 ²
859 4316 932 4367 illi
951 4317 1148 4380 fiducia
1170 4316 1224 4363 in
1250 4314 1335 4364 the
1357 4311 1558 4377 printed
1573 4317 1725 4361 texts.
1907 4311 1928 4339 ⁶
1948 4306 2243 4374 obriqeoeeut
2282 4307 2338 4355 in
2382 4306 2509 4372 orig.
2535 4328 2549 4366 ς
2603 4311 2852 4378 probably

815 4401 836 4428 ε
858 4398 910 4448 A
932 4398 1124 4462 parody
1146 4411 1278 4460 upon
1297 4393 1432 4443 John
1455 4392 1526 4441 xi.
1551 4397 1632 4441 51.
1841 4388 1971 4438 from
2019 4403 2051 4437 a
2094 4386 2404 4450 misreading
2447 4386 2510 4434 of
2550 4386 2662 4437 MS.
2708 4391 2847 4442 Bibl.

815 4480 834 4508 ⁴
856 4476 1075 4525 roboaret
1127 4477 1180 4524 in
1219 4473 1345 4538 orig.
1374 4494 1388 4532 ;
1440 4478 1530 4521 not
1562 4471 1747 4534 impro-
1844 4469 1968 4532 Reg.
1999 4472 2058 4517 13
2082 4468 2143 4516 E.
2167 4466 2239 4515 ix.

749 4559 900 4621 bably
949 4557 1074 4605 from
1110 4572 1143 4605 a
1185 4552 1490 4617 misreading
1524 4551 1586 4600 of
1632 4550 1747 4599 MS.
1909 4549 1929 4575 ⁷
1949 4546 2151 4597 audiens
2173 4545 2225 4595 in
2249 4545 2334 4594 the
2355 4544 2551 4608 printed
2574 4552 2720 4598 texts.

749 4637 882 4687 Bibl.
909 4636 1033 4699 Reg.
1065 4641 1122 4683 13
1147 4635 1205 4683 E.
1232 4634 1302 4682 ix.
1791 4664 1798 4705 ,
1906 4631 1925 4655 ⁸
1934 4629 2131 4692 fecerat
2151 4626 2206 4675 in
2227 4626 2313 4676 the
2333 4624 2529 4693 printed
2549 4632 2697 4679 texts

815 4717 835 4744 ³
857 4712 1101 4765 Arandele
1113 4715 1168 4763 in
1184 4711 1326 4777 orig„
1345 4726 1400 4761 as
1417 4711 1603 4760 altered
1618 4709 1746 4760 from
