3300 5617
724 761 766 825 4
1321 773 1685 825 ruffin-no
1727 773 1823 824 An
1868 774 2246 825 meroem.

727 963 1100 1051 antiquitus
1156 962 1422 1050 prodita
1461 967 1621 1030 sunt
1681 964 2025 1030 mendacia
2065 963 2149 1029 de
2193 962 2493 1051 gentium
2537 966 2607 1028 et
2652 960 2828 1028 viro-

729 1088 878 1132 rum
946 1066 1215 1153 origine,
1276 1065 1492 1132 multa
1560 1071 1754 1133 erant
1819 1067 2111 1155 auguria,
2174 1067 2389 1132 multa
2453 1065 2827 1152 aruspicum

732 1189 1060 1256 responsa,
1128 1168 1362 1235 multae
1424 1169 1916 1251 divinationes3
1962 1169 2203 1258 quibus
2263 1174 2460 1235 tanta
2516 1169 2679 1235 fides
2719 1163 2829 1234 'est

734 1270 980 1350 habita,
1027 1277 1108 1337 ut
1149 1269 1381 1358 religio
1440 1293 1526 1338 ex
1584 1271 1719 1339 illis
1781 1272 2146 1340 constituta
2186 1271 2340 1360 plus
2383 1294 2579 1359 quam
2649 1272 2829 1338 mille

735 1374 930 1440 annis
1003 1373 1497 1461 perduraverit:
1558 1378 1629 1441 et
1693 1380 1918 1441 tamen
1990 1374 2303 1440 veniente
2368 1375 2442 1438 in
2509 1374 2831 1440 mundum

739 1475 988 1543 Christi
1060 1475 1442 1563 Evangelio,
1517 1477 1744 1543 ,omnia
1814 1481 2132 1564 tanquam
2221 1476 2479 1543 nehulae
2565 1476 2832 1563 penitus

736 1583 1162 1646 evanuerunt.
1250 1578 1670 1646 Adulterinae
1713 1601 1959 1646 merces
2001 1580 2215 1646 lucem
2261 1578 2428 1646 ferre
2471 1601 2608 1645 non
2649 1587 2835 1667 pote-

736 1686 907 1761 rant,
982 1681 1211 1747 eadem
1277 1686 1503 1747 tamen
1568 1688 1718 1769 post
1791 1681 2059 1769 aliquod
2118 1688 2379 1771 tempus
2451 1682 2524 1747 in
2597 1703 2832 1746 manus

736 1783 1079 1850 hominum
1138 1789 1403 1870 recepta
1444 1788 1619 1865 sunt,
1667 1805 1804 1850 non
1863 1790 2003 1851 tam
2048 1791 2128 1851 ut
2165 1785 2251 1851 iis
2295 1785 2644 1872 quisquam
2688 1784 2836 1871 capi

737 1907 934 1973 quam
980 1890 1060 1952 ut
1101 1885 1411 1953 delectari
1454 1891 1691 1974 poaeet.
1781 1886 2069 1953 Ridebat
2112 1887 2387 1974 quisque
2430 1887 2835 1975 superiorum

738 1994 1111 2076 temporum
1199 1988 1549 2069 inscitiam,
1633 1989 2066 2077 deprehendit
2163 2011 2463 2068 errorem,
2554 1990 2836 2076 denique

743 2089 1049 2178 profanos
1130 2090 1314 2168 ritus,
1381 2113 1608 2171 mores,
1658 2097 1728 2159 et
1795 2093 2195 2159 ceremonias
2261 2094 2367 2178 (ut
2427 2112 2549 2157 nos
2611 2092 2837 2176 hodie)

742 2194 885 2260 sine
950 2193 1089 2259 ullo
1155 2194 1572 2260 conscientiae
1643 2194 1793 2261 labe
1867 2201 1989 2261 ant
2063 2195 2438 2262 discrimine
2511 2194 2835 2282 legebant

410 2301 723 2382 Haeempni·
747 2296 912 2378 Quis
954 2302 1056 2362 est
1100 2296 1216 2382 qui
1259 2297 1332 2361 in
1374 2296 1500 2363 hoc
1540 2319 1687 2364 aevo
1734 2298 2090 2366 Romulum
2135 2299 2209 2363 in
2266 2298 2505 2364 coelum
2573 2298 2837 2364 subdito

410 2370 722 2493 ffivussifflfm
742 2400 1091 2486 emigrasse
1165 2397 1439 2464 credat?
1574 2399 1740 2480 Quis
1816 2400 2109 2466 Numam
2203 2399 2605 2487 Pompilium
2691 2422 2838 2466 cum

747 2502 871 2567 dea
935 2499 1176 2588 Egeria
1252 2521 1634 2588 congressus
1707 2502 1947 2568 tacitos
2021 2501 2349 2584 habuisse,
2424 2508 2495 2569 et
2569 2524 2654 2568 ex
2727 2501 2841 2566 illa

748 2603 923 2692 leges
999 2603 1328 2669 Romanas
1394 2603 1746 2671 didicisse?
1836 2604 2000 2686 Quis
2075 2605 2212 2671 Titi
2280 2604 2528 2671 Latinii
2601 2605 2844 2670 insom-

744 2707 981 2772 nium?
1114 2706 1277 2787 Quis
1352 2706 1561 2774 Marci
1638 2706 1886 2775 Ceditii
1959 2707 2041 2774 de
2121 2707 2461 2774 Gallorum
2552 2707 2843 2772 adventu

414 2813 552 2895 cinq.
585 2814 649 2865 de
749 2831 976 2876 vocem
1050 2808 1460 2875 admiretur?
1591 2808 1757 2889 Quis
1833 2813 2027 2897 putet
2115 2810 2312 2897 paulo
2399 2814 2554 2876 ante
2629 2808 2844 2877 Caesa-

412 2880 605 2998 t,¹·²0„0'¹‚'¹*
750 2933 890 2978 rem
934 2909 1355 2977 interfectum
1384 2910 1623 2977 bovem
1669 2912 1861 2977 corde
1889 2911 2215 2978 caruisse?
2261 2916 2396 2991 aut,
2444 2913 2502 2978 si
2546 2912 2843 2990 caruerit,

754 3014 1144 3080 Caesarianae
1208 3014 1437 3079 mortis
1498 3019 1882 3100 portentum
1943 3014 2192 3081 fuisse?
2279 3014 2445 3095 Quis
2504 3013 2846 3100 Tarquinii

742 3117 935 3204 jussu
1031 3116 1304 3182 Attium
1393 3116 1690 3181 Navium
1779 3120 1994 3182 cotem
2082 3116 2404 3183 novacula
2474 3116 2845 3204 praecidisse

754 3219 1107 3306 opinetur?
1197 3217 1361 3299 Quis
1392 3217 1853 3284 Alexandrum
1901 3218 2255 3286 crediderit
2306 3220 2590 3285 amicum
2632 3218 2847 3285 Ptole-

753 3346 995 3392 maeum
1038 3347 1080 3390 a
1122 3328 1335 3391 morte
1394 3325 1481 3391 ad
1531 3324 1746 3391 vitam
1807 3325 2098 3392 radicula
2162 3326 2446 3413 quadam
2498 3346 2844 3404 revocasse,

756 3449 955 3514 quam
1029 3426 1131 3491 illi
1204 3425 1399 3492 draco
1471 3448 1591 3514 per
1665 3427 1954 3513 quietem
2031 3427 2456 3495 ostenderat?
2546 3428 2638 3494 Et
2710 3428 2850 3494 haec

755 3534 982 3595 tamen
1026 3529 1247 3594 omnia
1305 3528 1390 3594 ab
1452 3529 1809 3596 Historicis
1868 3535 1937 3597 et
1997 3529 2385 3597 Oratoribus
2443 3530 2851 3618 praestantis-

756 3632 946 3698 simis
988 3631 1385 3710 scribuntur,
1446 3636 1516 3699 et
1558 3654 1601 3698 a
1643 3633 1835 3699 nobis
1894 3634 2190 3720 quotidie
2249 3633 2390 3700 sine
2449 3633 2587 3699 ullo
2632 3654 2851 3720 super-

760 3733 1054 3801 stitionis
1084 3732 1456 3799 discrimine
1484 3734 1812 3822 leguntur.
1867 3735 1973 3814 Et,
2004 3743 2084 3802 ut
2116 3735 2482 3802 Historicos
2511 3735 2849 3824 paululum

428 3862 491 3913 In
507 3859 739 3912 Historia
761 3837 1161 3914 omittamus,
1211 3836 1554 3902 veniamus
1611 3837 1698 3902 ad
1743 3836 2116 3925 Theologos.
2223 3836 2470 3903 Scribit
2524 3838 2854 3925 Turpinus

429 3944 523 3980 ⁸¹¹⁸
541 3931 606 3980 ‘¹⁰
764 3938 1105 4007 Remensis
1147 3937 1707 4026 Archiepiscopus‚
1754 3945 1824 4005 et
1867 3961 2040 4005 unus
2069 3940 2151 4005 de
2179 3939 2575 4026 primoribus
2605 3938 2852 4023 Galliae,

429 3995 634 4140 35⁰3&
764 4063 909 4108 eam
953 4041 1052 4107 illi
1095 4062 1246 4107 cum
1280 4039 1515 4107 Oarolo
1556 4041 1802 4127 Magno
1845 4042 2369 4108 familiaritatem
2404 4042 2854 4119 intercessisse,

432 4128 491 4179 ⁸¹
503 4128 712 4243 39²⁸oe
764 4149 845 4210 ut
889 4143 1061 4209 alter
1109 4142 1306 4209 alteri
1366 4141 1667 4230 religiose
1715 4144 2145 4231 promitteret,
2198 4148 2279 4210 nt
2326 4144 2628 4230 quisquis
2675 4144 2858 4229 prius

432 4208 743 4338 gssntedgbrae
766 4245 1134 4323 moriretur,
1163 4243 1398 4310 mortis
1442 4267 1578 4312 suae
1621 4250 1883 4333 tempus
1912 4266 2110 4332 quam
2154 4245 2310 4312 fieri
2332 4245 2555 4333 potuit
2584 4245 2859 4332 diligen-

432 4334 710 4444 ξξζζῑὶζξω
766 4347 1020 4412 tissime
1085 4346 1425 4434 superstiti
1489 4346 1908 4433 significaret.
2034 4347 2225 4428 Quod
2294 4369 2441 4412 cum
2509 4347 2690 4413 inter
2751 4368 2862 4412 eos

435 4467 631 4525 quantae
645 4461 668 4507 Ρ
768 4449 1082 4535 utrinque
1148 4453 1416 4535 pactum
1492 4453 2020 4535 conventumque
2093 4453 2279 4530 esset,
2354 4449 2687 4535 Turpinus
2754 4449 2860 4515 die

434 4524 619 4577 ⁸²²⁰*
645 4528 695 4575 ⁶⁰
770 4552 1072 4636 quadam,
1116 4551 1277 4615 dum
1341 4571 1481 4616 rem
1524 4551 1821 4617 divinam
1864 4552 2122 4631 faceret,
2165 4552 2240 4616 in
2284 4552 2566 4617 extasim
2611 4557 2858 4637 raptus,

758 4675 1005 4740 agmen
1045 4653 1417 4727 daemonum
1447 4654 1624 4721 vidit
1662 4675 1887 4720 versus
1918 4653 2414 4741 Letharingiam
2458 4658 2863 4741 praetereun-
