3300 5617
1163 816 1491 868 msromA
1520 816 1934 868 Ammona
2469 808 2600 876 373

128 1006 271 1060 MS,
298 1009 435 1060 Bibl.
498 1009 560 1056 et
593 1001 665 1056 ad
705 1000 997 1058 Galesiam
1033 1003 1403 1069 ducerentur,
1443 1022 1580 1060 cum
1629 1006 1788 1061 omni
1825 1012 2111 1078 apparatu
2146 1013 2503 1063 armatorum
2540 1016 2601 1064 et
2623 1018 2762 1071 ΑΒ,
2791 1024 2936 1073 1378.

132 1074 286 1153 Reg-
321 1081 378 1126 ¹3
495 1085 745 1140 aliarum
795 1104 1012 1153 rerum,
1069 1087 1199 1160 ipso
1236 1087 1554 1160 Capitaneo
1607 1089 1682 1145 de
1731 1088 1894 1146 Arde
1943 1091 2203 1146 nondum
2249 1108 2490 1162 egresso
2525 1091 2598 1147 de

130 1143 214 1193 E·
241 1157 319 1192 ¹¹·
493 1170 774 1241 praedicto
808 1172 1117 1243 colloquio,
1145 1173 1302 1244 quod
1338 1174 1465 1245 ipse
1490 1174 1690 1230 dolose
1714 1175 2070 1232 confinxerat
2092 1176 2166 1231 ad
2189 1175 2597 1247 decipiendum

495 1253 828 1326 Hugonem.
926 1255 1151 1312 Videns
1209 1257 1397 1328 igitur
1456 1259 1653 1313 omnia
1715 1259 1917 1314 venire
1978 1259 2288 1325 Calesiam,
2363 1260 2598 1331 expavit

492 1339 1022 1405 vehementissime,
1074 1341 1353 1398 recedens
1413 1360 1548 1399 cum
1607 1343 1838 1414 gemitu
1897 1351 2074 1416 atque
2132 1362 2471 1410 murmure;
2535 1350 2597 1401 et

492 1421 693 1478 dolum
745 1442 923 1495 quem
962 1425 1407 1497 imaginaverat,
1460 1427 1773 1493 fatebatur,
1815 1446 2083 1484 asserens
2143 1428 2161 1461 ¹
2177 1446 2241 1485 se
2286 1428 2592 1500 ingeniose

492 1505 800 1578 deceptum
834 1513 896 1564 et
928 1507 992 1564 in
1026 1508 1373 1567 adventione
1408 1510 1649 1583 propria
1682 1511 2164 1569 circumventum.

1306 1724 1530 1812 A‘nyli
1572 1725 1755 1794 victi.

560 1867 825 1939 Contigit
882 1869 993 1925 sub
1051 1869 1276 1925 eisdem
1335 1869 1543 1926 diebus
1602 1869 1875 1942 Anglicis
1935 1889 2117 1943 grave
2177 1873 2473 1941 damnum,
2529 1879 2591 1930 et
2613 1880 2726 1931 The

487 1952 740 2009 dedecus
774 1955 885 2010 toti
919 1972 1123 2026 regno,
1163 1954 1562 2026 imprudentia
1606 1960 1669 2011 et
1703 1955 1979 2028 superbia
2011 1957 2584 2024 Northumbrorum3
2613 1948 2888 1999 Nerthum-

488 2054 755 2107 quorum‚
783 2043 852 2094 ut
886 2043 980 2094 est
1011 2039 1337 2112 proprium,
1376 2038 1542 2110 loqui
1579 2039 1858 2094 sublimia
1890 2038 1914 2072 ²
1933 2037 2045 2111 [et]
2085 2040 2333 2111 grandia
2366 2047 2588 2097 temere
2613 2014 2926 2148 ggii-{222¹}

484 2126 789 2187 attentare,
848 2122 932 2178 ita
984 2122 1057 2177 de
1107 2122 1269 2178 facili
1324 2123 1725 2187 succumbere,
1783 2128 1845 2178 et
1897 2125 2023 2179 sine
2083 2125 2295 2195 grandi
2351 2127 2589 2196 negotio
2613 2148 2700 2199 the
2722 2148 2883 2201 Sem,

484 2205 769 2260 enervari.
846 2205 953 2261 Hii
1012 2224 1285 2278 namque,
1348 2207 1421 2262 de
1471 2225 1578 2262 sua
1627 2206 1850 2262 virtute
1923 2206 2187 2274 fidentes,
2262 2209 2587 2265 inconsulte

482 2289 659 2344 nimis
713 2295 1037 2361 eruperunt
1083 2290 1156 2345 de
1204 2289 1570 2347 Occidentali
1605 2290 1875 2346 Max-chia
1907 2289 1967 2346 in
2002 2297 2222 2347 terram
2259 2292 2585 2360 Scotorum,

481 2378 751 2445 putantes
789 2391 852 2429 se
888 2391 1061 2445 posse
1114 2373 1336 2430 ibidem
1389 2380 1616 2430 montes
1665 2391 1900 2445 aequare
1933 2375 2207 2440 vallibus,
2247 2375 2589 2448 lapidesque

480 2464 780 2513 conterere
852 2457 980 2512 sine
1051 2457 1271 2513 auxilio
1343 2458 1695 2513 vicinorum.
1798 2457 1959 2514 Scoti
2029 2476 2170 2515 vero
2241 2460 2316 2515 de
2386 2477 2589 2515 eorum

480 2540 785 2613 eruptione
839 2540 982 2596 satis
1043 2541 1253 2604 edocti,
1317 2548 1677 2614 congregata
1736 2542 2046 2598 sufficienti
2106 2549 2331 2599 armata
2387 2561 2585 2610 manu,

479 2625 564 2679 cis
626 2625 856 2681 obviam
915 2629 1342 2696 processerunt,
1406 2630 1483 2688 et,
1543 2625 1670 2681 sine
1727 2643 1942 2697 magno
2000 2643 2203 2681 eorum
2261 2626 2585 2699 dispendi0‚

479 2709 760 2779 majorem
826 2714 1053 2780 partem
1102 2725 1305 2763 eorum
1358 2707 1677 2764 crudeliter
1733 2716 2125 2780 peremerunt.
2225 2709 2353 2778 Quo
2412 2711 2584 2776 facte,

478 2793 735 2848 accrevit
759 2791 952 2847 Scotis
980 2791 1240 2857 audacia,
1278 2792 1489 2847 vicinis
1524 2791 1741 2863 Anglis
1777 2792 1954 2848 timor
1990 2798 2051 2849 et
2083 2793 2314 2857 inertia,
2354 2793 2498 2849 adeo
2521 2799 2591 2850 ut

472 2877 598 2946 jam
635 2876 1018 2931 effoeminatos
1055 2875 1347 2940 crederes,
1387 2893 1533 2946 quos
1583 2893 1793 2947 parum
1841 2881 1977 2931 ante
2014 2875 2207 2934 cordis
2245 2877 2588 2947 magnitudo

478 2966 812 3032 mquaverat
863 2959 1173 3031 leopardis.
1266 2959 1489 3016 Missus
1549 2965 1642 3015 est
1700 2977 1844 3031 ergo
1903 2959 2190 3015 Dominus
2244 2960 2587 3017 Edmundus
2612 2971 2665 3020 A
2689 2978 2828 3023 truce

478 3045 804 3109 Mortimer,
859 3043 1070 3100 Comes
1129 3044 1430 3108 Marcium,
1494 3044 1569 3099 ad
1627 3042 2000 3100 tractandum
2060 3062 2196 3099 cum
2248 3044 2461 3110 Scotis,
2519 3051 2588 3100 ut
2610 3038 2821 3089 affected
2837 3042 2908 3107 by

478 3129 657 3183 moris
718 3135 811 3184 cst
863 3128 1115 3199 singulis
1150 3126 1173 3159 ²
1193 3125 1436 3199 [annis],
1490 3126 1551 3182 in
1611 3127 1708 3183 die
1770 3144 1949 3199 quam
2000 3126 2240 3198 Anglici
2301 3134 2364 3184 et
2424 3127 2584 3185 Scoti
2609 3104 2930 3223 323?be

481 3216 519 3241 ‘⁶
558 3213 714 3268 diem
750 3212 1030 3268 Marchiae
1051 3212 1087 3237 ’'
1125 3212 1688 3268 consuetudinaliter
1724 3211 2040 3284 appellant.
2118 3211 2232 3280 Qui
2269 3211 2335 3267 id
2369 3212 2580 3278 effecit,
2607 3237 2670 3286 of
2682 3209 2823 3288 „hm-’2

476 3304 545 3353 ut
566 3303 794 3368 treugae
819 3296 1060 3353 stabiles
1084 3296 1240 3352 inter
1264 3301 1582 3368 utrumque
1617 3295 1921 3368 populum,
1962 3295 2068 3350 sed
2092 3312 2274 3367 parvo
2298 3302 2580 3369 tempore,
2610 3304 2858 3356 duration.

479 3383 867 3438 firmarentur.

653 3590 833 3657 Acta
873 3590 962 3657 in
1004 3589 1395 3656 Britannia
1438 3588 1637 3675 apud
1683 3587 2026 3656 Sanctum
2068 3587 2401 3655 Maleum.

546 3742 736 3813 Prope
771 3741 898 3797 dies
934 3741 1080 3796 istos
1117 3740 1252 3795 Dux
1290 3739 1670 3804 Lancastriae,
1709 3738 1875 3810 cujus
1911 3739 2254 3794 memoriam
2286 3755 2442 3811 saepe
2475 3756 2584 3811 per
2607 3750 2719 3802 The
2741 3752 2894 3805 Duke

476 3831 610 3880 ante
645 3824 911 3890 fecimus,
951 3829 1086 3896 post
1124 3824 1362 3895 longam
1397 3829 1459 3879 et
1506 3822 1796 3877 diutinam
1828 3840 2053 3899 moram
2089 3823 2153 3877 in
2186 3827 2363 3887 terra,
2403 3841 2581 3892 quam
2606 3817 2667 3867 of
2678 3818 2815 3868 Lan-

475 3913 855 3979 protraxcrat‚
904 3907 1050 3979 jam,
1108 3906 1249 3963 licet
1295 3907 1481 3971 ⁸sern,
1534 3912 1986 3962 conversaturus
2035 3906 2098 3961 in
2145 3905 2316 3976 aquis
2365 3905 2580 3962 validis
2604 3891 2766 3934 mter
2786 3901 2895 3950 Ρη·

477 3992 823 4061 accingitur,
864 4009 998 4047 cum
1033 3990 1207 4046 turba
1242 3992 1387 4047 satis
1421 3991 1637 4057 valida,
1664 4008 1872 4045 versus
1908 4007 2087 4044 mare.
2164 3989 2305 4058 Quae
2343 3990 2580 4061 quidem
2603 3960 2828 4081 murz:
2849 4027 2902 4070 at

481 4074 793 4130 multitudo
839 4073 914 4130 ad
965 4074 1355 4130 resistendum
1403 4075 1767 4146 quibuslibet
1822 4074 2088 4129 hostibus
2137 4073 2482 4139 suffecisset,
2530 4075 2582 4129 si
2607 4084 2719 4135 last.

481 4159 594 4213 Dei
630 4159 824 4229 gratia
870 4164 1032 4215 tanto
1078 4159 1302 4230 agmini
1351 4160 1594 4214 minime
1642 4157 1944 4213 defuisset.
2023 4155 2142 4212 Sed
2176 4157 2359 4230 pudet
2391 4175 2583 4213 recor-

480 4243 732 4298 dationis
778 4248 868 4299 tot
911 4260 1110 4298 rerum
1156 4249 1280 4298 tam
1339 4242 1494 4297 male
1554 4247 1857 4313 gestarum
1904 4240 2034 4312 ipso
2092 4246 2373 4312 tempore,
2436 4241 2582 4297 adeo

479 4331 550 4383 ut
572 4327 806 4383 silentio
842 4326 1030 4382 multa
1051 4332 1322 4397 tegamus
1349 4343 1481 4397 quoe
1518 4325 1775 4380 scribere
1811 4323 2173 4391 deberemus,
2213 4342 2286 4379 ne
2322 4326 2471 4381 forte
2508 4324 2581 4380 ab

482 4480 541 4487 οη.-
568 4481 725 4488 —-.-——

545 4581 637 4630 ¹se
648 4579 856 4629 omitted
870 4579 926 4628 in
946 4578 1034 4629 the
1056 4578 1256 4642 printed
1278 4585 1426 4629 texts,
1650 4578 1671 4605 ⁸
1691 4593 1744 4625 sc
1798 4575 1853 4625 in
1909 4576 2037 4640 orig.
2090 4577 2192 4625 and
2246 4575 2331 4625 the
2381 4575 2581 4639 printed

544 4659 566 4689 ²
587 4658 825 4723 Supplied
872 4658 1002 4708 from
1049 4657 1182 4707 Bibl.
1235 4657 1361 4722 ch.
1422 4661 1481 4706 13
1582 4663 1717 4705 texts
1741 4674 1756 4715 3
1781 4655 2035 4704 corrected
2057 4653 2186 4704 from
2208 4653 2340 4703 Bibl.
2364 4654 2489 4719 Reg.
2519 4660 2579 4704 13

480 4740 541 4789 Β.
564 4739 640 4789 ix.
665 4759 679 4799 3
703 4736 911 4789 omitted
932 4737 986 4788 in
1010 4735 1096 4788 the
1116 4735 1315 4801 printed
1330 4743 1477 4786 texts.
1582 4736 1642 4785 Ε.
1665 4734 1738 4786 ix.
