3300 5617
1012 834 1341 887 msa-osu
1383 836 1803 890 ANGLICANA.
2338 830 2466 894 389

50 1052 83 1074 .-
122 1026 285 1079 Bibl.
355 1018 600 1088 quirens
638 1019 691 1073 si
728 1019 857 1091 ejus
895 1021 1248 1077 conscientia
1281 1023 1380 1079 vel
1415 1024 1658 1081 consilio
1708 1025 1960 1081 fuissent
2007 1034 2235 1096 treuga>
2270 1027 2467 1082 taliter
2492 1035 2626 1087 A.D.
2657 1039 2799 1089 1378.

49 1109 104 1169 ς·
143 1099 215 1145 13
354 1101 610 1168 violata),
665 1110 727 1159 et
776 1104 902 1159 haec
953 1106 1147 1160 omnia
1204 1114 1555 1178 perpetrata.
1633 1109 1746 1178 Qui
1798 1111 2126 1176 affirmavit,
2185 1128 2248 1165 se
2303 1112 2465 1167 nullo

49 1176 143 1212 ¹¹·
352 1186 530 1240 modo
583 1187 792 1242 horum
828 1190 1125 1245 conscium
1173 1192 1455 1257 extitisse,
1512 1210 1619 1249 neo
1674 1195 1849 1251 istam
1903 1195 2178 1265 injuriam
2228 1198 2462 1267 praesci-

348 1269 547 1336 visse;
607 1272 930 1341 quinimmo
982 1275 1270 1344 promisit,
1329 1294 1393 1332 se
1428 1278 1581 1333 velle
1628 1280 2014 1335 communiter
2049 1298 2185 1337 cum
2234 1280 2461 1339 comite

349 1353 414 1408 N
416 1354 794 1410 orthumbriae
846 1356 922 1411 ad
972 1358 1166 1413 locum
1200 1378 1530 1432 properare,
1571 1366 1650 1427 et,
1691 1370 1975 1435 quantum
2008 1364 2073 1419 in
2124 1365 2251 1436 ipso
2287 1366 2457 1432 foret,

350 1437 638 1494 auxilium
706 1439 1043 1511 impendere
1112 1443 1188 1498 ad
1258 1445 1718 1516 extorquendum
1790 1448 1984 1518 ipsum
2056 1455 2314 1505 castrum
2385 1451 2459 1505 de

349 1523 622 1577 manibus
657 1525 1030 1595 perfidorum.
1129 1528 1387 1585 Veniens
1424 1536 1621 1586 autem
1668 1532 1838 1602 juxta
1872 1532 2221 1599 condictum,
2261 1536 2457 1605 requi-

350 1606 497 1661 sivit
565 1624 683 1672 cos,
754 1609 972 1664 virtute
1040 1616 1403 1682 treugarum,
1458 1620 1528 1670 ut
1583 1614 1897 1672 redderent
1955 1622 2230 1681 castrum,
2300 1619 2456 1688 quod

352 1690 572 1761 injuste
610 1700 1048 1764 occupaverant,
1104 1696 1256 1767 Regi
1309 1697 1544 1768 Anglioe
1580 1699 1676 1754 vel
1728 1699 1945 1755 comiti
1995 1700 2449 1766 Northumbriae,

353 1792 461 1828 seu
509 1781 797 1831 attornato
832 1777 1035 1847 Regis.
1113 1779 1244 1848 Qui,
1300 1799 1459 1837 more
1496 1784 1692 1852 gentis
1728 1801 1950 1850 eorum,
2004 1785 2447 1855 responderunt,

354 1866 475 1913 tam
538 1861 795 1917 breviter
854 1881 1030 1933 quam
1089 1864 1431 1935 procaciter,
1487 1884 1549 1921 se
1609 1868 1942 1923 nullatenus
2003 1868 2156 1939 Regi
2216 1869 2451 1939 Angliae

353 1950 611 1998 castrum
653 1945 821 2010 illud,
877 1964 985 2001 nec
1034 1947 1187 2018 Regi
1245 1948 1475 2014 Scotiae,
1531 1951 1904 2018 reddituros3
1960 1952 2282 2022 quinimmo
2333 1974 2451 2008 ser-

352 2034 560 2082 varent
617 2029 766 2083 illud
824 2030 1029 2087 usibus
1095 2032 1277 2102 Regis
1349 2033 1613 2089 Francia)
1674 2042 1873 2090 contra
1924 2053 2123 2091 omnes
2189 2037 2449 2094 homines

353 2111 635 2180 quamdiu
687 2114 971 2169 viverent.
1048 2114 1216 2183 Quod
1270 2122 1335 2173 et
1393 2134 1567 2189 opere
1618 2120 2088 2189 compleverunt3
2144 2138 2278 2175 nam
2321 2128 2451 2177 octo

350 2195 557 2251 dicbus
630 2204 927 2254 servantes
1000 2198 1168 2265 illud,
1242 2218 1392 2256 nono
1464 2200 1579 2267 die,
1656 2208 1723 2257 ut
1805 2203 2164 2274 praedicitur,
2252 2205 2451 2275 gladio

350 2280 669 2351 perierunt.

422 2576 527 2643 De
571 2575 993 2647 dissensione
1036 2577 1225 2646 ‘latter
1266 2578 1517 2666 Reyem
1560 2579 1885 2648 Franciae
1931 2587 1992 2649 et
2035 2579 2370 2650 Britones.

418 2739 544 2795 Rex
579 2740 958 2805 Francorum,
998 2740 1220 2796 eisdem
1256 2741 1462 2799 diebus
1499 2748 1699 2799 coacto
1737 2743 2135 2799 Parliamento
2158 2744 2443 2810 Parisius,
2469 2738 2598 2789 ΨΜ·
2618 2739 2702 2789 bo-

349 2842 618 2894 proceres
661 2825 999 2890 Britanniae,
1037 2826 1141 2896 qui
1181 2825 1484 2891 affuerant,
1521 2827 1727 2898 jurare
1769 2828 2054 2899 compulit
2094 2827 2168 2882 ad
2205 2827 2447 2883 redden-
2472 2812 2632 2920 {gem
2657 2809 2740 2858 ‘¹¹⁰

346 2909 485 2962 dum
519 2909 692 2965 villas
728 2910 982 2965 munitas
1019 2916 1080 2964 et
1114 2910 1355 2965 castella
1402 2929 1533 2982 quae
1574 2911 1864 2966 habebant
1897 2912 1959 2965 in
1993 2911 2281 2976 manibus,
2334 2913 2448 2967 sibi
2471 2876 2695 2990 Frssffessf

346 2993 439 3046 vel
475 2992 603 3064 ejus
639 2995 958 3065 assignatO,
1013 2993 1473 3066 quandocunque
1528 2994 1790 3066 placeret
1830 2995 2020 3050 eidem
2068 2996 2220 3066 Regi
2245 3002 2443 3066 petere
2468 3007 2571 3055 and
2593 3007 2679 3057 the

347 3077 416 3130 ab
441 3076 682 3133 eisdem.
756 3077 1039 3133 Nolentes
1079 3082 1276 3132 autem
1318 3078 1600 3149 quosdam
1641 3095 1706 3133 se
1743 3079 2072 3149 astringere
2106 3078 2444 3150 hujusmodi
2467 3073 2695 3125 Bretonss·

340 3161 672 3230 juramento
727 3162 933 3217 mortis
994 3162 1465 3218 interminatione
1514 3163 1821 3227 deterruit,
1879 3168 1939 3218 et
1990 3163 2194 3233 jurare
2250 3163 2445 3233 coegit

346 3244 577 3299 multos,
655 3245 923 3301 Britanni
964 3262 1123 3311 vero,
1152 3251 1287 3317 post
1323 3246 1546 3301 dictum
1587 3245 2049 3301 Parliamentum
2099 3244 2441 3301 festinantes

346 3327 417 3382 ad
457 3329 710 3401 propria,
761 3330 1100 3384 munierunt
1148 3347 1254 3384 sua
1308 3328 1454 3396 loca,
1508 3334 1934 3402 comportantes
1976 3329 2336 3385 frumentum
2382 3335 2443 3385 et

347 3418 556 3468 caetera
596 3414 926 3468 necessaria
958 3412 1034 3468 ad
1075 3414 1521 3469 instaurandum
1563 3414 1807 3470 castella
1854 3431 1977 3468 sua.
2070 3413 2198 3468 Rex
2243 3419 2439 3469 autem

349 3496 626 3563 Franciae,
672 3497 847 3570 paulo
895 3504 1047 3570 post,
1115 3498 1280 3554 misit
1326 3498 1722 3554 Bertrandum
1769 3497 2036 3570 Glykeyn
2076 3516 2211 3553 cum
2280 3516 2441 3552 exer-

348 3581 465 3635 citu
508 3582 758 3654 copi080,
793 3582 868 3637 ad
906 3582 1364 3652 extorquendum
1389 3583 1660 3654 praefatas
1698 3582 2049 3637 munitiones
2075 3582 2147 3637 de
2172 3582 2439 3636 manibus

350 3664 780 3730 Britannorum,
840 3670 899 3720 et
954 3666 1370 3737 imponendum
1417 3666 1674 3721 Francos
1717 3682 1873 3721 suos.
1975 3665 2092 3721 Sed
2142 3665 2433 3730 Britones‚

348 3767 458 3803 non
496 3749 688 3819 ignari
731 3749 802 3804 de
844 3749 1097 3805 adventu
1137 3766 1357 3816 eorum,
1396 3750 1742 3808 restiterunt
1766 3749 1851 3805 eis
1875 3750 2146 3815 viriliter,
2175 3756 2437 3805 arcentes

349 3850 442 3886 eos
482 3850 517 3887 a
554 3833 767 3888 finibus
805 3833 1125 3891 Britannjae
1174 3853 1309 3891 cum
1366 3840 1593 3890 armata
1644 3852 1823 3891 manu
1877 3834 2091 3899 valida,
2148 3838 2210 3888 et
2254 3842 2436 3887 retro·

350 3915 553 3971 cedere
601 3917 1027 3989 compulerunt.
1127 3920 1207 3974 Et
1257 3918 1368 3974 hac
1429 3917 1732 3974 occasione
1790 3918 1946 3973 facta
1999 3925 2093 3973 est
2150 3915 2437 3973 dissensio

349 4000 495 4054 inter
536 4000 763 4072 Regem
803 4002 1067 4059 Francioe
1106 4010 1168 4059 et
1203 4003 1537 4058 Britannos.

414 4085 648 4139 Transit
688 4103 873 4141 annus
907 4087 1020 4142 iste
1061 4087 1233 4143 laetus
1287 4092 1349 4141 et
1394 4086 1664 4141 abundus
1710 4083 2101 4151 victualibus3
2155 4083 2435 4139 Ecclesiae

346 4169 777 4241 perturbativus
838 4176 1076 4242 propter
1141 4188 1368 4225 errores
1436 4174 1834 4223 excrescentes
1887 4168 1952 4221 in
2011 4167 2186 4230 clem,
2244 4167 2434 4221 tristis

346 4260 577 4325 propter
647 4260 913 4307 mortem‘
964 4254 1140 4325 Papae
1207 4253 1524 4324 Gregorii3
1600 4252 1854 4323 Anglioe,
1907 4250 2188 4313 Francus,
2256 4255 2434 4320 atque

350 4338 571 4401 Scotiae,
636 4336 652 4367 ¹
678 4336 855 4405 [sive]
908 4336 1228 4391 Britanniae
1271 4345 1596 4407 suspectus,
1637 4335 1938 4400 molestus,
1998 4340 2059 4391 et
2112 4334 2429 4405 inquietus,

346 4426 574 4493 propter
610 4424 803 4475 motus
842 4420 1036 4474 varios
1081 4425 1141 4474 et
1182 4425 1443 4475 eventus.

460 4776 471 4805 ¹
494 4774 726 4826 merted
748 4774 880 4825 from
902 4774 1039 4825 sibl.
1064 4774 1191 4840 neg.
1220 4778 1278 4823 13
1302 4772 1363 4826 n.
1386 4771 1482 4826 im
1521 4771 1736 4823 omitted
1755 4770 1810 4822 in
1832 4771 1915 4823 the
1937 4770 2138 4837 printed
2159 4742 2309 4823 texts}
