3300 5617
790 756 917 820 154
1451 765 1711 817 mom
1754 763 2222 816 wammam

444 965 578 1020 AD.
606 969 749 1016 1318.
776 953 1141 1010 satisfaceret
1158 950 1536 1025 petitionibus
1570 956 1694 1008 tam
1728 951 1834 1007 diu
1866 950 2207 1023 concupitis.
2284 949 2412 1022 Quo
2446 951 2542 1008 die
2574 951 2865 1017 veniente,
2893 952 3182 1018 kaelove,

775 1044 837 1094 et
880 1038 1096 1110 populo
1141 1054 1276 1093 cum
1322 1036 1697 1107 magnatibus
1746 1035 1875 1092 loco
1907 1036 2144 1108 praefixo
2178 1035 2506 1103 assistente,
2545 1036 2673 1092 Rex
2705 1053 2869 1091 more
2893 1029 3154 1142 ffisshu

775 1123 947 1181 solito
969 1122 1287 1195 promissos
1308 1121 1608 1178 Articulos
1632 1121 1922 1178 concessit
1955 1122 2273 1178 observari.
2349 1120 2365 1153 ¹
2387 1120 2505 1179 Sed
2528 1121 2644 1177 cito
2666 1126 2872 1193 postea
2998 1128 3024 1207 ⁶-
3051 1107 3105 1208 ιζ

775 1208 1071 1263 concessio
1127 1204 1150 1239 ²
1167 1205 1353 1279 Regis
1410 1205 1685 1278 apparuit
1739 1223 1857 1262 non
1914 1205 2104 1263 solum
2164 1205 2395 1273 frivola,
2459 1206 2563 1263 sed
2633 1206 2867 1280 penitus
2893 1224 2956 1276 Ε,

775 1292 1162 1349 fraudulenta.

441 1380 555 1431 The
845 1376 1019 1432 ⁸Hiis
1055 1375 1319 1449 expletis,
1358 1373 1719 1439 Cardinales,
1758 1373 1929 1446 quasi
1974 1374 2197 1446 grande
2243 1373 2388 1445 quid
2433 1379 2763 1447 patrassent
2809 1374 2873 1431 in
2895 1378 3010 1431 MS.
3033 1378 3153 1430 Bihl.

442 1446 737 1578 guffi-
775 1477 978 1532 regno,
1017 1464 1256 1533 accepta
1286 1459 1543 1523 licentia,
1583 1458 1659 1515 ad
1695 1457 1931 1515 Curiam
1980 1458 2299 1524 redierunt,
2338 1476 2471 1531 quoe
2505 1465 2645 1516 tuno
2679 1459 2875 1516 fuerat
2895 1446 3103 1564 {eff-¹¹¹³

441 1582 575 1632 land.
776 1545 1101 1601 Ambianis.
2945 1550 2958 1564 ,

442 1646 754 1699 Pafflmem
846 1630 1068 1685 Eodem
1103 1645 1253 1685 anno
1287 1628 1479 1684 tenuit
1498 1628 1626 1684 Rex
1646 1627 2106 1684 Parliamentum
2129 1627 2442 1684 Londoniae
2476 1628 2635 1683 circa
2654 1628 2872 1684 festum
2897 1639 3180 1700 Trokebn,

443 1722 496 1766 at
510 1715 738 1767 Loudou.
778 1714 977 1771 Sancti
992 1713 1326 1779 Michaeli83
1353 1712 1416 1767 in
1439 1730 1555 1784 quo
1577 1712 1694 1767 fuit
1715 1712 2045 1767 ordinatum
2070 1711 2226 1780 quod
2247 1713 2490 1768 haberet
2508 1713 2572 1767 in
2588 1713 2870 1768 auxilium
2895 1712 3164 1824 lag-'‘54⁴-

778 1804 981 1854 contra
1016 1797 1220 1854 Scotos
1274 1796 1489 1852 electos
1540 1795 1806 1852 homines
1857 1796 1930 1852 de
1980 1798 2000 1827 ⁴
2018 1795 2279 1867 qualibet
2327 1797 2565 1853 civitate
2598 1797 2696 1853 vel
2729 1797 2876 1853 villa
3035 1775 3153 1892 Ῑῗὲδι·

776 1881 948 1953 regni
985 1897 1116 1953 quae
1149 1880 1413 1936 homines
1449 1880 1722 1936 exhibere
1755 1885 1973 1952 posset.
2049 1880 2138 1935 De
2173 1880 2410 1937 civitate
2446 1880 2875 1937 Londoniarum
2901 1840 3050 1958 ἐξὲξ,

443 1980 534 2031 A„
556 1994 700 2046 army
778 1966 940 2022 ‘dati
974 1973 1114 2022 sunt
1144 1964 1384 2021 ducenti
1426 1964 1562 2029 viri,
1591 1965 1803 2021 armati
1839 1963 1919 2020 ad
1951 1982 2231 2036 unguem,
2259 1965 2331 2021 de
2356 1964 2675 2022 Cantuaria
2696 1967 2878 2038 quad-

442 2047 606 2127 levipd
778 2051 1029 2122 raginta,
1082 2050 1155 2106 de
1202 2049 1347 2106 villa
1401 2048 1599 2106 Sancti
1650 2048 1864 2105 Albani
1916 2049 2152 2114 deoem;
2215 2056 2278 2105 et
2325 2050 2411 2106 sio
2457 2057 2878 2123 consequenter

442 2114 741 2233 ww
778 2136 851 2191 de
887 2134 1222 2192 civitatibus
1269 2140 1332 2189 et
1374 2133 1534 2189 villis
1582 2134 1773 2205 regni,
1804 2134 1976 2206 juxta
2008 2133 2285 2190 villarum
2316 2134 2414 2190 vel
2448 2135 2684 2190 urbium
2720 2136 2875 2192 aesti-
2921 2157 2928 2163 ·

514 2197 546 2231 ⁰
776 2221 1110 2277 mationem.
1185 2217 1301 2289 Qui
1349 2219 1693 2290 congregati
1745 2235 2028 2291 magnum
2080 2219 2479 2276 conflaverunt
2536 2220 2874 2284 emmim,

445 2338 634 2390 which
654 2336 756 2389 di,-
777 2311 839 2362 et
884 2304 1149 2360 hostibus
1199 2302 1411 2359 melius
1465 2302 1915 2359 formidandum.
1994 2303 2112 2360 Sed
2161 2321 2298 2360 cum
2344 2304 2750 2375 pervenissent
2807 2304 2880 2360 ad

780 2391 1126 2453 Eboracum,
1185 2388 1422 2444 suborto
1471 2388 1749 2453 tumultu,
1803 2388 2025 2460 pariter
2084 2394 2145 2443 et
2202 2389 2500 2444 simultate
2559 2406 2693 2443 cum
2747 2389 2880 2444 aliis

442 2421 622 2472 pem
782 2473 1230 2549 impedimentis,
1267 2474 1484 2529 infecto
1517 2472 1755 2544 negotio
1789 2473 2074 2529 licentiati
2110 2473 2186 2529 ad
2219 2475 2457 2546 propria
2488 2473 2807 2529 redierunt.

446 2578 536 2627 A„
559 2577 724 2629 m.
851 2559 929 2614 In
963 2558 1222 2615 crastino
1261 2556 1463 2613 Sancti
1511 2557 1696 2612 Bricii
1733 2563 2124 2613 terrm-motus
2166 2558 2283 2614 fuit
2314 2576 2564 2631 magnus
2602 2564 2664 2614 et
2695 2558 2883 2615 horri-

445 2644 625 2710 quake.
784 2644 942 2708 bilis,
981 2643 1284 2699 deterrens
1320 2641 1498 2698 corda
1530 2643 1869 2698 mortalium
1903 2642 2311 2713 plurimorum.

446 2750 629 2801 Dese„
641 2752 741 2803 md
853 2728 971 2784 Per
1003 2727 1161 2783 idem
1195 2731 1427 2798 tempus
1461 2726 1784 2783 Edwardus
1818 2726 1877 2781 le
1912 2725 2086 2790 Erus,
2126 2726 2307 2782 frater
2342 2727 2527 2799 Regis
2554 2726 2877 2793 Scotorum,
2905 2738 3042 2791 Com,
3062 2739 3161 2791 Τι-ῑ.

444 2817 596 2868 deatb
616 2818 677 2868 of
782 2813 886 2885 qui
932 2812 1059 2883 jam
1112 2828 1217 2883 per
1262 2810 1579 2866 triennium
1615 2810 1964 2866 Hiberniam
2009 2809 2405 2877 infestaverat,
2456 2816 2517 2867 et
2563 2829 2625 2866 se
2661 2812 2879 2867 ibidem
2904 2815 2998 2865 vet,
3019 2814 3151 2872 1¹·ae-

446 2884 668 2935 Ed'ffl'd
779 2899 842 2953 in
890 2913 1093 2968 regem
1146 2900 1544 2960 coronaverat,
1597 2895 1761 2950 nullo
1806 2894 1962 2966 jure,
2015 2912 2052 2950 a
2100 2895 2370 2951 fidelibus
2419 2895 2602 2968 Regis
2644 2896 2878 2966 Angliae
2904 2874 3010 2923 MS.
3033 2874 3148 2925 ΒΜ·

446 2951 628 3003 Bmoe’
778 2987 983 3053 captus
1044 2986 1151 3046 est,
1215 2985 1278 3037 et
1332 2985 1571 3052 propter
1630 2996 1798 3036 suam
1855 2981 2366 3051 praesumptionem
2426 2986 2488 3035 et
2546 2981 2878 3052 superbiam
2901 2941 3098 3056 ἵζω

778 3066 1100 3121 decollatus
1152 3065 1216 3119 in
1264 3063 1567 3130 Dondalk;
1624 3064 1646 3092 ⁸
1665 3061 2018 3135 [expectavit
2075 3065 2137 3118 in
2195 3081 2399 3135 campo
2452 3064 2525 3119 de
2579 3064 2874 3133 Dondalk]

778 3149 1003 3220 Anglos
1056 3149 1241 3221 Regis
1290 3149 1510 3213 fideles,
1569 3147 1751 3203 donec
1801 3153 2141 3220 caperetur;
2182 3148 2389 3205 occisis
2441 3148 2758 3205 baronettis
2806 3149 2877 3204 de

782 3234 979 3290 Scotia
1011 3232 1224 3305 viginti
1258 3250 1467 3289 novem
1508 3232 1571 3287 in
1617 3232 1820 3287 eodem
1868 3249 2091 3304 campo,
2131 3238 2192 3288 et
2228 3232 2485 3303 quinque
2520 3232 2784 3288 millibus
2822 3241 2880 3288 et

779 3318 1131 3389 octingentis
1167 3315 1319 3382 aliis,
1347 3321 1560 3389 praeter
1596 3315 1817 3372 milites
1853 3322 1915 3371 et
1947 3315 2172 3371 nobiles
2209 3315 2591 3388 supradictos,
2619 3316 2878 3372 Primate

780 3402 854 3456 de
905 3400 1163 3457 Armaoh
1210 3418 1319 3473 pro
1368 3400 1534 3472 Rege
1587 3400 1920 3471 Anglorum
1968 3401 2270 3471 capitaneo
2320 3401 2637 3456 existente=
2679 3402 2879 3472 sicque

783 3485 1206 3559 quodammodo
1251 3502 1408 3542 mors
1446 3484 1694 3540 Comitis
1731 3483 2135 3550 Gloucestriae‚
2173 3502 2362 3557 nuper
2402 3486 2691 3558 perempti
2727 3487 2882 3557 apud

783 3570 1116 3642 Stryvelyn,
1182 3570 1617 3640 multorumque
1676 3567 1912 3639 Angliae
1982 3568 2268 3625 nobilium
2337 3569 2600 3625 virorum
2670 3570 2882 3625 occisio

780 3655 1000 3712 ibidem
1035 3654 1206 3718 facta,
1245 3653 1309 3709 in
1361 3653 1597 3725 signum
1648 3652 1836 3707 ruinae
1883 3652 2125 3724 majoris
2164 3652 2181 3680 ²
2197 3652 2353 3718 vitae,
2391 3653 2633 3709 ultionis
2669 3653 2881 3709 divinae

780 3739 1002 3813 pariter
1037 3744 1100 3795 et
1129 3739 1417 3803 humanm,
1455 3736 1682 3809 recepit
1713 3736 2005 3793 Robertus
2041 3736 2114 3792 de
2151 3736 2324 3792 Brus.

850 3962 863 3991 ¹
890 3960 1004 4011 The
1016 3960 1267 4025 language
1280 3958 1340 4009 of
1349 3956 1644 4009 Trokelowe
1661 3957 1784 4009 here
1945 3961 1965 3988 ⁸
1988 3956 2213 4010 Omitted
2235 3958 2290 4009 in
2312 3958 2475 4023 orig.;
2499 3958 2730 4023 supplied
2753 3959 2883 4010 from

780 4041 828 4091 is
860 4040 1211 4103 considerably
1244 4037 1449 4098 altered,
1482 4039 1582 4087 and
1621 4052 1783 4088 some·
1877 4037 2013 4088 Bibl.
2039 4039 2169 4103 Reg.
2198 4043 2259 4088 13
2281 4037 2343 4089 E.
2366 4038 2442 4089 ix.
2487 4039 2551 4088 In
2573 4039 2660 4089 the
2684 4038 2882 4103 printed

780 4118 918 4170 what
937 4119 1209 4183 amplifled.
1878 4123 2030 4180 texts,
2050 4118 2139 4169 the
2168 4118 2335 4168 whole
2363 4132 2589 4183 passage,
2611 4120 2883 4185 expectavit

844 4200 866 4229 ²
887 4197 1114 4249 Omitted
1133 4196 1188 4247 in
1210 4195 1300 4248 the
1319 4195 1520 4262 printed
1539 4202 1692 4247 texts.
1880 4233 2244 4248 ........
2278 4205 2535 4263 caperem
2571 4198 2618 4248 is
2660 4198 2881 4249 omitted.

847 4278 1087 4328 ’Instead
1120 4277 1181 4327 of
1204 4276 1309 4327 this
1340 4290 1566 4341 passage,
1591 4275 1781 4326 'Proke-
1880 4276 1992 4327 The
2026 4276 2267 4327 omission
2304 4277 2396 4327 has
2433 4276 2600 4327 arinen
2635 4277 2766 4328 stom
2796 4277 2883 4327 the

783 4357 911 4407 love
922 4355 1113 4420 merely
1130 4369 1264 4421 says,
1285 4352 1621 4406 “cardinales
1637 4353 1782 4404 licen·
1880 4358 2064 4406 second
2125 4371 2416 4407 recurrence
2478 4356 2541 4406 of
2596 4356 2683 4407 the
2746 4357 2882 4406 word

784 4439 817 4464 “
851 4436 966 4485 tiata·
985 4433 1049 4484 ab
1071 4433 1256 4501 Anylia
1276 4434 1616 4485 recesserunt.‘'

849 4515 871 4545 ⁴
888 4512 1088 4580 quilibet
1128 4514 1184 4563 in
1226 4513 1353 4578 orig.
1381 4534 1396 4575 ς
1435 4514 1508 4579 hy
1550 4512 1781 4565 inadver-

782 4603 941 4646 tence.

847 4675 868 4703 ⁸
888 4672 1016 4723 daeoe
1039 4671 1090 4723 in
1114 4671 1272 4738 orig.;
1307 4672 1646 4737 erroneously.

1884 4439 1916 4465 “
1933 4435 2218 4487 Dondalkss'

1946 4517 1968 4546 '
1989 4517 2137 4566 vicem
2193 4515 2391 4566 ultionis
2444 4515 2640 4578 divine,
2689 4516 2743 4566 in
2800 4516 2885 4566 the

1881 4594 2242 4647 Continuation
2265 4594 2534 4646 ofTrivet.
