3300 5617
1066 821 1395 872 HISTORIA
1425 820 1848 872 AnomoANA.
2412 806 2534 870 361

90 1009 229 1060 MS.
252 1010 388 1060 Bibl.
462 1013 500 1038 ‘⁶
539 1016 601 1066 et
621 1010 755 1066 aliis
779 1008 1480 1081 Sanctis.—Suppositum
1524 1008 1541 1042 ¹
1560 1008 1736 1081 hujus
1761 1005 2322 1064 duodecimae—Isti
2352 1010 2548 1061 tamen
2571 1011 2708 1063 A.l).
2737 1014 2877 1062 1378.

92 1076 243 1161 1³53·
274 1083 334 1129 ¹3
463 1096 501 1122 “
539 1111 654 1149 non
706 1093 900 1150 obstat
951 1092 1106 1163 quod
1158 1094 1397 1164 exigant
1446 1093 1792 1166 temporalia
1849 1110 1955 1165 per
1989 1108 2264 1147 censuras
2315 1089 2548 1145 ecclesi-

96 1143 173 1192 h‘
204 1159 279 1194 ¹¹⁶
461 1182 499 1206 “
537 1178 751 1233 asticas
787 1177 1107 1232 accessorie
1143 1177 1219 1231 ad
1252 1175 1703 1231 vindicationem
1739 1176 1852 1231 Dei
1891 1176 2002 1231 sui.

530 1265 569 1290 ‘⁸
599 1259 744 1334 [13.]
780 1261 916 1317 Non
952 1266 1044 1317 est
1078 1260 1376 1333 possibile,
1416 1259 1488 1314 de
1526 1260 1638 1315 Dei
1663 1261 1923 1332 potentia
1957 1260 2238 1324 absoluta,
2294 1257 2448 1330 quod
2499 1258 2551 1312 si

461 1351 498 1375 ‘⁴
538 1347 700 1418 Papa
732 1345 828 1401 vel
883 1345 1036 1401 alius
1088 1343 1461 1400 Christianus
1512 1343 1840 1415 praetendat
1893 1362 1957 1399 se
2008 1342 2386 1414 quovismodo
2440 1341 2552 1396 sol-

461 1435 497 1458 “
534 1447 673 1486 vere
725 1429 821 1485 vel
881 1428 1089 1500 ligare,
1146 1446 1216 1483 eo
1267 1430 1394 1500 ipso
1449 1427 1535 1483 sic
1590 1427 1768 1484 solvit
1815 1428 1910 1483 vel
1962 1427 2129 1499 ligat.
2134 1427 2552 1499 —Oppositum

461 1518 498 1543 “
537 1515 710 1570 istius
745 1513 1073 1569 destrueret
1125 1517 1309 1568 totam
1360 1510 1534 1566 fidem
1586 1510 1968 1576 Catholicam,
2006 1514 2027 1544 ²
2041 1529 2175 1566 cum
2224 1510 2554 1581 implicaret

462 1602 500 1625 “
543 1602 564 1630 ⁸
579 1597 984 1668 blasphemum
1033 1600 1415 1667 usurpantem
1466 1594 1648 1649 talem
1698 1594 2024 1650 absolutam
2072 1594 2388 1666 potentiam
2438 1593 2553 1647 Do-

463 1686 501 1709 “
539 1681 701 1736 mini.
721 1713 792 1723 —
818 1676 1198 1751 suppositum
1290 1678 1507 1748 ⁴hujus
1609 1679 1823 1734 tertiae-
1828 1677 2086 1734 decimae.
2105 1677 2308 1733 —Per
2378 1677 2555 1733 istam

466 1770 503 1794 ‘⁴
544 1764 990 1821 conclusionem
1048 1779 1165 1817 non
1223 1761 1461 1819 intendo
1528 1761 1811 1834 derogare
1870 1761 2142 1834 potestati
2200 1761 2395 1833 Papoe,
2458 1760 2555 1816 vel

467 1854 503 1877 ‘⁴
543 1849 945 1921 cujuscunque
983 1846 1211 1918 praelati
1237 1845 1540 1912 Ecclesioe,
1567 1846 1712 1917 quin
1739 1846 2023 1918 possunt·
2005 1864 2069 1900 m
2089 1846 2309 1901 virtute
2345 1845 2554 1917 capitis

467 1936 503 1960 “
542 1933 730 2003 ligare
755 1938 817 1986 et
851 1931 1095 1986 solvere.
1170 1929 1451 2001 Intelligo
1474 1935 1672 1985 autem
1706 1929 2150 1985 conditionalem
2183 1934 2455 2000 negatam
2488 1934 2558 1983 ut

467 2021 504 2044 “
545 2014 967 2087 impossibilem
1002 2013 1078 2069 ad
1126 2013 1280 2069 hunc
1317 2031 1591 2079 sensum;
1644 2012 1800 2084 quod
1848 2031 1962 2068 non
2010 2018 2204 2085 potest
2237 2030 2365 2068 esse
2401 2013 2557 2084 quod

466 2105 502 2127 ‘⁴
541 2099 720 2171 Papa,
763 2097 859 2154 vel
896 2097 1049 2153 alius
1085 2097 1362 2168 praelatus
1398 2096 1699 2162 Ecclesiae‚
1739 2096 2050 2169 praetendit
2083 2113 2145 2152 se
2182 2096 2558 2168 quovismodo

464 2188 501 2211 “
541 2184 766 2238 solvere
799 2181 897 2236 vel
932 2181 1141 2252 ligare,
1178 2181 1296 2236 nisi
1338 2198 1408 2236 eo
1440 2181 1571 2252 ipso
1608 2181 1695 2236 sic
1736 2180 1979 2236 solverit
2014 2180 2109 2236 vel
2150 2179 2459 2252 ligaverit;
2499 2186 2560 2236 et

464 2270 502 2294 ‘⁶
540 2273 680 2322 tunc
726 2283 843 2320 non
889 2269 1083 2337 potest
1129 2281 1258 2320 esse
1305 2263 1640 2336 peccabilis.

536 2353 573 2377 “
615 2346 760 2420 [14.]
800 2348 1053 2404 Credere
1090 2347 1388 2413 debemus,
1440 2347 1596 2419 quod
1631 2353 1772 2403 tunc
1820 2347 2009 2403 solum
2045 2346 2196 2418 ligat
2240 2347 2335 2402 vel
2384 2346 2559 2401 solvit

466 2438 503 2460 ‘⁶
544 2433 766 2489 Christi
827 2439 847 2467 ⁸
862 2431 1132 2488 sacerdos
1193 2431 1556 2502 simpliciter,
1619 2438 1640 2467 ⁸
1659 2429 1917 2501 [quando
1967 2431 2095 2502 agit
2155 2427 2553 2501 conformiter]

467 2524 503 2544 ‘⁶
545 2517 665 2588 legi
702 2515 924 2572 Christi
944 2533 1142 2587 3——pro
1180 2532 1250 2569 eo
1293 2514 1449 2587 quod
1489 2532 1605 2570 non
1642 2515 1785 2571 licet
1809 2515 1922 2570 sibi
1972 2516 2057 2570 sic
2081 2514 2292 2582 facere,
2333 2515 2449 2571 nisi
2496 2514 2559 2569 in

469 2606 505 2628 ‘⁴
544 2602 761 2656 virtute
809 2600 962 2671 legis
999 2599 1180 2664 illius,
1234 2604 1294 2654 et
1339 2615 1446 2670 per
1486 2615 1846 2669 consequens
1881 2598 1999 2653 nisi
2037 2598 2267 2668 quando
2301 2605 2393 2654 est
2427 2617 2558 2654 con-

471 2687 507 2710 “
547 2685 811 2739 formitas
849 2682 972 2754 legi
1009 2682 1121 2737 illi.

540 2771 577 2795 “
620 2764 764 2838 [15.]
791 2766 923 2821 Hoc
947 2765 1122 2821 debet
1143 2765 1303 2820 credi
1327 2782 1432 2836 pro
1460 2764 1782 2831 catholiam
1813 2764 1968 2836 quod
2001 2765 2250 2836 quilibet
2273 2765 2558 2829 sacerdos,

471 2854 507 2876 ‘⁶
547 2851 659 2904 rite
708 2849 1009 2904 ordinatus
1059 2847 1381 2903 secundum
1451 2848 1645 2919 legem
1692 2848 1919 2919 gratiss,
1982 2848 2158 2902 habet
2217 2854 2563 2918 potestatem

474 2939 511 2960 ·‘
552 2932 872 2989 secundum
922 2949 1098 3004 quam
1145 2937 1340 3003 potest
1374 2938 1737 2987 sacramenta
1773 2930 2052 3003 quaelibet
2086 2931 2404 2987 secundum
2440 2950 2566 3004 spc-

473 3022 510 3045 “
549 3018 699 3073 ciem
757 3017 1113 3080 ministrare,
1176 3023 1239 3072 et
1303 3032 1408 3087 per
1478 3032 1839 3087 consequens
1912 3014 2023 3071 sibi
2096 3017 2422 3071 confessum
2493 3016 2566 3071 de

473 3105 511 3128 ‘⁶
551 3117 896 3172 quocunque
931 3105 1169 3171 peccato
1193 3099 1511 3155 contritum
1539 3099 1954 3155 absolvere—⁷
1971 3101 2143 3156 Patet
2177 3118 2248 3155 ex
2284 3118 2370 3165 eo,
2414 3100 2569 3170 quod

474 3188 511 3212 ‘⁸
550 3189 807 3256 potestas
857 3181 1234 3238 sacerdotalis
1281 3200 1398 3237 non
1446 3182 1660 3238 sufficit
1706 3183 1899 3255 majus
1945 3185 2042 3239 vel
2101 3186 2294 3240 minus
2353 3185 2415 3239 in
2463 3203 2570 3239 sua

475 3273 512 3297 ‘⁴
551 3267 821 3323 essentia.
922 3266 1250 3322 Potestates
1322 3272 1518 3321 tamen
1587 3266 1932 3322 inferiorum
1995 3267 2360 3347 sacerdotum
2417 3287 2570 3324 nunc

477 3356 513 3379 ‘⁶
554 3361 690 3406 sunt
726 3349 1151 3405 rationabiliter
1190 3349 1496 3415 restrictae,
1549 3356 1609 3405 et
1657 3350 1802 3406 alias
1850 3351 1912 3405 in
1959 3351 2167 3407 ultimo
2208 3352 2571 3407 necessitatis

477 3437 515 3462 “
554 3433 801 3490 articulo
839 3438 977 3488 sunt
1005 3432 1690 3504 laxatae.—Suppositum
1732 3433 1941 3505 “hujus
1999 3435 2566 3505 quintae-decima—

479 3521 515 3545 “
552 3518 631 3573 Et
680 3517 767 3573 sic
822 3515 1143 3572 secundum
1203 3515 1489 3582 doctores,
1542 3521 1634 3571 est
1699 3516 1837 3572 dare
1885 3517 1950 3571 in
1994 3518 2233 3588 praelato
2281 3518 2573 3590 duplicem

481 3605 518 3628 ‘⁶
556 3605 923 3672 potestatem,
954 3598 1182 3655 scilieet
1215 3604 1564 3671 potestatem
1611 3599 1853 3663 ordinis,
1906 3606 1967 3655 et
2001 3607 2350 3673 potestatem
2391 3601 2571 3673 juris·

483 3688 519 3711 ‘⁴
559 3683 830 3740 dictionis
879 3683 1004 3737 sive
1052 3683 1377 3753 regiminis,
1430 3689 1491 3738 et
1551 3682 1743 3754 quoad
1806 3682 1970 3738 illam
2019 3690 2155 3740 sunt
2211 3685 2457 3756 proelati‚
2508 3691 2576 3739 ut

484 3769 523 3794 “
562 3765 879 3837 superioris
915 3765 1241 3836 majestatis
1284 3772 1346 3822 et
1380 3767 1708 3838 regiminis.

558 3851 595 3875 ‘⁴
638 3845 784 3919 [16.]
825 3848 990 3903 Licet
1035 3848 1297 3918 regibus,
1360 3849 1422 3904 in
1469 3849 1704 3905 casibus
1740 3850 2013 3906 limitatis
2074 3869 2110 3906 a
2150 3850 2305 3922 jure,
2345 3852 2577 3906 auferre

489 3937 527 3961 ‘⁶
565 3931 908 4003 temporalia
947 3949 984 3987 a
1030 3933 1176 3988 viris
1224 3934 1636 3989 ecclesiasticis
1673 3934 1819 4006 ipsis
1867 3935 2243 3990 habitualiter
2291 3935 2575 3990 abutenti-

491 4022 527 4044 “
567 4014 940 4071 bus.—Patet
987 4033 1057 4070 ex
1102 4016 1230 4081 hoc,
1272 4017 1428 4088 quod
1477 4017 1697 4073 domini
1755 4018 2108 4089 temporales
2170 4018 2386 4075 debent
2443 4020 2576 4090 plus

491 4104 528 4128 “
567 4098 740 4155 inniti
792 4099 1085 4169 spirituali
1127 4099 1507 4172 eleemosynae
1555 4103 1784 4158 fructus
1832 4107 1854 4136 ⁸
1872 4102 2158 4157 uberioris
2208 4120 2383 4173 quam
2431 4103 2577 4158 elee-

580 4245 613 4248 ἡ.
628 4244 635 4247 .
648 4242 717 4247 ..--
730 4240 813 4246 -—--.
836 4240 1047 4246 .-.—-..-.—
1062 4241 1151 4246 -—--
1170 4241 1281 4248 ψ..
1308 4242 1449 4248 ---
1588 4244 2220 4251 -*ffl.-——·—-—-———-.—--
2237 4245 2282 4252 -w

556 4330 567 4359 ¹
593 4326 820 4376 habmus
836 4326 889 4375 in
906 4326 993 4376 the
1014 4326 1213 4390 printed
1236 4335 1385 4378 texte.
1647 4333 1667 4358 ⁸
1691 4330 1932 4394 Supplied
1955 4332 2086 4380 from
2109 4330 2241 4381 Bibl.
2273 4332 2400 4396 Reg.
2432 4340 2490 4382 13
2514 4336 2571 4385 E.

553 4409 574 4437 ‘-’
596 4415 808 4455 eamenve
828 4406 881 4454 in
896 4405 979 4455 the
994 4405 1191 4469 printed
1209 4414 1354 4457 texts.
1580 4413 1674 4461 ix.:
1713 4413 1921 4463 omitted
1942 4414 1997 4463 in
2016 4413 2102 4464 the
2123 4413 2323 4478 printed
2346 4423 2491 4466 texts.

555 4488 574 4515 ³
597 4483 935 4549 blasphemiam
951 4483 1007 4533 in
1025 4484 1110 4533 the
1125 4485 1324 4548 printed
1338 4494 1485 4536 texts.
1646 4493 1664 4518 ⁷
1694 4491 2005 4556 Apparently
2050 4492 2247 4542 written
2277 4503 2476 4559 pacetur
2517 4496 2572 4546 in

558 4567 575 4594 ⁴
598 4562 823 4613 habemus
839 4563 894 4612 in
916 4562 1002 4614 the
1018 4564 1216 4628 printed
1237 4572 1385 4614 texts.
1529 4608 1534 4629 ,
1578 4567 1704 4632 orig.

560 4646 579 4672 ⁵
599 4641 839 4699 sacerdos,
892 4657 999 4690 cum
1052 4641 1331 4707 simpliciter
1400 4642 1489 4708 Ieyi
1530 4636 1534 4651 '

503 4721 690 4771 Christi
720 4728 881 4785 paret,
926 4738 1019 4785 pro
1065 4739 1132 4783 eo,
1178 4729 1262 4771 etc.
1308 4724 1359 4772 in
1405 4724 1489 4773 the
1649 4728 1670 4753 ⁹
1693 4725 1932 4775 uberiores
1980 4729 2175 4791 serenti
2214 4749 2355 4796 qnam
2391 4733 2446 4783 in
2499 4735 2582 4785 the

505 4800 703 4864 printed
727 4805 873 4848 texts.
1533 4810 1539 4840 ἱ
1585 4804 1783 4868 printed
1819 4812 1962 4855 texts,

1647 4648 1667 4671 ‘³
1689 4644 1915 4694 hahemus
1937 4648 1990 4696 in
2010 4649 2094 4699 the
2114 4651 2313 4711 printed
2330 4661 2475 4704 texts.
