3300 5617
1114 801 1442 856 mercum
1471 802 1887 857 nemesim.
2428 789 2554 857 119

670 1094 779 1158 Du
829 1095 1189 1162 EnwARno
1236 1112 1402 1161 Posr
1447 1095 1943 1174 Oeneum-mu
1989 1095 2334 1162 smum.

152 1263 392 1314 MSBibl.
522 1259 668 1315 Post
738 1267 1007 1325 mortem,
1090 1261 1248 1317 ¹toto
1319 1262 1537 1322 mundo
1614 1263 1958 1328 deflendam,
2026 1262 2301 1318 Edwardi
2376 1259 2559 1332 Regis
2584 1263 2892 1315 A.D.1307.

153 1333 257 1409 Reg-
284 1335 340 1378 ¹3
451 1344 673 1409 invicti,
746 1346 1032 1401 successit
1085 1347 1141 1401 ei
1199 1346 1357 1403 filius
1411 1365 1552 1404 suus
1608 1348 1951 1414 Edam-dus,
2029 1350 2411 1419 cognomento
2487 1342 2561 1399 de
2585 1331 2806 1381 Edward
2822 1330 2894 1379 11.

153 1400 200 1447 E·
221 1412 286 1446 ¹¹·
456 1431 494 1456 ‘⁸
513 1427 536 1461 ²
549 1429 956 1494 Kernervan,”
1033 1449 1150 1487 non
1222 1436 1346 1486 tam
1412 1432 1551 1504 jure
1623 1432 1996 1489 haereditario
2068 1450 2245 1504 quam
2298 1429 2561 1487 unanimi
2586 1397 2896 1515 fflfflnt?

452 1531 694 1570 assensu
751 1531 1062 1586 procerum
1111 1521 1173 1571 et
1221 1523 1586 1586 magnatum.
1684 1517 1746 1573 N
1747 1536 1822 1573 on
1869 1524 2068 1574 tamen
2128 1523 2435 1574 coronatus
2472 1520 2565 1572 est

452 1617 640 1670 usque
675 1598 752 1654 ad
785 1598 1158 1655 duodecimas
1195 1600 1494 1657 Kalendas
1529 1600 1768 1668 Martii3
1811 1601 2040 1674 quando
2092 1621 2211 1658 una
2244 1619 2381 1658 cum
2413 1617 2566 1656 nova

452 1684 703 1755 conjuge
751 1701 876 1749 sus,
933 1683 1056 1739 filia
1104 1684 1289 1756 Regis
1357 1685 1639 1750 Franciae,
1696 1685 1969 1752 Isabella,
2041 1686 2244 1759 regale
2297 1685 2567 1744 diadema

454 1768 727 1840 suscepit.
803 1767 1254 1834 ’Nihilominus,
1294 1770 1567 1826 defuncto
1612 1776 1798 1841 patre,
1852 1771 2163 1828 fidelitates
2200 1776 2261 1827 et
2292 1770 2568 1841 homagia

457 1872 495 1909 a
525 1852 786 1924 praelatis
821 1853 1277 1925 proceribusque
1313 1855 1589 1927 suscepit.

153 1949 438 2010 kaelove,
534 1937 652 1993 Sed
698 1937 890 1992 medio
925 1942 1204 2009 tempore,
1233 1939 1252 1968 ⁴
1269 1940 1614 2011 priusquam
1650 1956 1861 2012 corpus
1901 1945 2209 2013 paternum
2251 1937 2568 2012 sepulturas
2594 1939 2675 2020 He
2698 1939 2794 1990 im-

153 2035 221 2082 ΡΡ-
235 2025 280 2079 3,
293 2025 322 2067 ⁴
338 2017 434 2079 (ed-
457 2021 807 2086 traderetur,
847 2022 1043 2093 posuit
1087 2023 1378 2078 maculam
1423 2023 1487 2077 in
1528 2024 1720 2095 gloria
1754 2042 1879 2089 sua,
1930 2031 2159 2080 erectus
2205 2023 2268 2078 in
2308 2023 2566 2096 tyranni-
2594 2024 2794 2087 P¹1¹⁸⁰¹¹⁸
2817 2006 2901 2057 ὼε

153 2087 382 2201 {affligi
457 2106 608 2170 dem,
649 2106 802 2161 unde
837 2124 972 2161 mox
1007 2106 1293 2162 contraxit
1319 2107 1638 2174 infamiam,
1678 2114 2183 2179 perseveraturam
2207 2107 2566 2179 temporibus
2593 2073 2872 2194 ghugffrd

151 2153 265 2283 388ε
293 2166 350 2267 ιζ,
385 2189 398 2201 “
452 2190 763 2246 diuturnis.
833 2191 991 2246 Nam
1010 2190 1380 2248 cestrensem
1403 2192 1777 2264 Episcopum,
1800 2192 2117 2248 Dominum
2132 2191 2460 2248 walterum
2493 2192 2565 2247 de
2592 2208 2869 2273 (chhfield

153 2286 206 2335 Β.
227 2285 294 2336 ix,
452 2274 774 2347 Langtona,
800 2276 972 2347 regni
995 2275 1467 2342 Theseus-arium,
1499 2283 1560 2333 et
1581 2277 1767 2349 patris
1792 2284 2160 2333 executorem
2182 2277 2563 2349 praecipuum‚
2592 2276 2693 2327 and
2727 2274 2828 2326 Co-

460 2360 794 2415 executione
844 2361 1178 2417 testamenti
1225 2361 1457 2433 penitus
1505 2361 1804 2434 impedita,
1851 2361 1980 2434 capi
2027 2362 2170 2417 fecit
2215 2367 2276 2416 et
2323 2359 2566 2425 includi,
2594 2344 2819 2407 ''enm‘’

460 2463 528 2500 ac
576 2444 690 2499 Dei
724 2445 934 2499 timore
985 2452 1047 2501 et
1097 2446 1325 2501 Sanctae
1371 2445 1582 2501 Matris
1630 2446 1911 2502 Ecclesiae
1947 2448 2166 2501 honore
2212 2445 2569 2518 postpositis,
2597 2408 2886 2528 ffimbef’

462 2528 773 2585 inhumane
825 2530 1066 2585 tractari
1103 2530 1247 2586 fecit
1299 2530 1567 2586 eundem.
1658 2530 1853 2586 Oausu
1903 2530 2227 2586 inimicitiae
2264 2530 2395 2595 fuit,
2437 2530 2577 2601 quia
2600 2490 2831 2598 ,ecutae

461 2613 650 2670 dictus
700 2614 1045 2686 Episcopus,
1097 2621 1264 2686 patre
1318 2632 1424 2671 suo
1469 2615 1724 2681 vivente,
1788 2615 1861 2670 de
1915 2616 2039 2673 suis
2088 2613 2374 2687 corripuit
2422 2614 2577 2670 inso-
2600 2609 2724 2660 him·

461 2698 674 2764 lentiis,
713 2689 1121 2771 et'superfluis
1160 2700 1519 2771 compescuit
1559 2700 1634 2755 ab
1683 2700 1969 2771 expensis.
2047 2700 2136 2754 Ex
2183 2700 2377 2755 causis
2424 2716 2574 2771 proe·

461 2783 655 2838 missis
681 2784 944 2839 infensus
967 2783 1276 2855 Episcop0‚
1315 2784 1584 2840 ‘effrenis
1602 2784 1841 2857 juvenis
1866 2801 2002 2839 eum
2027 2784 2297 2855 squalore
2325 2783 2576 2840 carceris

463 2868 763 2933 coartavit,
818 2874 881 2925 et
931 2868 1200 2924 omnibus
1238 2868 1406 2924 bonis
1456 2868 1600 2934 suis,
1653 2887 1722 2924 ac
1768 2868 1947 2924 etiam
1996 2869 2111 2924 sibi
2158 2869 2391 2933 debitis,
2445 2885 2575 2941 spo·

463 2952 661 3019 liavit3
729 2969 839 3008 nec
893 2959 1020 3010 erat
1067 2954 1131 3007 in
1178 2970 1364 3024 regno
1418 2953 1522 3025 qui
1574 2971 1683 3025 pro
1735 2970 1805 3008 eo
1856 2953 2104 3009 verbum
2150 2953 2344 3009 facere
2398 2970 2577 3008 ausus

464 3037 594 3100 fuit,
633 3041 798 3093 tante.
845 3037 962 3093 fuit
1008 3036 1147 3093 bilis
1191 3037 1430 3109 juvenis
1479 3045 1683 3094 contra
1718 3054 1871 3093 eum.
1947 3037 2117 3093 Fecit
2159 3038 2401 3109 insuper
2439 3036 2480 3092 J
2480 3055 2576 3093 us-

463 3122 721 3180 ticiarios
770 3121 1068 3193 inquirere
1117 3122 1190 3177 de
1242 3139 1492 3193 persona
1533 3141 1659 3188 sua,
1709 3128 1778 3177 ut
1827 3121 1880 3178 si
1930 3122 2246 3193 quicquam
2286 3121 2577 3177 inordina-

465 3211 590 3261 tum
639 3207 1016 3278 reperissent,
1072 3206 1200 3261 Rex
1235 3207 1619 3279 proculdubio
1669 3208 1742 3262 ab
1779 3224 1848 3262 eo
1883 3207 2043 3262 ultra
2099 3224 2302 3278 poenss
2336 3207 2579 3262 meritas

467 3291 772 3362 exegisset.
849 3291 1158 3347 Rationem
1194 3292 1373 3347 etiam
1407 3291 1429 3323 ⁶
1443 3290 1688 3363 expetiit
1721 3291 1795 3346 ab
1819 3291 2023 3347 eodem
2058 3289 2131 3346 de
2170 3291 2358 3347 officio
2392 3289 2578 3346 vrbe-

470 3376 762 3439 ssurarioe,
798 3381 860 3432 et
881 3383 1142 3448 tempore
1175 3395 1298 3432 suae
1321 3371 1787 3432 ministrationis.
1865 3375 1982 3431 Sed
2000 3375 2023 3408 ⁸
2043 3374 2327 3430 Pontifice
2351 3393 2582 3448 semper

469 3460 740 3529 congruis
781 3460 935 3517 datis
972 3460 1048 3515 ad
1082 3460 1312 3533 objecta
1345 3459 1662 3533 responsis,
1723 3458 1887 3514 nullo
1929 3478 2106 3515 sensu
2139 3459 2335 3532 potuit
2383 3460 2579 3532 culpa·

469 3539 601 3594 bilis
639 3540 908 3596 inveniri.
998 3541 1259 3597 Tandem
1310 3541 1605 3613 aspirante
1653 3536 1853 3596 divina
1888 3541 2099 3612 gretia,
2140 3546 2202 3595 et
2236 3540 2581 3596 auctoritate
2607 3534 2855 3587 Ultimate

469 3623 670 3695 Papali
708 3625 1020 3691 mediante,
1074 3625 1151 3681 ad
1201 3626 1628 3698 semi-gratiam
1680 3624 1865 3695 Regis
1900 3625 2204 3695 recipitur,
2242 3624 2419 3680 rebus
2456 3624 2579 3680 suis
2605 3599 2882 3719 ffegfff

470 3708 735 3764 omnibus
772 3707 1135 3765 ¹³1·estitutus.
2663 3684 2691 3719 e
2752 3683 2797 3718 ¹⁸
2833 3682 2913 3731 ομ

535 3792 757 3848 Eodem
789 3799 1051 3866 tempore
1093 3795 1220 3850 Rex
1248 3794 1485 3867 juvenis
1534 3793 1834 3851 revocavit
1875 3793 1950 3850 ab
2002 3794 2179 3849 exilio
2224 3792 2467 3850 Petrum
2503 3792 2576 3849 de
2606 3787 2866 3866 Gavoeton

473 3876 841 3944 Gaverstone‚
884 3881 986 3950 qui
1045 3878 1268 3935 dudum
1303 3885 1564 3952 tempore
1599 3878 1785 3952 patris
1833 3879 1945 3944 sui,
2004 3880 2181 3934 certis
2234 3878 2307 3933 de
2361 3879 2573 3946 causis,
2604 3853 2885 3972 ssooecaued

472 3980 709 4019 assensu
769 3964 1063 4020 communi
1119 3977 1429 4036 procerum
1495 3971 1556 4021 et
1626 3969 1986 4036 magnatum,
2052 3963 2225 4018 exilio
2296 3969 2580 4036 perpetuo
2684 3936 2739 3971 m
2765 3919 2916 3971 ‘mle‘

544 4248 555 4277 ¹
580 4248 665 4297 toci
683 4235 737 4297 in
761 4247 847 4299 the
867 4247 1068 4313 printed
1089 4254 1238 4298 texts.
1651 4250 1670 4278 ⁴
1690 4249 1802 4300 The
1838 4247 2092 4316 language
2124 4250 2187 4300 of
2213 4249 2516 4301 Trokelowe
2538 4248 2584 4299 is

537 4329 555 4356 ²
583 4327 895 4378 Camervan
917 4328 971 4378 in
994 4328 1081 4379 the
1103 4322 1303 4393 printed
1323 4332 1479 4378 texts.
1576 4328 1753 4379 varied
1775 4329 2128 4394 occasionany.

536 4409 555 4436 ³
579 4408 630 4456 Α
653 4408 778 4472 long
807 4423 1019 4474 passage
1057 4408 1112 4456 in
1148 4407 1400 4457 reference
1420 4414 1483 4457 to
1645 4410 1667 4437 ⁸
1686 4406 1893 4474 qfferens
1916 4406 1969 4456 in
1992 4406 2153 4472 orig.;
2187 4406 2526 4473 erroneously.

477 4485 556 4535 the
609 4486 857 4551 marriage
907 4487 1007 4537 aud
1061 4485 1356 4536 coronation
1424 4485 1488 4535 of
1644 4489 1666 4517 ⁶
1688 4503 1774 4536 rex
1788 4488 1933 4552 petiit
1952 4486 2008 4535 in
2050 4487 2136 4537 the
2174 4488 2372 4552 printed
2408 4497 2540 4542 texts
2566 4512 2579 4543 ε

479 4565 688 4614 Edward
723 4565 809 4626 11„
843 4565 1013 4617 which
1052 4580 1260 4632 appears
1297 4562 1353 4615 in
1389 4565 1477 4615 the
1575 4562 1777 4627 expetiit
1795 4561 1850 4610 in
1874 4561 1988 4612 MS.
2006 4561 2141 4612 Bibl.
2167 4563 2294 4627 Reg.
2318 4569 2377 4612 13
2401 4565 2461 4615 Ε.
2489 4566 2563 4616 ix.

475 4643 668 4707 printed
689 4651 837 4706 texts,
859 4644 905 4696 is
929 4645 1049 4696 here
1070 4644 1279 4695 omitted
1310 4644 1366 4693 in
1388 4644 1477 4694 the
1644 4644 1663 4670 ’
1688 4640 1983 4691 thesaurarii
2000 4641 2057 4690 in
2080 4641 2167 4692 the
2187 4642 2388 4706 printed
2411 4652 2562 4695 texts.

473 4723 703 4773 Arundel
747 4724 861 4775 MS.
933 4726 1029 4775 See
1083 4724 1170 4774 the
1225 4726 1257 4753 ‘⁸
1289 4722 1475 4774 Varia-
1640 4722 1662 4751 ⁸
1684 4719 1919 4786 Pontifici
1937 4720 1992 4771 iu
2015 4721 2102 4771 the
2121 4721 2322 4786 printed
2345 4729 2494 4776 texts.

475 4807 506 4829 ‘⁴
529 4801 704 4865 tionsl’
725 4803 781 4853 in
801 4804 888 4855 the
904 4803 1197 4868 Appendix.
1641 4801 1663 4830 ⁸
1686 4800 1924 4851 restitutis
1944 4799 1998 4850 in
2020 4800 2108 4852 the
2130 4801 2329 4866 printed
2349 4809 2498 4855 texte.
