3300 5617
768 740 901 803 312
1435 750 1694 800 mom
1742 749 2204 800 wALsmGnAn

431 936 736 988 A.D.1370.
763 939 991 1012 fatigat,
1061 940 1284 995 nullam
1345 938 1587 994 inclusis
1641 938 1906 1009 requiem
1964 937 2339 1010 indulgendo.
2416 936 2688 1004 Demum,
2747 944 2879 995 arte
2907 936 3032 990 MS-
3058 938 3197 991 nihl.

431 1026 634 1128 ἓξὲξ
650 1028 702 1070 of
763 1023 1105 1079 fodientium
1165 1023 1567 1079 corruentibus
1628 1022 1831 1087 muris,
1893 1023 2058 1077 illam
2117 1022 2291 1094 capit,
2344 1020 2361 1054 ¹
2381 1027 2441 1077 et
2480 1028 2711 1094 captam
2750 1023 2878 1078 solo
2906 1005 3063 1120 ἢ
3082 1011 3141 1054 ¹³

430 1126 522 1168 md
540 1109 714 1170 vindie-
761 1114 931 1162 tenus
970 1108 1091 1162 fere
1130 1107 1433 1172 destruxit,
1480 1107 1861 1178 inventosque
1909 1107 1972 1161 in
2013 1124 2083 1161 ea
2118 1105 2385 1178 peremit,
2438 1107 2640 1177 paucis
2683 1112 2875 1178 captis
2905 1138 3067 1188 Com.
3098 1139 3205 1190 uu,

429 1176 741 1271 ffigtpgtffih·
763 1196 825 1246 et
855 1191 1167 1247 reservatis
1203 1191 1278 1246 ad
1304 1192 1504 1247 vitam.
1580 1190 1804 1260 Quibus
1833 1190 1917 1245 ita
1948 1190 2149 1261 gestis,
2178 1190 2477 1245 festinavit
2506 1189 2567 1244 in
2589 1188 2877 1261 Angliam
2902 1205 3125 1265 fimum,

433 1277 739 1324 inhabitants.
761 1293 1039 1339 remeare,
1077 1282 1205 1330 tum
1239 1281 1478 1347 propter
1501 1275 1680 1346 juges
1721 1274 2088 1329 infirmitates
2122 1273 2333 1344 quibus
2368 1273 2704 1338 vexabatur,
2744 1280 2875 1329 tum
2900 1287 2987 1336 pp-
3016 1278 3143 1335 209,

762 1366 1000 1431 propter
1037 1359 1329 1414 defectum
1369 1359 1630 1431 pecuniae
1680 1376 1796 1429 qua
1835 1358 2145 1413 bellatores
2186 1357 2537 1413 conduceret
2575 1357 2651 1412 ad
2686 1359 2872 1414 refor·
2902 1344 3026 1390 ²¹⁰·

432 1451 542 1503 The
555 1453 741 1504 Prinos
761 1443 1036 1497 mandum
1077 1443 1344 1498 rebelles.
1418 1443 1633 1513 Igitur,
1693 1441 1850 1497 circa
1904 1441 2256 1513 principium
2310 1441 2525 1496 mensis
2580 1440 2620 1496 J
2621 1441 2868 1507 anuarii,

430 1519 492 1569 Οἳ
507 1518 683 1571 Walefl
763 1544 896 1581 oum
947 1543 1123 1581 uxore
1178 1533 1239 1583 et
1284 1527 1530 1598 parvulo
1575 1525 1698 1580 filio
1752 1543 1857 1582 suo
1914 1524 2185 1590 Ricardo,
2229 1525 2581 1595 obsequente
2622 1525 2867 1590 familia,

433 1593 629 1635 ''emm‘'
651 1592 705 1636 ²⁰
763 1609 917 1680 apud
964 1615 1194 1682 portum
1244 1610 1317 1665 de
1359 1609 1751 1665 Plimmouthe
1800 1610 2098 1681 applicuit,
2147 1608 2484 1680 relinquens
2530 1613 2664 1680 post
2700 1627 2765 1664 se
2808 1609 2869 1664 in

430 1651 684 1717 England‘
760 1693 1071 1749 Wasconia
1115 1694 1261 1750 duos
1309 1695 1519 1750 {ratms
1568 1711 1723 1759 suos,
1777 1692 1817 1748 J
1819 1693 2106 1748 ohannem
2146 1691 2370 1748 Ducem
2412 1693 2765 1749 Lancasfflae
2808 1700 2869 1749 et

760 1776 1135 1832 Edmundum
1180 1777 1468 1833 Comitem
1516 1776 1928 1848 Cantabrigiae,
1979 1794 2115 1832 cum
2156 1776 2289 1831 aliis
2325 1776 2471 1832 viris
2511 1777 2763 1832 strenuis
2806 1782 2867 1831 et

760 1862 1046 1917 militibus
1115 1862 1427 1917 bellicosis.
1522 1861 1635 1931 Qui
1691 1878 1842 1925 mox,
1903 1867 1970 1917 ut
2020 1860 2184 1916 venit
2240 1860 2316 1915 ad
2372 1866 2618 1932 patrem,
2675 1864 2864 1917 totum
2892 1877 2995 1922 κει,
3012 1880 3136 1924 Bm.

761 1946 1083 2001 dominium
1117 1946 1440 2003 Wasconiae
1477 1947 1540 2001 in
1580 1945 1709 2017 ejus
1750 1943 2057 2000 'manibus
2098 1945 2439 2016 resignavit.
2891 1930 3198 1983 ⁸⁶3⁴„ssss

431 2039 543 2089 The
564 2040 709 2106 King
829 2029 1050 2084 Eodem
1078 2047 1227 2085 anno
1256 2030 1419 2085 venit
1443 2029 1520 2085 ad
1547 2028 1773 2100 Regem
1800 2029 2171 2093 Edwardum,
2205 2029 2399 2100 ipsum
2431 2028 2862 2093 accersientem,
2892 2022 3010 2074 MS·
3034 2024 3171 2077 Bibl.

427 2106 488 2183 0¹:
513 2107 735 2186 blavam
761 2112 886 2167 Rex
925 2112 1200 2168 Navariae
1256 2113 1412 2184 apud
1459 2112 1906 2184 Claryndonam,
1958 2112 2062 2167 ubi
2116 2118 2517 2168 tractaverunt
2562 2113 2635 2168 de
2687 2113 2865 2168 certis
2892 2089 3023 2204 ἔρξ’
3054 2095 3115 2142 ¹³

430 2180 578 2289 {33¹³
591 2175 735 2239 ng
757 2197 1011 2265 negotiis
1049 2197 1424 2268 tangentibus
1460 2214 1707 2251 werram
1735 2196 1918 2267 Regis
1950 2195 2217 2266 Angliae3
2257 2196 2331 2250 ad
2372 2196 2541 2268 cujus
2579 2196 2863 2252 adventus
2890 2172 3057 2273 00³]
3068 2226 3175 2277 uu,

512 2242 666 2291 πατὰ
762 2282 1135 2336 securitatem
1172 2281 1401 2337 dimissi
1434 2285 1570 2336 sunt
1596 2280 1993 2335 'Normannia
2027 2279 2277 2345 obsideS,
2301 2281 2539 2352 quidam
2562 2280 2856 2353 Episcopi,
2888 2288 3101 2354 rimuth,

759 2370 820 2419 et
857 2363 1114 2419 Comites
1138 2382 1204 2419 ac
1234 2364 1509 2429 Barones,
1545 2364 1617 2419 de
1646 2362 1886 2434 Anglia,
1922 2364 2249 2435 usquedum
2286 2364 2439 2419 idem
2470 2364 2597 2419 Rex
2621 2364 2860 2421 rediret.
2886 2371 2942 2420 P·
2965 2364 3084 2411 210.

761 2446 879 2503 Sed
915 2453 1048 2520 post
1082 2448 1297 2503 multos
1339 2454 1640 2511 tractatuS,
1687 2447 1760 2502 ab
1798 2447 1927 2519 ipso
1967 2446 2077 2502 hoc
2116 2446 2271 2518 quod
2312 2448 2483 2520 petiit
2521 2466 2637 2503 non
2671 2450 2865 2520 potuit

761 2531 1019 2586 obtinere
1054 2532 1181 2586 Rex
1215 2537 1414 2587 noster
1458 2531 1818 2597 Edwardus3
1859 2536 2116 2586 attamen
2157 2531 2349 2588 dictus
2396 2531 2521 2587 Rex
2561 2533 2582 2564 ⁴
2596 2534 2858 2598 recessit,

759 2616 988 2685 magnis
1027 2635 1064 2670 a
1103 2616 1267 2687 Rege
1307 2621 1506 2671 nostro
1548 2615 1804 2671 donariis
1843 2622 2132 2671 oneratus·

428 2700 511 2750 Sir
533 2700 676 2751 John
826 2698 959 2754 Hoc
987 2717 1136 2755 anno
1171 2700 1272 2754 ille
1305 2700 1580 2763 famosus,
1623 2699 1872 2771 sapiens,
1907 2705 2179 2755 strenuus
2210 2699 2401 2765 miles,
2429 2705 2490 2754 et
2523 2699 2854 2767 bellicosus,
2884 2708 3001 2760 MS.
3025 2711 3155 2763 Bihl.

425 2767 663 2845 Chffffldffl
686 2768 732 2820 ¹⁸
757 2781 797 2837 J
799 2783 1051 2838 ohannes
1091 2782 1421 2848 Chaundos,
1490 2783 1833 2839 interfectus
1881 2789 1972 2839 est
2017 2784 2090 2838 ab
2138 2783 2403 2839 hostibus
2444 2784 2507 2838 in
2548 2783 2860 2840 wasconia
2882 2775 3015 2840 Reg-
3043 2783 3105 2829 ¹³

422 2834 566 2885 ’Μ’
755 2885 900 2937 quos
924 2869 1088 2939 prius
1115 2872 1506 2940 superaverat,
1528 2868 1670 2923 dum
1694 2867 1923 2922 incaute
1948 2873 2124 2939 caput
2147 2886 2318 2922 suum
2343 2868 2854 2939 discooperuisset;
2882 2841 2944 2892 Ε·
2970 2859 3044 2894 ¹¹·

756 2951 832 3006 ad
895 2970 1176 3023 magnum
1240 2952 1655 3007 detrimentum
1718 2952 2024 3022 utriusque
2087 2951 2273 3022 regni.
2371 2951 2599 3024 Nempe
2660 2953 2858 3010 ferunt

421 3022 622 3102 Son-oy
644 3025 705 3074 Of
754 3035 979 3107 Regem
1018 3037 1298 3100 Franciae,
1350 3036 1551 3091 audita
1595 3040 1783 3090 morte
1832 3053 1956 3100 sua,
2001 3036 2251 3092 maxime
2289 3035 2545 3091 doluisse
2593 3042 2654 3091 et
2698 3055 2854 3093 asse·

421 3089 673 3206 ffleplffgg
753 3120 942 3174 ruisse
986 3120 1159 3191 quod,
1215 3137 1283 3174 eo
1330 3125 1578 3183 mortu0,
1636 3137 1753 3174 non
1800 3119 1915 3174 fuit
1967 3118 2125 3174 nllus
2182 3119 2351 3174 miles
2394 3127 2689 3192 superstes
2748 3123 2853 3193 qui

421 3174 692 3274 theream
754 3214 910 3258 esset
952 3203 1166 3258 habilis
1216 3203 1292 3259 ad
1343 3203 1673 3258 faciendum
1731 3220 1935 3274 pacem
1993 3203 2149 3259 inter
2198 3204 2460 3260 Franciae
2510 3209 2573 3260 et
2614 3205 2851 3277 Angliae

753 3286 947 3358 Reges
1011 3294 1070 3342 et
1131 3304 1354 3358 regna3
1429 3291 1657 3341 tantum
1721 3286 2106 3352 metuebatur,
2174 3296 2371 3343 tantus
2432 3288 2847 3354 aestimabatur,

749 3376 978 3425 tantum
1020 3370 1093 3425 ab
1134 3371 1402 3425 omnibus
1441 3370 1763 3425 amabatur.

416 3456 551 3509 A.D.
580 3463 723 3513 1371.
818 3453 988 3508 Anno
1024 3455 1230 3524 gratiae
1262 3454 1575 3509 millesimo
1602 3454 2012 3510 trecentesimo
2045 3455 2474 3527 septuagesimo
2510 3456 2715 3528 prim0,
2744 3460 2849 3529 qui
2876 3467 2992 3521 MS.
3014 3471 3138 3524 Bibl.

415 3556 694 3603 mmmm
748 3544 841 3593 est
878 3556 1064 3592 annus
1104 3538 1274 3607 regni
1315 3537 1498 3607 Regis
1547 3537 1840 3601 Edwardi,
1881 3555 1917 3592 a
1953 3537 2307 3609 Conquaestu
2354 3539 2558 3605 Tertii,
2598 3541 2846 3613 quadra·
2876 3534 3002 3613 Reg-
3033 3543 3090 3589 13

414 3608 629 3704 m
747 3622 1007 3693 gesimus
1042 3622 1298 3693 quintus,
1338 3620 1628 3676 celebrato
1658 3620 2052 3677 Parliamento
2087 3622 2242 3694 apud
2264 3622 2845 3680 westmonasterium
2873 3601 3033 3720 &nm

608 3692 621 3704 ⁸
746 3706 808 3760 in
847 3704 1323 3776 Quadragesima,
1366 3704 1490 3758 Rex
1531 3704 1854 3760 Edwardus
1892 3706 2063 3776 petiit
2099 3724 2135 3760 a
2174 3706 2330 3762 clero
2360 3716 2420 3764 et
2452 3708 2667 3780 populo
2708 3709 2842 3765 sub-
2872 3672 3147 3800 mssffiffh‘

413 3800 607 3854 Agr-ant
746 3791 960 3846 sidium
1022 3789 1444 3861 quinquaginta
1498 3789 1752 3843 millium
1809 3807 2138 3845 marcarum
2191 3791 2452 3862 argenti3
2518 3792 2691 3862 qnod,
2733 3794 2843 3848 sub
2870 3816 2920 3865 p.
2944 3809 3054 3856 210.

413 3852 611 3955 mm
628 3853 709 3898 ²¹¹⁰
744 3874 1156 3930 deliberatione
1193 3873 1254 3928 in
1290 3873 1697 3928 convocatione
1734 3872 1876 3927 cleri
1912 3875 2066 3929 sacta
2107 3878 2242 3946 post
2276 3875 2520 3941 Pascha,
2561 3877 2676 3932 fuit
2708 3895 2843 3931 con·

743 3977 972 4016 cessum
1007 3966 1131 4014 tam
1167 3977 1203 4012 a
1237 3958 1393 4012 clero
1431 3975 1605 4027 quam
1644 3975 1681 4011 a
1715 3957 1931 4029 populo
1967 3958 2182 4014 laicali.
2257 3958 2354 4014 Ad
2393 3978 2568 4030 quam
2606 3961 2844 4032 quidem

411 4034 594 4080 ffiffiss’
611 4037 680 4081 ¹¹²·
744 4061 1030 4100 summam
1068 4041 1530 4115 persolvendam,
1571 4040 1900 4097 sacerdotes
1944 4041 2308 4113 stipendiarii
2332 4044 2649 4100 secundum
2684 4045 2842 4101 valo·

411 4098 574 4182 {0⁰32ss
584 4101 652 4133 ω’
741 4145 867 4182 rem
919 4128 1183 4201 pecuniae
1238 4144 1412 4198 quam
1463 4132 1850 4198 perceperunt
1903 4142 2010 4197 per
2065 4143 2281 4181 annum
2336 4129 2517 4183 taxati
2576 4130 2836 4186 fuerunt.

805 4362 817 4390 ¹
843 4361 995 4410 From
1019 4359 1121 4410 this
1143 4361 1283 4410 word
1323 4361 1473 4410 down
1495 4364 1549 4409 to
1571 4360 1738 4416 vitam,
1900 4362 1920 4389 ⁸
1940 4358 2000 4410 de
2054 4359 2363 4411 Nor-mannia
2407 4361 2463 4412 in
2508 4363 2593 4414 the
2635 4364 2839 4428 printed

734 4439 821 4489 the
874 4446 984 4489 text
1059 4439 1151 4488 has
1219 4440 1346 4489 been
1400 4437 1736 4503 accidentally
1833 4445 2004 4498 textu
2039 4438 2092 4487 in
2126 4438 2454 4501 Nor-tannia,
2478 4441 2625 4494 Cont.
2666 4443 2832 4495 Muri·

734 4518 956 4577 omitted,
999 4520 1102 4568 and
1145 4518 1190 4568 is
1257 4518 1478 4569 inserted
1543 4518 1599 4567 in
1648 4517 1736 4568 the
1829 4517 1973 4568 muth
1995 4539 2009 4577 ς
2044 4518 2212 4569 where
2232 4519 2319 4570 the
2338 4521 2467 4571 rank
2489 4521 2551 4571 of
2578 4522 2666 4573 the
2687 4539 2826 4576 seve-

730 4596 929 4660 margin
952 4596 1005 4646 in
1028 4613 1060 4647 a
1081 4598 1354 4648 somewhst
1377 4598 1503 4648 later
1523 4597 1674 4648 hand.
1828 4598 1903 4647 ral
1927 4596 2160 4663 homges
2181 4598 2227 4648 is
2248 4606 2338 4649 not
2356 4599 2659 4652 mentioned.

796 4680 815 4709 ²
836 4693 1006 4727 mnus
1026 4677 1081 4727 in
1103 4678 1190 4729 the
1210 4676 1410 4744 printed
1431 4683 1580 4730 texts.
1894 4679 1911 4707 ⁴
1930 4678 2109 4728 recessi
2123 4677 2178 4728 in
2191 4677 2345 4744 orig,
2368 4681 2437 4744 by
2453 4679 2824 4737 inadvertenee.
