3300 5617
792 736 920 810 172
1457 753 1718 804 ‘mom
1762 748 2234 804 vammum

442 949 578 1001 AD.
621 956 762 1001 1324.
785 941 1065 998 Ecclesiae
1104 939 1484 1013 Anglicanae3
1536 946 1598 995 et
1630 940 1994 996 examinatus
2039 939 2114 995 do
2159 939 2489 1012 proditione
2536 947 2599 997 et
2643 941 2887 997 crimine
2913 948 3218 1012 Blmefirdt,

786 1027 942 1082 laesae
979 1025 1302 1097 majestatis
1353 1042 1550 1080 coram
1600 1023 1765 1095 Rege
1807 1029 1869 1079 et
1914 1024 2254 1095 proceribus
2289 1025 2603 1082 universis.
2693 1026 2886 1098 Impe-
2912 1030 2996 1079 PP-
3027 1020 3195 1067 78-81).

784 1111 965 1166 situm
999 1128 1207 1182 nempe
1242 1110 1356 1165 fuit
1405 1108 1538 1173 sibi,
1594 1107 1752 1179 quod
1787 1107 2070 1179 quosdam
2119 1109 2388 1165 inimicos
2426 1108 2657 1180 ¹regios
2696 1130 2890 1166 susce·

782 1195 970 1267 pisset
1014 1201 1076 1251 et
1123 1194 1384 1258 fovisset,
1439 1193 1501 1248 in
1551 1210 1770 1264 magna
1827 1194 1997 1265 copia
2054 1200 2433 1258 armatorum,
2488 1201 2550 1251 et
2598 1196 2754 1267 quod
2802 1198 2887 1253 eis

780 1279 1066 1352 impendit
1100 1278 1400 1343 auxilium,
1439 1277 1769 1342 consilium,
1796 1282 1859 1334 et
1892 1278 2172 1334 favorem.
2234 1277 2350 1334 Ille
2372 1296 2532 1344 vero,
2563 1288 2743 1352 prout
2763 1289 2891 1339 erat

778 1366 873 1420 vir
920 1370 1184 1420 maturus
1236 1368 1297 1419 et
1343 1361 1560 1419 litteris
1620 1361 1984 1417 abundanter
2052 1362 2334 1428 imbutus,
2409 1364 2704 1436 patienter
2761 1365 2888 1424 haec

780 1448 936 1513 tulit,
977 1446 1053 1503 ad
1087 1447 1342 1503 convitia
1374 1451 1437 1501 et
1470 1446 1782 1518 opprobria
1816 1444 1967 1500 nihil
2002 1446 2237 1502 omnino
2271 1446 2648 1519 respondens.
2739 1449 2881 1505 Tan-

446 1530 560 1583 'l'he
781 1533 916 1587 dem
963 1531 1230 1604 pulsatus
1277 1528 1687 1595 diversimode,
1738 1529 1826 1585 sic
1872 1546 1977 1584 ora
2020 1529 2265 1586 resolvit
2281 1534 2413 1583 :—“
2441 1529 2692 1587 Domine
2741 1532 2881 1598 Rex,

443 1599 676 1680 Bishop’s
784 1619 823 1644 “
861 1622 1057 1672 vestra
1090 1615 1271 1686 regioe
1294 1613 1618 1686 majestatis
1653 1614 1986 1669 reverentia
2019 1630 2251 1685 semper
2275 1602 2479 1680 salvas
2498 1633 2612 1687 ego
2657 1616 2882 1673 Sanctae

442 1667 691 1785 &212th
783 1702 824 1729 “
860 1701 1141 1756 Ecclesiae
1176 1698 1289 1754 Dei
1324 1698 1593 1754 minister
1625 1697 1889 1762 humilis,
1929 1697 2257 1753 membrum
2287 1698 2435 1770 ejus,
2464 1706 2526 1755 et
2557 1700 2880 1773 Episcopus

608 1752 654 1789 θ’
782 1789 821 1814 “
858 1789 1248 1848 consecratus,
1272 1783 1413 1839 licet
1433 1782 1731 1853 indignus,
1771 1781 1848 1837 ad
1881 1787 2003 1836 tam
2028 1782 2213 1837 ardua
2245 1799 2474 1854 nequeo
2509 1784 2878 1855 respondere,

781 1873 820 1898 ‘⁴
856 1887 964 1925 nec
998 1868 1199 1932 deboc,
1240 1867 1460 1938 absque
1495 1865 1735 1921 Domini
1771 1864 2211 1922 cantuariensis
2245 1867 2712 1941 Archiepiscopi,
2751 1876 2882 1940 post

778 1957 818 1982 ‘⁴
859 1954 1165 2010 Summum
1200 1950 1560 2015 Pontificem,
1599 1950 1718 2005 mei
1753 1949 1963 2006 directi
2006 1949 2248 2021 judicis,
2302 1951 2475 2024 cujus
2522 1953 2704 2009 etiam
2751 1971 2879 2014 sum

774 2040 818 2066 “
856 2038 1278 2108 suffraganeus,
1318 2034 1683 2099 auctoritate,
1710 2040 1773 2090 et
1795 2035 2045 2090 aliorum
2079 2037 2314 2107 parium
2348 2053 2617 2092 meorum
2640 2037 2878 2109 Episco-

773 2124 816 2149 “
854 2138 1063 2193 porum
1114 2118 1484 2175 conniventia
1538 2117 1636 2173 vel
1684 2117 2031 2173 consensu.'’
2129 2117 2257 2188 Quo
2308 2136 2590 2192 responso
2633 2121 2876 2192 prolato,

773 2223 907 2261 mox
929 2202 1369 2274 Archiepiscopi
1394 2208 1455 2258 et
1493 2201 1789 2273 Episcopi,
1829 2219 2028 2257 omnes
2067 2211 2128 2258 et
2164 2203 2406 2274 singuli,
2435 2204 2540 2274 qui
2569 2204 2875 2270 affuerunt,

774 2294 1100 2360 surgentes,
1139 2286 1323 2358 Regis
1347 2284 1717 2341 clementiam
1740 2301 1847 2356 pro
1885 2284 2115 2356 collega
2137 2291 2200 2341 et
2221 2286 2566 2359 coepiscopo
2607 2287 2877 2361 implora·

770 2371 930 2428 bant.
1004 2370 1123 2427 Sed
1162 2369 1327 2441 Rege
1364 2374 1453 2425 tot
1490 2367 2014 2440 supplicationibus
2054 2385 2172 2423 non
2207 2368 2457 2441 placato,
2521 2376 2627 2426 aut
2672 2370 2747 2426 ab
2794 2372 2881 2427 ira

438 2466 577 2561 m
585 2466 697 2562 ‹ilgltig
770 2461 1049 2527 concepta
1095 2453 1430 2509 nullatenus
1469 2452 1792 2524 pacificato,
1829 2457 1993 2507 totus
2031 2450 2226 2506 clerus
2266 2451 2492 2508 dietum
2525 2452 2879 2525 Episcopum

768 2539 791 2572 2
1470 2537 1483 2549 .
1732 2536 1744 2547 .
1861 2535 1874 2548 .
2118 2536 2130 2548 .
2531 2537 2544 2549 .
2598 2537 2609 2549 .

435 2567 738 2664 {mm
769 2534 2877 2692 ,3313zffiffiissssssssffiffissffltssffssssffff,Jffi'ffl

435 2668 736 2774 fflssfflm
770 2707 847 2763 ad
882 2704 1108 2777 objecta
1139 2703 1237 2760 vel
1273 2701 1601 2774 objicienda
1635 2702 1783 2757 alias
1818 2701 2218 2772 responderet.

437 2783 549 2833 The
565 2799 675 2849 1²¹²-
839 2790 1054 2846 Paucis
1090 2786 1308 2844 exactis
1331 2786 1557 2851 diebus,
1602 2785 1749 2851 Rex,
1789 2790 1858 2841 ut
1892 2785 2077 2858 prius,
2128 2786 2486 2860 Episcopum
2532 2788 2876 2861 praedictum

433 2849 700 2968 &iunge
769 2874 1055 2930 convenit.
1145 2871 1272 2942 Quo
1322 2887 1557 2925 rumore
1603 2869 1680 2925 ad
1726 2887 1896 2925 aures
1938 2869 2164 2942 perlato
2211 2871 2582 2938 Pontificum,
2624 2872 2872 2929 Cantua-

433 2983 566 3034 their
585 3000 699 3036 on
768 2958 999 3022 riensis,
1055 2954 1459 3019 Eboracensis,
1510 2959 1572 3008 et
1617 2951 2019 3019 Dublinensis,
2057 2951 2521 3028 Archiepiscopi,
2561 2974 2697 3012 cum
2743 2957 2875 3013 aliis

435 3049 637 3117 charge.
768 3042 968 3097 decem
1015 3038 1340 3112 Episcopis,
1370 3036 1581 3092 erectis
1629 3036 1903 3094 crucibus
1951 3036 2028 3092 ad
2062 3035 2255 3093 locum
2292 3038 2507 3109 judicii
2543 3056 2679 3095 cum
2714 3041 2871 3095 omni

766 3124 1065 3181 celeritate
1098 3126 1401 3185 venerunt,
1440 3129 1503 3176 et
1537 3121 1890 3176 confratrem
1916 3137 2119 3176 eorum
2144 3126 2206 3176 et
2226 3122 2655 3195 coepiscopum,
2683 3123 2871 3179 solum

766 3214 1019 3265 stantem
1049 3213 1111 3262 et
1144 3206 1394 3261 nimium
1417 3203 1763 3268 desolatum,
1803 3204 1867 3259 in
1902 3222 2069 3260 suam
2106 3205 2433 3261 custodiam
2465 3215 2868 3280 susceperunt,

766 3298 829 3348 et
862 3309 1015 3355 eum,
1055 3289 1275 3361 absque
1310 3304 1588 3360 responso
1624 3288 1781 3352 dato,
1824 3305 1960 3343 cum
2005 3287 2129 3343 illis
2166 3289 2436 3359 protinus
2474 3290 2868 3357 abduxerunt3

766 3375 1138 3447 injungentes
1184 3372 1449 3436 firmiter,
1503 3389 1573 3426 ex
1620 3376 1788 3444 parte
1825 3369 1958 3435 Dei,
1998 3377 2061 3427 et
2101 3371 2210 3427 sub
2245 3389 2421 3443 poena
2464 3374 2869 3439 anathematis,

765 3457 1056 3515 universis
1093 3456 1196 3527 qui
1232 3456 1490 3519 aderant,
1527 3472 1602 3509 ne
1638 3454 1773 3525 quis
1809 3453 1872 3508 in
1918 3471 2053 3509 eum
2102 3472 2309 3510 manus
2356 3464 2740 3527 praesumeret
2785 3458 2871 3512 in·

757 3543 944 3615 jicere
978 3540 1282 3596 violentas.
1359 3538 1485 3608 Quo
1522 3539 1607 3595 sic
1631 3538 1900 3601 abducto,
1932 3537 2058 3591 Rex
2093 3537 2167 3592 de
2190 3542 2354 3594 tanta
2380 3538 2524 3594 cleri
2549 3547 2872 3597 commotus

764 3626 1026 3691 audacia,
1066 3623 1235 3696 quasi
1290 3639 1361 3677 ex
1406 3622 1594 3678 officio
1625 3621 1846 3694 judicis
1894 3620 2139 3692 objectis
2186 3622 2468 3695 praecepit
2504 3623 2635 3679 fieri
2680 3624 2873 3696 inqui·

428 3722 501 3766 On
518 3724 709 3777 inquisi-
764 3710 1052 3768 sitionem.
1141 3707 1233 3762 Ac
1274 3705 1461 3777 jurati
1511 3703 1584 3759 de
1633 3705 1827 3777 patria
1874 3705 2195 3768 convocati,
2258 3705 2393 3776 plus
2439 3707 2604 3777 regis
2651 3710 2870 3764 terreni

429 3774 699 3870 ffgssfflssfi
770 3798 1105 3852 metuentes
1159 3788 1456 3854 offensam,
1507 3806 1687 3860 quam
1724 3788 2076 3861 Sempiterni
2137 3788 2177 3843 J
2178 3788 2368 3845 udicis
2414 3790 2718 3857 ultionem,
2772 3792 2868 3847 ab·

428 3876 593 3927 guuty.
762 3885 989 3935 sentem
1027 3874 1383 3948 Episcopum
1438 3889 1607 3928 reum
1643 3871 1825 3927 fuisse
1874 3870 1949 3927 de
1996 3871 2264 3927 omnibus
2310 3871 2556 3944 objectis
2604 3875 2869 3931 articulis

429 3976 530 4027 His
551 3993 663 4042 pro.
761 3965 1205 4036 praesentarunt.
1283 3956 1450 4027 Quod
1489 3955 1617 4011 Rex
1662 3955 1879 4012 ducens
1925 3973 2032 4027 pro
2069 3956 2340 4020 maxime,
2391 3956 2693 4014 confiscari
2730 3959 2870 4016 fecit

594 4044 640 4094 is
765 4063 966 4104 omnes
1015 4043 1282 4100 redditus
1339 4047 1401 4097 et
1448 4047 1637 4096 terras
1693 4056 1849 4104 suas,
1901 4045 1977 4102 et,
2038 4038 2195 4110 quod
2241 4045 2371 4095 erat
2418 4040 2864 4107 intolerabilius,

425 4125 487 4161 ⁰⁰
642 4115 741 4165 ‘ed‘
766 4131 1034 4188 omnibus
1073 4127 1198 4186 suis
1231 4123 1587 4183 victualibus
1624 4129 1686 4179 et
1731 4122 2080 4179 utensilibus
2118 4122 2182 4177 in
2217 4120 2240 4155 ⁸
2255 4123 2452 4196 platea
2496 4124 2772 4197 projectis
2809 4133 2870 4182 et

764 4214 1065 4287 dispersis,
1107 4230 1244 4267 eum
1280 4208 1550 4281 permisit
1588 4206 1981 4262 inhumaniter
2019 4205 2276 4279 spoliari.
2367 4206 2694 4281 Episcopus
2729 4227 2868 4265 vero

1042 4407 1167 4414 ——-—
1176 4401 1706 4413 —-----—-—⁴——————-—-

826 4537 839 4567 ¹
865 4535 977 4585 The
1038 4534 1177 4582 word
1218 4532 1411 4580 nuntios
1453 4528 1500 4578 is
1536 4526 1756 4578 inserted
1871 4529 1931 4574 13
1947 4524 2007 4576 E.
2024 4524 2096 4576 ix,
2124 4546 2137 4577 ε
2163 4533 2393 4592 tanquam
2406 4527 2452 4578 is
2472 4529 2559 4579 the
2581 4529 2797 4597 reading
2817 4531 2872 4582 in

756 4617 876 4668 here
898 4615 953 4663 in
976 4614 1062 4663 the
1084 4612 1281 4676 printed
1302 4617 1450 4660 texts.
1865 4604 2187 4655 Blaneforde.

821 4693 1099 4759 ²Properly
1119 4699 1187 4754 ue,
1202 4707 1258 4741 as
1274 4690 1327 4739 in
1345 4689 1457 4740 MS.
1481 4688 1616 4739 Bibl.
1632 4686 1758 4750 Reg.
1931 4685 1953 4717 ³
1967 4682 2149 4749 plutei-⁹
2171 4683 2225 4734 in
2248 4685 2333 4736 the
2354 4686 2554 4751 printed
2576 4692 2726 4739 texts-

2913 1081 3032 1132 MS.
3051 1083 3182 1135 Bm.

2911 1148 3032 1226 ηεξ

3031 1155 3133 1201 ,13

2910 1214 3076 1267 En.
