3300 5617
1152 799 1482 850 HISTORIA
1525 801 1950 853 ANGLIOANA.
2103 816 2111 826 ·
2447 796 2564 858 32]

82 978 234 1034 MS.
272 987 416 1042 Bibl.
477 980 758 1037 Doctores
807 999 871 1037 se
917 982 1267 1049 collocandO,
1319 1003 1426 1057 pro
1466 985 1798 1042 defensione
1860 1005 2168 1043 causarum
2217 989 2461 1044 suadere
2509 1008 2576 1046 ac
2600 1002 2736 1054 ΑΛ),
2764 1008 2907 1057 1376.

82 1045 252 1161 {⁹03-
305 1060 365 1105 1³
473 1066 652 1120 etiam
690 1072 891 1122 contra
922 1067 1063 1138 jura
1107 1069 1422 1139 postulare,
1472 1071 1714 1125 minime
1755 1073 2101 1139 vei-ebatum
2141 1072 2294 1128 unde
2340 1080 2577 1147 propter

86 1132 295 1236 02³2}
475 1151 811 1204 scandalum
854 1156 915 1205 et
961 1169 1143 1222 grave
1190 1152 1441 1208 dedecus
1492 1172 1623 1226 quse
1666 1155 1871 1211 exinde
1910 1156 2063 1227 Regi
2111 1157 2415 1222 Edward0‚
2461 1177 2575 1214 non

83 1246 444 1318 Mm-immh,
472 1234 663 1288 solum
686 1235 748 1289 in
770 1235 880 1290 hac
903 1242 1062 1290 terra
1085 1236 1189 1291 sed
1212 1237 1275 1291 in
1298 1238 1511 1292 exteris
1535 1239 1895 1309 regionibus,
1922 1241 2170 1296 nimium
2193 1242 2571 1308 resultabant,

83 1328 195 1378 pp.
222 1324 352 1384 219,
469 1318 687 1374 milites
721 1319 1018 1389 petierunt
1049 1320 1199 1376 hanc
1235 1321 1308 1375 ab
1344 1321 1448 1376 illo
1482 1324 1716 1393 penitus
1753 1325 2030 1379 amoveri.

88 1386 239 1435 ²²⁰·
539 1402 712 1467 Item,
730 1404 793 1458 in
815 1403 925 1459 hoc
941 1403 1335 1459 Parliamento
1359 1404 1597 1476 quidam
1621 1406 1882 1463 defectus
1905 1409 2190 1465 notabiles
2214 1409 2287 1464 de
2305 1409 2573 1482 Rycardo
2599 1414 2823 1480 charges

469 1486 706 1556 Lyouns
748 1505 816 1543 ac
854 1486 1045 1542 Adam
1087 1487 1159 1542 de
1202 1488 1385 1559 Bury,
1438 1489 1869 1546 Londoniarum
1917 1493 2144 1549 civibus
2192 1499 2254 1548 et
2292 1499 2573 1550 mercato-
2595 1482 2792 1547 flgssimt

467 1570 651 1635 ribus,
702 1572 765 1626 in
818 1571 1011 1626 lucem
1077 1572 1240 1626 fuere
1296 1572 1550 1629 deducti.
1650 1574 1912 1643 Quorum
1972 1577 2216 1648 primus,
2280 1578 2571 1633 mediante
2595 1556 2889 1666 ffissmoe

467 1655 730 1726 pecunia,
772 1655 787 1684 ¹
807 1673 844 1710 a
878 1656 1139 1712 vindicta
1185 1656 1383 1713 debita
1432 1656 1603 1713 valde
1653 1660 1961 1731 sagaciter,
2012 1661 2192 1717 immo
2232 1661 2567 1732 prudenter,
2595 1681 2657 1732 01·
2673 1682 2904 1734 Londou,

467 1741 672 1794 evasit.
765 1739 1086 1807 Secundus,
1139 1743 1498 1812 stupefactus
1553 1742 1628 1797 ad
1677 1743 1791 1797 sibi
1840 1744 2132 1815 imposita,
2182 1745 2449 1815 protinus
2497 1744 2570 1800 de

466 1840 649 1894 regno
685 1824 951 1895 profugit
990 1825 1052 1879 in
1091 1825 1445 1890 Flandriam,
1473 1832 1543 1881 ut
1580 1834 1767 1883 semet
1801 1827 1884 1882 ibi
1928 1829 2154 1884 salvare
2191 1830 2432 1886 valeret.

538 1906 650 1976 Qui
676 1914 875 1963 autem
904 1909 1165 1963 omnium
1202 1908 1460 1965 militum
1495 1909 1841 1965 Prolocutor
1864 1910 2242 1967 Parliamenti
2276 1914 2564 1977 extiterat,
2592 1916 2838 1983 Disgrace
2851 1919 2913 1970 of

465 1997 525 2046 et
569 1991 695 2047 hoec
733 1993 1010 2048 universa
1053 1993 1376 2065 proposuit,
1420 1997 1458 2020 “
1476 1993 1692 2049 Petrus
1741 1993 1815 2049 de
1863 1995 1922 2049 la
1967 1995 2132 2049 Mare
2152 1995 2187 2019 ”
2225 1996 2417 2052 fuerat
2466 2014 2563 2069 ap·
2591 1985 2636 2033 P
2635 1991 2740 2035 ete?
2760 1987 2822 2036 ὅθ
2853 1987 2905 2036 ¹⁸

462 2076 744 2147 pellatus5
772 2079 866 2133 vir
889 2078 1093 2148 utique
1119 2078 1403 2133 facundus
1437 2083 1498 2134 et
1530 2078 1778 2149 sapiens,
1808 2079 1905 2134 cui
1928 2096 2034 2151 pro
2073 2080 2167 2134 sui
2205 2080 2559 2145 maturitate,
2589 2051 2898 2180 ξρῗξὲἑέῖί

463 2161 830 2226 discretione,
884 2163 1008 2218 sive
1056 2162 1385 2233 prudentia,
1438 2163 1581 2217 talia
1627 2163 1868 2233 negotia
1913 2163 2123 2218 merito
2172 2182 2293 2235 prae
2341 2166 2565 2220 cunctis
2587 2184 2910 2236 Parumnem·

462 2245 593 2300 aliis
618 2246 1008 2302 crederentur.
1085 2247 1220 2311 Hic,
1249 2254 1424 2319 prout
1446 2253 1573 2301 erat
1596 2247 1961 2311 informatus,
1991 2254 2192 2302 contra
2225 2249 2564 2318 praedictam

459 2329 730 2394 Aliciam‚
775 2336 835 2385 et
873 2331 1155 2402 quosdam
1190 2331 1337 2385 alios
1375 2330 1448 2385 de
1485 2330 1722 2385 Domini
1748 2330 1933 2402 Regis
1970 2330 2244 2387 Edwardi
2283 2331 2560 2397 Consili0,

457 2413 636 2468 verba
670 2415 829 2470 fecit.
906 2414 1313 2484 Quamobrem,
1360 2414 1435 2469 ad
1477 2414 1817 2469 instantiam
1854 2415 2114 2486 praefatae
2137 2414 2364 2479 Aliciae‚
2407 2415 2564 2487 idem

458 2496 670 2553 Petrus
707 2506 910 2571 expost
950 2500 1065 2554 fuit
1110 2499 1265 2571 apud
1305 2498 1710 2569 Nothingham
1751 2505 2033 2570 perpetuo
2080 2499 2300 2554 carceri
2338 2500 2562 2571 adjudi-

457 2588 655 2648 catus;
694 2583 759 2638 in
782 2601 916 2655 quo,
953 2584 1092 2639 licet
1116 2583 1244 2655 ejus
1278 2582 1452 2638 amici
1488 2600 1595 2653 pro
1631 2582 1760 2653 ejus
1797 2583 2138 2640 liberatione
2176 2583 2390 2655 saepius
2427 2603 2563 2656 sup-

455 2664 787 2735 plicassent,
831 2667 1064 2722 biennio
1102 2684 1323 2721 moram
1361 2666 1556 2722 traxit.

526 2748 745 2806 Octavo
793 2750 888 2806 die
928 2751 968 2806 J
970 2752 1097 2814 ulii,
1140 2751 1386 2807 durante
1430 2751 1619 2806 adhuc
1648 2751 2043 2805 Parliamento
2080 2750 2233 2822 apud
2271 2751 2558 2806 Westmo·
2586 2763 2750 2814 Death
2773 2766 2835 2814 of

454 2833 792 2898 nasterium,
832 2835 894 2889 in
930 2835 1119 2905 regali
1157 2834 1385 2889 Palatio
1423 2834 1731 2890 defunctus
1771 2840 1862 2890 est
1903 2834 2189 2889 Dominus
2237 2834 2558 2890 Edwardus
2585 2831 2817 2908 led-ward,

457 2916 735 2988 Princeps
758 2918 1006 2983 Walliae,
1036 2919 1219 2990 Regis
1244 2918 1517 2974 Edwardi
1552 2919 1997 2991 primogenitus,
2025 2917 2088 2972 in
2112 2918 2260 2973 festo
2284 2918 2559 2973 videlicet
2582 2897 2766 3015 {333
2783 2900 2844 2947 ⁰¹⁹

454 3001 775 3057 Trinitatis.
852 3001 977 3071 Quo
1019 3002 1133 3067 die,
1172 3003 1331 3058 idem
1364 3003 1665 3075 Princeps,
1694 3003 1768 3058 ob
1790 3002 2178 3058 reverentiam
2212 3002 2362 3057 tanti
2398 3004 2554 3067 festi,
2758 3003 2768 3014 ’

454 3084 517 3139 in
548 3102 914 3157 quocumque
942 3086 1069 3142 loco
1107 3087 1317 3152 fuerat,
1358 3105 1586 3159 semper
1611 3087 1836 3143 solebat
1859 3086 2120 3158 quolibet
2158 3104 2306 3141 anno
2349 3086 2555 3141 solem-

451 3169 695 3224 nitatem
722 3171 1034 3225 maximam
1058 3171 1370 3226 celebrare.
1448 3171 1634 3243 Oujus
1678 3172 1970 3226 fortunam
2004 3169 2252 3234 militiae,
2279 3176 2556 3241 tanquam

453 3252 694 3308 alterius
734 3253 1026 3319 Hectoris,
1055 3272 1253 3310 omnes
1296 3261 1520 3327 gentes,
1559 3260 1682 3310 tam
1726 3254 2045 3310 Christiani
2089 3271 2266 3324 quam
2307 3253 2552 3324 Pagani,

92 3339 220 3391 MS.
248 3341 390 3395 Bibl.
454 3335 593 3391 dum
610 3337 761 3394 vixit
782 3337 1107 3403 incolumis,
1133 3339 1454 3410 plurimum
1476 3338 1884 3394 formidabant.
1960 3338 2048 3392 Eo
2071 3337 2259 3408 igitur
2284 3338 2551 3401 obeunte,

94 3407 237 3486 1³⁶3·
271 3415 333 3459 ¹3
452 3422 639 3476 omnis
664 3422 811 3477 obiit
833 3440 964 3494 spes
989 3420 1011 3454 ²
1028 3440 1248 3478 eorum.
1325 3422 1451 3492 Quo
1488 3423 1727 3494 quidem
1764 3422 2079 3494 superstite
2113 3422 2335 3478 nullius
2366 3422 2553 3477 hostis

91 3472 159 3523 E·
188 3490 252 3523 ¹¹
450 3503 770 3571 incursum,
835 3524 950 3577 quo
1011 3512 1297 3578 praesente
1362 3506 1583 3562 nullius
1643 3505 1787 3561 belli
1847 3522 2247 3577 congressum,
2311 3504 2549 3575 Anglici

448 3588 805 3657 timuerunt3
847 3590 950 3661 qui
983 3609 1300 3662 nunquam,
1329 3608 1397 3646 eo
1429 3597 1735 3662 proesente‚
1776 3590 1937 3662 passi
1974 3596 2112 3645 sunt
2142 3589 2358 3661 probra
2397 3589 2550 3643 male

448 3683 631 3743 gestae
679 3675 804 3729 sive
851 3674 1097 3730 desertae
1145 3675 1411 3741 militiae3
1468 3675 1571 3746 qui
1618 3674 1843 3729 nullam
1891 3680 2129 3743 gentem
2177 3672 2326 3728 adiit
2373 3690 2544 3743 quam

446 3774 562 3811 non
607 3758 771 3821 vicit,
821 3758 1043 3814 nullam
1086 3759 1385 3815 civitatem
1423 3758 1653 3814 obsedit
1692 3776 1868 3828 quam
1913 3775 2029 3812 non
2077 3757 2250 3828 cepit.
2327 3756 2541 3826 Igitur,

447 3842 700 3901 extincto
750 3842 1046 3915 Principe,
1099 3844 1387 3899 extinctus
1436 3848 1527 3899 est
1572 3860 1709 3898 cum
1753 3859 1824 3896 eo
1871 3842 2130 3912 profecto
2166 3839 2542 3894 Parliamenti

445 3925 750 3995 praesentis
792 3926 1051 3983 effectus.
1123 3926 1279 3982 Nam
1317 3943 1673 3989 communes,
1702 3943 1835 3980 cum
1874 3924 2087 3995 quibus
2118 3924 2246 3994 ipse
2287 3921 2539 3985 tenebat,

443 4008 588 4063 dicti
634 4008 1015 4065 Parliamenti
1061 4012 1254 4066 sortiti
1305 4027 1422 4065 non
1468 4016 1605 4065 sunt
1648 4009 1830 4064 talem
1870 4008 2090 4062 exitum
2139 4005 2370 4077 qualem
2433 4022 2541 4075 pro
2566 4019 2665 4068 Hi„
2685 4034 2792 4079 ⁸011,

443 4091 674 4146 meliori
696 4092 971 4149 habuisse
997 4095 1322 4165 sperabant.
1399 4094 1687 4149 Dominus
1722 4091 2009 4147 Ricardus
2051 4089 2123 4145 de
2159 4088 2535 4158 Burdegalia,
2565 4086 2787 4137 Richard
2809 4089 2869 4137 of

445 4174 602 4229 filius
626 4175 898 4231 Edwardi
934 4177 1227 4249 Principis
1249 4177 1500 4242 walliae,
1542 4178 1604 4231 in
1641 4176 1752 4230 hoo
1789 4174 2182 4229 Parliamento
2216 4174 2405 4226 factus
2448 4178 2539 4226 est
2563 4154 2845 4270 Bordtggux’

446 4256 655 4313 Comes
705 4258 966 4325 Cestriae,
1018 4266 1079 4316 et
1117 4279 1233 4317 non
1278 4266 1413 4334 post
1465 4260 1680 4315 multos
1724 4258 1849 4313 dies
1895 4256 2115 4328 ³patris
2152 4255 2244 4310 sui
2280 4256 2539 4326 suscepit
2560 4236 2681 4339 {3¹⁵3}
2705 4288 2764 4339 of

442 4340 741 4413 integrum
775 4342 1195 4414 Principatum.
2565 4356 2786 4408 chester.

450 4515 629 4523 ———

510 4649 523 4680 ¹
542 4664 605 4698 ac
625 4648 681 4698 in
705 4649 832 4715 orig.
855 4670 870 4711 3
908 4651 1163 4701 corrected
1195 4649 1326 4701 from
1358 4650 1442 4702 the
1608 4651 1629 4680 ²
1650 4645 1912 4714 Anylorum
1928 4646 1983 4697 in
2005 4646 2090 4696 the
2112 4644 2310 4711 printed
2326 4651 2472 4695 texts.

442 4726 639 4792 printed
658 4736 808 4779 texts-
1607 4729 1627 4757 ¹·
1640 4727 1823 4795 patriae
1842 4742 1945 4776 suoe
1966 4724 2022 4775 in
2042 4725 2131 4776 the
2151 4724 2350 4790 printed
2369 4730 2518 4774 texts.

2221 4820 2270 4866 X
