3300 5617
713 757 810 822 88
1370 768 1632 818 :mom
1678 765 2145 815 wmmom

389 953 532 1007 AD.
557 959 701 1007 1³01.
730 957 769 981 ‘⁶
807 952 1148 1026 gigantibus
1211 951 1636 1020 inhabitatam3
1700 952 1915 1024 quibus
1978 950 2227 1007 devietis
2274 967 2385 1005 sua
2428 948 2711 1020 potentia,
2764 953 3161 1030 etffiahmger,

730 1041 770 1066 “
807 1037 1036 1102 occisis,
1089 1055 1219 1092 eam
1269 1037 1344 1092 de
1389 1037 1624 1092 nomine
1673 1055 1781 1092 suo
1832 1033 2280 1098 ‘Britanniam’
2331 1035 2637 1104 sociosque
2690 1026 3138 1087 anesus-Bibl.

732 1124 771 1150 ⁴⁴
813 1121 1166 1185 ‘Batonem’
1209 1121 1542 1192 appellavit.
1633 1120 1849 1175 Postea
1895 1136 2147 1191 regumn
2198 1136 2372 1173 mum
2424 1117 2614 1172 tribus
2652 1115 2832 1169 mnis
2858 1093 3015 1215 {⁸⁸13-
3012 1105 3078 1149 1³

734 1210 771 1233 ‘⁴
809 1205 1030 1264 divisit.
1117 1205 1388 1269 Lauino,
1427 1204 1817 1276 primogenito
1853 1221 1979 1267 suo,
2017 1201 2181 1258 dedit
2212 1201 2377 1256 illam
2412 1207 2660 1272 poetem,
2700 1216 2834 1270 quae
2858 1228 2989 1280 Νη

733 1292 771 1317 “
810 1289 1100 1361 quondam
1143 1287 1470 1361 ‘Loegriass
1507 1305 1663 1342 nunc
1696 1304 1837 1342 vero
1876 1286 2172 1357 ‘Angliass
2205 1287 2561 1342 nominatur.
2652 1282 2834 1338 Alba-
2859 1296 3070 1365 ΒΜ,

732 1378 769 1400 “
807 1381 995 1438 nacto,
1052 1373 1305 1429 secundo
1351 1372 1493 1437 filio,
1530 1370 1697 1426 dedit
1751 1371 2082 1434 Albaniam,
2144 1388 2278 1441 quie
2335 1388 2491 1424 nunc
2553 1367 2835 1423 ‘Scotia’

731 1462 768 1484 ‘⁴
806 1459 1114 1516 vocitatur.
1208 1457 1460 1514 Cambro
1493 1472 1653 1520 vero,
1692 1456 1867 1511 tertio
1916 1454 2057 1518 filio,
2107 1454 2273 1511 dedit
2307 1453 2663 1517 Cambriam,
2704 1470 2836 1524 quae

731 1545 767 1568 ‘⁶
807 1559 960 1597 nunc
1012 1546 1027 1570 ⁶
1054 1539 1304 1596 Wallia’
1342 1539 1702 1611 appellatur;
1738 1545 2039 1594 reservata
2086 1537 2353 1601 Loci-ino,
2393 1538 2629 1600 seniori,
2668 1537 2839 1607 regia

729 1629 767 1651 ‘⁴
806 1624 1113 1696 dignitate.
1205 1624 1454 1679 Biennio
1483 1629 1618 1694 post
1649 1629 1899 1677 mortem
1934 1622 2127 1686 Bruti,
2166 1621 2453 1692 applicuit
2484 1622 2551 1675 in
2585 1620 2840 1674 Albania

729 1712 767 1735 “
807 1708 934 1763 Rex
980 1709 1311 1773 Hunorum,
1365 1707 1635 1762 Humber
1684 1707 1935 1770 nomine,
1991 1705 2094 1776 qni
2128 1705 2538 1768 Albansctum‚
2590 1705 2838 1758 fratrem

729 1797 768 1819 ‘⁶
807 1792 1060 1856 Locrini,
1121 1791 1391 1864 peremit.
1502 1789 1691 1859 Quem
1748 1806 1883 1844 mox
1944 1788 2234 1844 Locrinus
2303 1795 2652 1860 persecutus
2724 1794 2834 1843 est.

729 1881 766 1903 ‘⁶
806 1876 1075 1932 Humber
1108 1893 1250 1931 vero
1301 1874 1554 1945 fugiens,
1609 1874 1951 1929 submersus
2006 1881 2099 1928 est
2148 1874 2210 1927 in
2258 1873 2501 1928 flumine
2553 1871 2713 1944 quod
2765 1872 2839 1926 de

729 1965 768 1987 ‘⁶
808 1978 915 2016 suo
962 1959 1196 2015 nomine
1230 1965 1474 2015 vocatur
1512 1961 1529 1985 ‘
1555 1957 1865 2013 Humber.’
1956 1957 2036 2013 Et
2084 1956 2171 2012 sic
2208 1954 2467 2011 Albania
2506 1956 2841 2011 devolvitur

730 2048 768 2071 ‘⁴
808 2044 884 2099 ad
919 2043 1251 2100 Locrinum.
1342 2041 1469 2097 'Ex
1500 2048 1653 2114 post,
1692 2040 2056 2105 Dunwallus,
2114 2040 2239 2095 Rex
2275 2041 2607 2105 Britonum,
2649 2040 2839 2096 State·

731 2133 770 2157 ‘⁴
808 2129 965 2183 rium
1013 2127 1240 2200 Regem
1295 2126 1526 2191 Scotiae,
1580 2126 1695 2182 sibi
1748 2125 2047 2190 rebellem,
2109 2124 2342 2190 occidit,
2396 2131 2458 2180 et
2505 2131 2729 2180 terram
2776 2134 2840 2189 in

731 2216 770 2240 ‘⁴
809 2212 1164 2268 deditionem
1201 2212 1442 2284 accepit.
1517 2210 1691 2276 Item,
1730 2210 1847 2265 duo
1880 2209 1987 2264 filii
2025 2208 2446 2273 Dunwallonis,
2475 2208 2706 2264 scilicet
2727 2206 2835 2260 Be·

731 2301 771 2323 “
809 2295 965 2353 linus
1001 2303 1064 2351 et
1084 2294 1394 2359 Bromius,
1431 2294 1586 2349 inter
1621 2310 1686 2349 se
1722 2309 1971 2364 regnum
2006 2293 2190 2363 patris
2227 2292 2320 2347 sui
2353 2291 2717 2356 diviserunt3
2758 2291 2841 2344 ita

734 2383 772 2406 “
811 2379 968 2451 quod
991 2379 1254 2443 Belinus,
1281 2377 1492 2442 senior,
1532 2376 1802 2433 diadema
1836 2376 2063 2440 insulae,
2090 2394 2226 2431 cum
2250 2375 2576 2440 Britannia,
2604 2374 2837 2438 wallia,

731 2467 772 2490 ‘⁶
810 2470 873 2520 et
907 2462 1219 2527 cornubia,
1264 2462 1541 2534 possedit.
1630 2460 1923 2516 Brennius
1971 2477 2130 2525 vero,
2184 2459 2293 2515 sub
2344 2477 2414 2514 eo
2463 2451 2837 2530 regnaturus,

733 2551 774 2575 ‘⁴
814 2547 1072 2603 Scotiam
1106 2546 1350 2618 accepit.
1424 2544 1672 2600 Petebat
1706 2545 1863 2599 enim
1898 2544 2151 2615 Trojana
2182 2544 2562 2607 consuetudo,
2602 2550 2673 2599 ut
2713 2543 2839 2614 dig-

734 2635 773 2659 “
811 2631 965 2687 nitas
1015 2630 1376 2685 haereditatis
1425 2629 1816 2700 primogenito
1862 2628 2215 2699 perveniret.
2301 2627 2476 2692 Item,
2514 2627 2837 2691 Arthurus‚

734 2718 773 2742 ‘⁴
813 2714 940 2772 Rex
974 2715 1283 2774 Britouum
1319 2713 1763 2777 famosissimae,
1805 2711 2062 2767 Scotiam
2097 2712 2213 2767 sibi
2246 2712 2531 2767 rebellem
2568 2711 2837 2783 subjecit,

734 2803 774 2826 ‘⁸
813 2805 875 2855 et
924 2799 1048 2853 fere
1085 2805 1268 2854 totam
1318 2804 1556 2869 gentem
1590 2793 1843 2862 delevi&
1894 2803 1957 2852 et
1988 2802 2195 2868 postea
2228 2795 2560 2868 quemdam,
2611 2796 2842 2850 nomine

736 2886 774 2911 ‘⁴
817 2886 833 2910 ⁴
858 2880 1265 2954 Anguselum,’
1316 2883 1380 2937 in
1419 2898 1624 2954 regem
1680 2880 1891 2936 Scotiae
1926 2880 2207 2951 praefecit.
2301 2880 2380 2934 Et
2428 2885 2652 2951 postea,
2707 2897 2843 2935 eum

729 2971 774 2995 ‘⁶
812 2967 972 3022 idem
1007 2966 1134 3023 Rex
1167 2965 1465 3022 Arthurus
1507 2964 1666 3037 apud
1711 2965 2012 3020 civitatem
2052 2963 2379 3036 Legionum
2432 2964 2650 3019 festum
2690 2963 2840 3019 face·

736 3055 774 3080 ⁸⁸
813 3059 907 3108 ret
951 3051 1419 3116 celeberrimum,
1481 3049 1877 3105 interfuerunt
1938 3048 2159 3103 ibidem
2206 3066 2406 3104 omnes
2469 3047 2667 3119 Reges
2729 3047 2841 3103 sibi

737 3140 775 3164 ‘⁴
815 3135 1100 3208 subjecti;
1182 3136 1336 3191 inter
1410 3152 1556 3206 quos
1621 3133 1980 3204 Anguselus‚
2055 3132 2181 3187 Rex
2241 3133 2472 3198 Scotiae,
2536 3132 2844 3188 servitium

733 3224 775 3249 ‘⁶
814 3237 922 3292 pro
988 3237 1172 3293 regno
1226 3237 1331 3275 suo
1381 3218 1660 3274 exhibens
1714 3217 1996 3282 debim,
2051 3216 2316 3288 gladium
2356 3216 2542 3287 Regis
2594 3214 2844 3271 Arthuri

736 3309 773 3331 ‘⁶
813 3303 1026 3360 detulit
1062 3310 1194 3360 ante
1246 3304 1457 3376 ipsum,
1498 3309 1559 3359 et
1599 3302 1929 3359 successive
1966 3319 2167 3357 omnes
2205 3300 2398 3372 Reges
2426 3301 2639 3356 Scotiae
2663 3300 2844 3356 omni·

736 3393 775 3416 ‘⁴
813 3389 924 3444 bus
947 3388 1211 3460 Regibus
1235 3388 1544 3444 Britonum
1568 3388 1808 3444 fuerunt
1831 3386 2098 3459 subjecti.
2176 3385 2634 3441 Succedeutibus
2651 3393 2844 3441 autem

737 3477 774 3499 ‘⁴
814 3472 1078 3544 Regibus
1137 3472 1389 3544 Angliae,
1449 3472 1512 3527 in
1572 3471 1776 3527 eadem
1835 3470 2031 3527 insula
2087 3471 2274 3542 ipsius
2332 3469 2731 3525 monarchiam
2788 3475 2848 3525 et

739 3560 776 3583 “
817 3555 1138 3611 dominium
1175 3556 1436 3612 obtinent
1459 3562 1898 3628 consequenter.
1965 3555 2307 3618 Edwardus‚
2335 3553 2529 3610 dictus
2559 3557 2574 3580 ‘
2598 3552 2844 3618 Senior,’

739 3643 777 3667 ‘⁴
816 3638 974 3694 filius
997 3639 1226 3694 Alfredi
1251 3640 1433 3712 Regis
1452 3638 1705 3710 Angliae,
1736 3640 2061 3704 Scotorum,
2090 3637 2499 3703 Oumbrorum,
2545 3644 2608 3693 et
2645 3637 2844 3708 Streg-

740 3727 778 3751 “
816 3723 1122 3779 wallorum
1147 3722 1361 3796 Reges,
1389 3729 1670 3795 tanquam
1708 3724 1997 3795 superiori
2020 3723 2271 3788 domino,
2313 3722 2607 3793 subjectos
2642 3719 2848 3776 habuit

742 3810 779 3834 ‘⁸
819 3811 879 3862 et
902 3807 1240 3863 submissos.
1292 3806 1668 3872 Adelstanus‚
1696 3807 1823 3862 Rex
1846 3806 2098 3878 Angliae‚
2134 3806 2581 3863 Constantinum
2621 3805 2847 3876 Regem

741 3895 779 3918 “
821 3891 1145 3956 Scotorum,
1186 3890 1295 3947 sub
1332 3908 1395 3947 se
1432 3897 1818 3964 regnaturum
1853 3891 2175 3955 constituit,
2232 3890 2452 3956 dicens,
2496 3894 2511 3917 ‘
2531 3889 2846 3961 gloriosius

742 3979 780 4002 ‘⁸
823 3978 838 4003 ‘
859 3992 990 4030 esse
1041 3991 1246 4047 regem
1311 3975 1504 4031 facere
1566 3992 1742 4046 quam
1794 3991 1999 4047 regem
2048 3973 2218 4030 esse.’
2326 3974 2406 4029 Et
2459 3980 2552 4030 est
2603 3972 2848 4044 dignum

741 4061 782 4086 “
817 4058 1115 4124 memoria,
1181 4058 1337 4130 qnod
1396 4058 1554 4115 idem
1599 4058 1977 4124 Adelstanus,
2033 4057 2427 4115 intercedente
2479 4058 2692 4114 Sancto
2747 4057 2845 4113 Jo-

743 4146 780 4171 “
818 4142 1007 4198 hanno
1057 4143 1129 4199 de
1194 4143 1533 4208 Beni-laco,
1598 4144 1888 4215 quondam
1958 4140 2413 4215 Archiepiscopo
2473 4140 2844 4206 monscensi,

744 4230 781 4254 ‘⁸
823 4226 1025 4283 Scotos
1061 4228 1411 4284 rebellantes
1448 4228 1503 4283 ei
1539 4226 1561 4259 ³
1578 4228 1812 4284 devicit.
1889 4226 2002 4297 Qui
2028 4228 2249 4299 gratias
2274 4225 2400 4282 Deo
2425 4226 2633 4282 devote
2668 4243 2846 4297 agens

743 4312 784 4338 ‘⁴
821 4313 1097 4378 exoravit,
1149 4319 1354 4385 petens
1390 4317 1475 4378 ut,
1517 4312 1939 4368 interveniente
1974 4312 2158 4367 Beato
2195 4312 2235 4367 J
2237 4312 2479 4375 ohanne,
2519 4310 2576 4365 ei
2612 4307 2848 4382 aliquod

746 4397 785 4423 ‘⁴
824 4395 1060 4467 signum
1118 4397 1357 4452 evidens
1417 4397 1839 4461 ostenderetur,
1905 4414 2020 4467 quo
2062 4402 2184 4451 tam
2244 4395 2621 4452 succedentes
2673 4411 2847 4465 quam

812 4633 826 4669 ¹
840 4631 973 4701 fitis,
993 4636 1097 4687 mis
1119 4636 1173 4687 in
1196 4635 1281 4689 the
1305 4636 1510 4701 printed
1533 4641 1684 4689 texts.
1909 4639 1929 4668 ⁸
1997 4637 2135 4687 evicit
2151 4635 2206 4686 in
2230 4635 2317 4686 the
2341 4611 2543 4702 pfinaea
2563 4643 2715 4688 tem

809 4717 830 4748 ²
862 4713 1040 4766 Postea
1064 4716 1121 4767 in
1142 4717 1227 4768 the
1254 4716 1455 4781 printed
1479 4724 1630 4768 texts.
