3300 5617
109 940 416 1065 fifflff‘

114 1074 331 1194 {⁰³12ss

1112 771 1442 827 merom
1487 771 1905 832 mouens.
2430 767 2551 835 101

455 940 684 1019 vigilia
750 945 809 1001 Ν
812 947 1096 1005 ativitatis
1165 949 1445 1022 ejusdem,
1532 953 1696 1010 venit
1776 970 2002 1009 summo
2072 970 2241 1008 mane
2311 972 2559 1027 magnus
2582 964 2720 1017 AJ).
2758 971 2903 1017 1303.

455 1029 743 1088 exereitus
791 1031 1093 1088 hominum
1140 1041 1512 1101 armatorum,
1555 1037 1772 1093 missus
1819 1055 1890 1092 ex
1935 1042 2102 1109 parte
2149 1037 2333 1110 Regis
2380 1039 2560 1097 Fran-
2582 1032 2628 1082 P
2629 1048 2722 1098 ope
2742 1034 2899 1085 Boni·

453 1112 560 1172 βίω
608 1120 669 1169 et
716 1114 1116 1172 Oardinalium
1164 1118 1682 1193 Golumpnensium
1728 1120 2149 1187 damnatorum,
2200 1129 2436 1194 repente
2485 1125 2561 1181 ad
2582 1099 2886 1217 mma

452 1201 685 1266 portum
734 1198 992 1255 civitatis
1088 1200 1105 1233 ¹
1119 1200 1426 1275 Anagniae,
1478 1205 1540 1260 in
1606 1223 1782 1276 quam
1853 1205 2014 1278 Papa
2060 1207 2406 1278 confugerat
2449 1226 2556 1280 pro
2580 1231 2813 1283 0010m

451 1280 655 1346 tutela,
708 1283 848 1353 quia
892 1283 1112 1340 ibidem
1151 1292 1322 1344 natus
1383 1289 1592 1345 fuerat.
1694 1289 2065 1345 Invenientes
2125 1290 2314 1362 igitur
2359 1298 2556 1363 portas
2581 1299 2684 1350 and
2698 1300 2882 1352 others.

450 1371 699 1436 apertas,
750 1366 1007 1438 ingressi
1056 1376 1194 1426 sunt
1256 1372 1556 1428 civitatem
1621 1379 1683 1429 et
1728 1390 1860 1428 mox
1924 1374 2209 1430 dederunt
2274 1375 2557 1433 insultum

449 1449 682 1519 palatiis
723 1451 962 1507 Domini
1017 1453 1211 1530 Papae‚
1261 1462 1324 1512 et
1357 1456 1715 1513 Marchionis
1750 1458 1976 1530 nepotis
2024 1458 2219 1531 Papoe,
2270 1465 2332 1515 et
2376 1462 2557 1517 trium

449 1532 866 1592 Cardinalium.
940 1536 1338 1596 communitas
1384 1557 1521 1596 vero
1567 1540 1745 1606 villae,
1785 1548 2080 1613 comperto
2140 1543 2295 1614 quod
2332 1545 2553 1611 Scaira,

448 1618 627 1674 frater
671 1617 695 1651 ²
713 1619 1254 1693 Oolumpniensium
1301 1622 1721 1690 Oardiualium,
1768 1631 1829 1680 et
1867 1625 2201 1683 Willelmus
2249 1627 2323 1683 de
2368 1628 2389 1660 ³
2407 1629 2557 1685 Lon-

448 1710 671 1773 gareto,
724 1704 1092 1762 Senescallus
1139 1706 1325 1779 Regis
1374 1708 1657 1774 Franeiae,
1728 1708 2102 1766 advenissent
2149 1729 2220 1767 ea
2265 1714 2556 1785 conspira-

449 1786 622 1854 tione,
672 1795 742 1845 ut
786 1789 1008 1863 Papam
1032 1789 1388 1863 deponerent
1426 1792 1523 1849 vel
1570 1798 1864 1859 necarent,
1906 1794 2104 1850 statim
2138 1795 2369 1867 pulsata
2404 1814 2557 1852 com-

446 1875 610 1928 muni
675 1893 973 1947 campana,
1040 1884 1102 1932 et
1164 1883 1419 1933 tractatu
1480 1878 1699 1944 habito,
1769 1878 1832 1934 in
1896 1881 2189 1936 communi
2250 1881 2558 1953 elegerunt

447 1957 558 2013 sibi
631 1959 999 2031 capitaneum
1067 1961 1356 2032 quendam
1429 1961 1831 2034 Adnulphum‚
1884 1980 2067 2020 unum
2115 1981 2186 2019 ex
2232 1965 2552 2037 majoribus

445 2042 694 2098 dominis
754 2042 827 2099 de
892 2043 1205 2117 Campana,
1257 2064 1364 2118 per
1428 2064 1604 2120 quem
1674 2045 1915 2102 instanti
1976 2048 2213 2119 negotio
2281 2065 2552 2120 regeren-

444 2133 559 2183 tur.
637 2127 750 2198 Qui
786 2128 1025 2200 quidem
1071 2129 1441 2203 Adnulphus,
1478 2130 1600 2186 illis
1635 2129 2063 2203 ignorantibus,
2103 2132 2339 2187 Domini
2375 2132 2551 2205 Papae

443 2212 637 2272 extitit
674 2212 940 2285 capitalis
1009 2212 1301 2270 inimicus.
1389 2214 1639 2271 Interim
1699 2214 1938 2271 Domini
1990 2215 2167 2287 Papae
2231 2215 2553 2272 adversarii

442 2295 570 2368 ejus
611 2297 847 2368 palatio,
887 2302 948 2353 et
976 2296 1332 2354 Marehionis
1369 2299 1596 2372 nepotis
1633 2298 1745 2364 sui,
1787 2299 2084 2370 triumque
2128 2298 2549 2366 cardinalium,

441 2380 757 2437 acerrimos
804 2381 1091 2437 dederunt
1136 2382 1408 2439 insultus.
1487 2383 1605 2440 Sed
1651 2382 2040 2439 familiaribus
2089 2383 2326 2440 Domini
2375 2384 2551 2456 Papae

442 2470 502 2520 et
563 2465 922 2522 Marchionis
992 2465 1245 2522 viriliter
1331 2485 1393 2522 se
1489 2467 1950 2532 defendentibus,
2027 2466 2264 2522 illorum
2334 2468 2553 2539 palatia

441 2548 712 2605 invadere
777 2549 1181 2621 nequiverunt.
1258 2551 1462 2607 Trium
1507 2557 1704 2607 tamen
1746 2549 2145 2608 Oardinalium
2185 2551 2421 2623 palatia,
2451 2551 2552 2622 qui

438 2634 857 2705 reputabantur
919 2633 1251 2706 specialiter
1310 2635 1485 2691 amici
1537 2635 1733 2707 Papae,
1802 2652 1909 2708 per
1953 2635 2077 2691 vim
2125 2640 2186 2690 et
2231 2635 2550 2707 potentiam

439 2724 577 2774 sunt
635 2718 932 2790 ingressi;
995 2725 1056 2774 et
1109 2719 1304 2775 omnia
1364 2719 1517 2775 bona
1586 2720 1805 2774 ibidem
1875 2724 2111 2792 reperta
2178 2717 2552 2792 diripuerunt

437 2809 498 2859 et
542 2809 1003 2876 asportaverunt.
1080 2803 1208 2876 Ipsi
1265 2821 1405 2861 vero
1453 2803 1794 2860 cardinales
1836 2821 1873 2859 a
1918 2809 2087 2874 tergo
2131 2821 2238 2875 per
2276 2804 2549 2860 latrinam

436 2887 535 2942 vix
573 2895 903 2945 evaserunt.
998 2887 1234 2944 Interea
1271 2887 1609 2962 supervenit
1649 2886 1936 2943 Dominus
1971 2887 2344 2959 Adnulphus,
2386 2888 2546 2944 villae

437 2971 792 3044 capitaneus,
824 2972 1117 3028 adducens
1159 2989 1356 3029 secum
1392 2971 1709 3029 Dominum
1739 2970 2132 3043 Reginaldum
2182 2971 2254 3026 de
2305 2972 2544 3044 Supina,

438 3056 538 3128 qui
602 3056 811 3112 habuit
868 3056 932 3111 in
994 3054 1315 3129 Campania
1376 3073 1657 3127 magnum
1713 3053 2052 3120 dominium,
2093 3062 2155 3112 et
2195 3061 2323 3111 erat
2368 3055 2545 3128 Papae

436 3141 703 3213 capitalis
757 3140 1161 3208 adversarium
1214 3157 1350 3196 cum
1400 3157 1517 3212 quo
1566 3141 1746 3195 etiam
1794 3145 2080 3196 venerunt
2138 3138 2245 3196 filii
2307 3138 2544 3193 Domini

437 3225 474 3280 J
477 3225 721 3281 ohannis
769 3225 842 3280 de
891 3224 1123 3290 Chitan,
1188 3242 1436 3295 quorum
1493 3231 1723 3297 patrem
1782 3223 1945 3297 Papa
1999 3230 2141 3279 tunc
2202 3223 2265 3278 in
2313 3241 2544 3278 carcere

434 3309 746 3367 detinebat.
823 3307 1090 3381 Cumque
1136 3308 1329 3365 dictus
1363 3308 1718 3381 capitaneus,
1764 3326 1900 3363 cum
1942 3308 2064 3363 suis
2114 3306 2287 3363 sociis
2342 3325 2544 3378 supra-

433 3395 626 3460 dictis,
663 3393 924 3450 venisset
969 3392 1044 3447 ad
1093 3391 1398 3448 Schairam
1432 3390 1504 3447 de
1554 3391 1897 3463 columpna,
1938 3397 2000 3447 et
2034 3391 2162 3463 ejus
2200 3391 2539 3455 exercitum,

432 3479 632 3536 statim
684 3496 820 3534 cum
870 3477 1026 3532 omni
1074 3476 1289 3548 populo
1344 3493 1520 3548 quem
1555 3476 1821 3540 ducebat,
1879 3475 2181 3547 conjunxit
2216 3493 2279 3530 se
2316 3474 2541 3540 eidem;

431 3569 492 3620 et
525 3562 930 3620 communibus
979 3561 1131 3619 votis
1184 3561 1485 3616 irruerunt
1535 3565 1766 3616 tantum
1805 3559 1870 3614 in
1921 3559 2144 3631 Papam
2179 3566 2241 3614 et
2275 3565 2545 3630 nepotem

431 3667 623 3714 suum,
665 3647 820 3720 quod
856 3646 976 3710 diu,
1016 3650 1086 3701 ut
1117 3644 1450 3718 putabatur,
1502 3645 1589 3700 eis
1635 3644 1912 3700 resistere
1947 3661 2062 3699 non
2097 3643 2378 3699 valerent.
2455 3641 2546 3698 Ob

432 3751 608 3806 quam
667 3748 904 3789 causam
956 3729 1241 3786 Dominus
1293 3728 1472 3804 Papa,
1527 3728 1742 3784 timens
1794 3726 1927 3792 sibi,
1984 3732 2224 3799 treugas
2277 3726 2451 3799 petiit
2507 3743 2546 3782 a

433 3817 692 3883 Schaira,
731 3817 752 3849 ⁴
771 3811 970 3888 [quas]
1022 3813 1134 3870 sibi
1171 3814 1473 3876 concessit,
1515 3819 1576 3870 et
1607 3812 1806 3884 nepoti
1843 3829 1967 3876 suo,
2007 3829 2193 3884 usque
2231 3810 2307 3866 ad
2339 3812 2544 3867 horam

430 3920 638 3957 nonam
689 3900 833 3956 dicti
885 3899 1038 3970 diei;
1101 3916 1234 3969 quae
1277 3896 1556 3952 videlicet
1600 3903 1829 3968 treugae
1876 3901 2061 3967 captae
2121 3896 2354 3950 fuerant
2397 3892 2545 3950 hora

430 3986 636 4057 prima.
726 3984 988 4039 Durante
1058 3987 1288 4052 treuga,
1356 3980 1517 4053 Papa
1585 3980 1753 4036 misit
1822 3985 2045 4035 secrete
2115 3978 2192 4033 ad
2261 3977 2544 4050 populum

429 4069 734 4141 Anagniae,
770 4067 1103 4140 supplicans
1138 4070 1206 4121 ut
1241 4064 1535 4121 salvarent
1565 4065 1751 4120 vitam
1787 4081 1972 4128 suam,
2010 4062 2354 4134 promittens
2388 4061 2546 4135 quod

432 4154 482 4209 si
510 4154 621 4209 hoo
654 4153 928 4216 facerent,
970 4149 1126 4222 quod
1160 4148 1319 4221 ipsos
1354 4149 1418 4204 in
1452 4154 1681 4205 tantum
1710 4146 2110 4219 locupletaret,
2151 4146 2308 4217 quod
2343 4163 2544 4203 omnes

432 4256 537 4296 suo
570 4243 854 4311 perpetuo
886 4236 1099 4293 merito
1134 4233 1391 4307 gaudere
1428 4233 1724 4289 deberent.
1798 4230 2061 4303 Populus
2092 4248 2234 4287 vero
2270 4249 2335 4288 se
2370 4249 2541 4289 exeu-

496 4493 512 4526 ¹
545 4493 777 4560 Amy-tn
796 4492 852 4544 in
867 4490 956 4544 the
977 4489 1178 4559 printed
1198 4496 1349 4544 texts.
1535 4487 1609 4540 ix.
1675 4483 1903 4553 Novas-et
1918 4483 1966 4536 is
1986 4482 2074 4536 the
2095 4498 2243 4535 name
2263 4489 2455 4538 meant.

493 4576 515 4605 ²
542 4572 983 4640 Colampniencium
1015 4572 1072 4621 in
1093 4571 1219 4637 orig.
1602 4567 1621 4597 ⁴
1645 4564 1872 4617 Omitted
1895 4562 1949 4613 in
1973 4563 2120 4630 orig.;
2158 4563 2386 4628 supplied
2408 4563 2540 4614 stom

493 4655 512 4684 ³
545 4652 793 4720 Neam-eto
852 4651 910 4702 in
975 4650 1280 4717 Rishanger,
1343 4651 1434 4701 but
1536 4648 1621 4697 the
1668 4644 1869 4710 printed
1912 4652 2061 4704 texts,
2101 4643 2405 4711 Rishanger,
2438 4635 2541 4696 and

429 4729 703 4800 lonyareto
723 4732 778 4783 in
799 4731 915 4783 MS.
949 4730 1083 4782 Bibl.
1118 4726 1248 4796 Reg.
1288 4735 1348 4780 13
1370 4730 1431 4782 Ε.
1535 4727 1649 4779 MS.
1674 4726 1808 4777 Bibl.
1832 4726 1960 4791 Beg.
1987 4729 2047 4778 13
2068 4723 2131 4775 E.
2153 4723 2226 4776 ix.
