3300 5617
792 737 920 800 216
1456 748 1717 798 'rnonAE
1763 747 2236 796 wasme-vm

460 940 595 993 AJJ.
625 949 767 996 1340.
790 936 1144 1002 decedentis,
1198 937 1338 1001 filio,
1394 953 1645 1006 regnum
1699 935 1965 991 Franciae
2011 935 2382 990 haereditarie
2419 935 2618 988 suerat
2650 930 2881 986 devoln-
2901 936 3028 986 MS.
3055 936 3174 988 Harl.

791 1028 937 1077 tum.
1058 1022 1327 1092 Insuper,
1380 1021 1537 1092 quod
1592 1019 1882 1074 Dominus
1936 1019 2253 1091 Philippus
2305 1017 2380 1073 de
2417 1017 2683 1079 Valesio,
2733 1015 2882 1070 filius
2904 1009 3026 1054 555-

790 1105 1069 1159 avunculi
1104 1103 1247 1159 dieti
1286 1104 1472 1176 Regis
1510 1104 1742 1168 Karoli,
1781 1105 1845 1158 in
1879 1103 2282 1174 longinquiori
2319 1102 2512 1174 gradu
2547 1100 2880 1172 persistens.

790 1189 1104 1244 dummodo
1138 1189 1331 1242 minor
1365 1195 1507 1244 aetas
1545 1189 1742 1259 ipsum
1778 1187 2136 1243 Edwardum
2173 1187 2426 1250 fovebat,
2471 1193 2677 1241 contra
2709 1184 2883 1239 domi·

790 1272 955 1327 nium
1003 1279 1064 1328 et
1102 1272 1398 1342 justitiam
1450 1272 1752 1342 'regimen
1793 1271 2061 1326 Francius
2111 1277 2505 1326 memoratum
2541 1286 2650 1340 per
2685 1273 2882 1338 poten·

790 1356 932 1410 tiam
969 1356 1294 1426 occupavit,
1340 1363 1403 1411 et
1448 1356 1667 1428 injuste
1705 1355 1970 1411 detinere
2005 1373 2122 1410 non
2156 1353 2410 1410 desistit.
2482 1353 2626 1425 Ipse
2661 1369 2886 1422 quoque

790 1438 1132 1504 Edwardus,
1203 1440 1413 1511 grandi
1489 1440 1788 1495 mediante
1856 1439 2298 1503 deliberatione,
2360 1438 2534 1510 regni
2593 1436 2888 1508 saepedicti

792 1522 1057 1593 regimen
1106 1531 1526 1595 assumpserat,
1570 1530 1632 1579 et
1682 1542 1913 1580 nomen.
2015 1523 2136 1579 Sed
2185 1524 2326 1595 quia
2359 1522 2487 1577 Rex
2533 1521 2888 1576 Francorum

791 1607 1155 1676 superiorem
1206 1607 1267 1662 in
1316 1606 1719 1679 ²temporibus
1769 1626 1886 1662 non
1939 1608 2330 1678 recognoscit,
2389 1624 2500 1661 nec
2546 1605 2728 1660 etiam
2763 1622 2887 1675 pro·

790 1709 991 1746 cessus
1026 1708 1216 1762 neque
1257 1691 1550 1763 judicium
1599 1692 2114 1763 inpraesentiarum
2167 1692 2389 1762 injuste
2434 1706 2692 1761 regnum
2726 1706 2889 1742 occu·

792 1781 1025 1844 pantem
1057 1791 1328 1829 amovere
1363 1774 1670 1841 valerent3
1711 1774 1931 1830 idcirco
1975 1776 2127 1830 nulli
2162 1773 2498 1830 mirandum
2533 1774 2706 1835 foret,
2746 1771 2798 1826 si
2831 1771 2890 1824 in

790 1875 967 1912 manu
1016 1863 1376 1913 armatorum
1426 1858 1623 1913 valida
1672 1877 1927 1930 regnum
1969 1859 2244 1914 intraret:
2286 1857 2394 1913 sed
2427 1856 2721 1912 veraciter
2757 1873 2890 1925 gen·

790 1941 941 1996 tium
976 1940 1394 1997 mortalitatem
1430 1960 1622 2013 neque
1660 1942 2170 2013 depopulationem
2195 1959 2258 1997 se
2284 1958 2550 2012 quaerere
2575 1938 2886 1995 asserebat.

792 2024 1017 2080 Verum
1055 2024 1234 2078 etiam
1275 2024 1348 2080 de
1395 2024 1417 2057 ³
1435 2022 1682 2096 [gratia]
1724 2043 1833 2082 sua
1880 2025 2121 2096 speciali
2160 2026 2470 2089 concessit,
2498 2022 2661 2095 quod
2694 2042 2890 2078 omnes

791 2108 863 2163 de
901 2108 1059 2163 dicto
1084 2108 1444 2164 Francorum
1481 2126 1684 2180 regne,
1724 2109 2129 2181 cujuscunque
2167 2110 2361 2164 forent
2395 2113 2587 2163 status
2624 2117 2730 2162 aut
2762 2125 2889 2162 con·

791 2191 1050 2256 ditionis,
1095 2192 1198 2262 qui
1234 2185 1429 2263 ip'sum
1471 2211 1680 2247 verum
1716 2193 2020 2248 dominum
2055 2199 2565 2263 recognoscerent,
2604 2192 2758 2246 bona
2792 2208 2894 2246 sua

791 2276 988 2330 omnia
1021 2277 1119 2332 ‘vi
1166 2277 1261 2330 vel
1314 2294 1458 2348 pace
1498 2276 1887 2348 possiderent.
1987 2277 2245 2332 Litteras
2298 2294 2532 2347 quoque
2571 2275 2717 2330 talia
2765 2292 2891 2330 cou-

791 2359 1065 2424 fluentes,
1105 2361 1168 2414 in
1202 2361 1389 2432 portis
1426 2360 1813 2415 eeclesiarum
1851 2361 1978 2416 Rex
2013 2361 2176 2432 affigi
2208 2360 2369 2416 fecit.

458 2445 765 2496 A.l).1339.
864 2442 990 2498 Rex
1042 2443 1296 2514 Anglioe,
1338 2462 1474 2499 cum
1527 2445 1745 2499 militia
1797 2463 1921 2507 sua,
1963 2463 2081 2499 una
2132 2463 2270 2500 cum
2319 2444 2486 2499 Duce
2535 2442 2887 2507 Brabantiae,
2914 2461 3155 2511 usum

458 2512 674 2590 fflwssrd
794 2527 1022 2583 Gemite
1057 2527 1715 2593 Gerlensi‚G11101-s,ao
1750 2529 1955 2583 munis
1989 2528 2303 2593 nobilibus,
2342 2528 2407 2582 in
2453 2545 2659 2583 menso
2689 2527 2891 2583 ‘0020-
2915 2533 3053 2605 ⁶⁵⁵.-

454 2577 757 2695 ἓῧξιωὴὲζω,
794 2610 919 2666 bris
969 2629 1105 2666 cum
1141 2612 1402 2667 exercitu
1466 2613 1721 2666 maximo
1768 2611 2078 2666 Franciam
2145 2611 2410 2675 intravit,
2457 2619 2519 2668 et
2570 2613 2779 2674 ferme,
2825 2617 2890 2666 ut
2915 2594 3128 2658 HQ·

452 2711 771 2773 Franoe‚gnd
795 2694 1117 2758 dicebatur,
1156 2695 1321 2749 mille
1357 2694 1531 2750 villas
1579 2696 1905 2751 combussit
1957 2696 2102 2765 igni,
2145 2702 2207 2750 et
2256 2695 2470 2751 damna
2502 2714 2621 2750 non
2669 2695 2894 2750 modica
2914 2661 3151 2791 ἓᾞή

456 2794 639 2842 ravage
664 2778 748 2830 the
794 2778 856 2833 in
906 2777 1115 2844 bladis,
1154 2778 1378 2846 bestiis,
1421 2785 1482 2834 et
1529 2779 1682 2844 aliis,
1722 2779 1786 2833 in
1821 2780 1991 2851 pagis
2028 2779 2435 2835 cameracensi
2470 2778 2568 2835 ⁶et
2607 2778 2892 2836 Vermun·

459 2853 688 2911 ⁰⁰⁰⁰“5-
795 2861 1023 2917 dniensi
1061 2863 1278 2918 intulit.

457 2949 568 2999 The
592 2949 733 3014 King
861 2946 1087 3015 Quibus
1120 2947 1355 3010 auditis,
1386 2947 1511 3002 Rex
1536 2946 1815 3010 Franciae,
1844 2947 2258 3002 innumerabili
2279 2948 2449 3017 quasi
2473 2947 2736 3003 exercitu
2759 2966 2887 3002 con·
2911 2964 3019 3015 Ms,
3039 2967 3150 3016 Harl,

455 3015 723 3131 0ἷὲῐῖὓῦοθ
791 3037 1059 3100 gregat0‚
1088 3049 1277 3102 usque
1314 3032 1389 3086 ad
1415 3031 1694 3087 Sanctum
1721 3031 2067 3100 Quintinum
2095 3033 2382 3104 pervenit.
2457 3031 2631 3088 Misit
2658 3050 2887 3102 quoque
2912 3036 3023 3083 65⁵.

455 3098 752 3200 {zlwssgg‘ig
791 3114 1272 3170 constabularius
1333 3115 1622 3172 exercitus
1685 3116 2064 3179 Francorum,
2144 3116 2322 3188 jussu
2393 3116 2598 3186 Regis,
2661 3116 2885 3171 litteras

455 3179 674 3266 afflatae,
790 3197 1121 3268 Anglorum
1152 3199 1325 3270 Regi,
1354 3200 1508 3254 inter
1532 3205 1749 3254 caetera
1782 3200 2165 3265 continentes,
2206 3200 2363 3271 quod
2401 3200 2454 3255 si
2492 3199 2621 3255 Rex
2654 3199 2884 3271 Angliae

791 3281 985 3336 locum
1046 3282 1371 3346 arboribus,
1438 3285 1693 3346 fossatis,
1757 3289 1817 3338 et
1890 3284 2079 3353 aquis,
2143 3302 2514 3356 nequaquam
2575 3285 2884 3348 munitum,

791 3365 1181 3436 praeeligeret,
1234 3373 1393 3421 certo
1448 3367 1542 3421 die
1604 3367 1731 3422 Rex
1792 3367 2057 3423 Franciae
2110 3386 2245 3423 cum
2304 3369 2408 3422 illo
2460 3368 2686 3424 bellum
2738 3387 2886 3424 com·

792 3448 1070 3504 mitteret.
1147 3450 1307 3504 Illud
1344 3450 1499 3504 idem
1524 3451 1651 3505 Rex
1676 3451 1934 3506 Boemiae
1959 3457 2019 3508 et
2047 3451 2182 3506 Dux
2219 3452 2617 3524 Lothoringiae
2649 3453 2883 3515 litteris,

793 3532 1012 3602 sigillis
1063 3532 1187 3587 suis
1241 3533 1548 3599 roboratis,
1600 3536 1978 3590 affirmarunt.
2066 3535 2433 3591 Adveniente
2474 3543 2672 3591 autem
2708 3543 2887 3592 certa·

794 3616 970 3671 minis
1007 3617 1122 3680 dic,
1178 3618 1459 3688 Regcque
1508 3618 1745 3690 Angliae
1799 3620 1874 3675 ad
1933 3619 2154 3673 bellum
2213 3620 2275 3673 in
2326 3638 2532 3691 campo
2582 3639 2717 3676 cum
2771 3621 2887 3675 suis

462 3708 561 3755 But
577 3708 751 3774 finally
795 3706 1016 3771 parate,
1070 3701 1196 3755 Rex
1232 3701 1496 3756 Francim
1544 3702 1619 3757 ad
1674 3721 1856 3758 unum
1894 3703 2149 3758 milliare
2187 3711 2248 3759 et
2282 3704 2558 3776 amplius,
2614 3711 2683 3761 ut
2735 3705 2885 3761 dice·

463 3781 682 3825 mtrem&
796 3785 986 3848 batur,
1038 3783 1207 3840 ⁷cum
1257 3787 1519 3841 exercitu
1552 3783 1910 3857 'persistens,
1961 3788 2159 3843 nescio
2201 3807 2318 3858 quo
2353 3789 2692 3855 infortuniO,
2733 3799 2887 3845 metu

797 3869 922 3924 sive
960 3875 1182 3923 terrore
1221 3869 1450 3933 duetus,
1503 3871 1667 3925 mille
1720 3871 1889 3942 equis
1927 3871 2121 3926 subito
2157 3881 2218 3927 et
2266 3874 2571 3943 repentino
2615 3891 2889 3944 regressu

798 3953 858 4007 in
910 3952 1122 4024 palude
1185 3952 1456 4023 quadam,
1520 3961 1581 4009 et
1638 3972 1708 4009 eo
1768 3954 2041 4026 amplius,
2103 3956 2397 4026 collapsis,
2460 3956 2525 4011 in
2585 3956 2889 4012 Franciam

1278 4115 1333 4122 -ο-
1376 4116 1682 4122 ---—------—
1717 4117 1798 4122 ..Η

2139 4116 2234 4123 0——

2675 4117 2860 4124 —o-——ae—-
2879 4117 2890 4123 0

866 4205 1095 4267 'requam
1136 4204 1188 4253 in
1226 4204 1368 4254 Harl.
1414 4209 1524 4262 655,
1551 4204 1801 4270 Heming·
1892 4205 2300 4271 Hemingburgh,
2344 4207 2572 4259 Octobris
2628 4210 2683 4259 in
2747 4212 2887 4264 Harl.

799 4283 980 4346 burgh,
1005 4285 1106 4332 aud
1128 4283 1214 4332 the
1237 4283 1437 4347 printed
1460 4291 1610 4334 texts.
1892 4292 2004 4336 655.

865 4363 885 4391 ‘²
909 4361 1260 4425 temporalibus,
1287 4362 1428 4412 Harl.
1468 4369 1528 4413 05
1538 4369 1581 4414 5.
1955 4366 1975 4393 ⁸
1998 4365 2161 4415 These
2185 4373 2284 4416 two
2309 4369 2474 4417 words
2497 4383 2582 4418 are
2604 4369 2813 4420 omitted
2836 4372 2888 4420 in

865 4439 885 4467 ³
909 4438 1150 4502 Supplied
1174 4441 1303 4489 stom
1330 4441 1471 4491 Harl.
1498 4448 1609 4492 655.
1891 4443 2296 4511 Hemingburgh.

868 4516 886 4543 ⁴
911 4517 976 4574 in,
1001 4516 1053 4565 in
1078 4517 1218 4567 Ilarl.
1244 4524 1342 4568 655
1367 4521 1467 4568 ond
1486 4520 1569 4570 the
1606 4521 1804 4584 printed
1959 4524 1974 4550 ⁷
1999 4524 2251 4588 llepeated
2297 4525 2347 4573 in
2388 4526 2513 4591 orig.
2557 4528 2626 4592 by
2662 4527 2892 4579 inadver-

807 4601 954 4650 texts,
986 4595 1037 4642 in
1067 4595 1208 4658 place
1230 4598 1293 4645 of
1318 4597 1455 4647 these
1478 4605 1578 4647 two
1600 4603 1780 4650 words,
1893 4611 2048 4653 tenco.

874 4675 894 4701 ³
922 4673 1211 4738 Septembris
1262 4677 1305 4724 is
1365 4678 1449 4726 the
1494 4679 1706 4742 reading
1750 4681 1801 4728 in
