3300 5617
907 791 1036 852 438
1571 802 1833 855 THOMAE
1878 799 2341 851 WALSINGHAM

576 998 711 1051 AJ).
743 1005 881 1049 1380.
908 1006 1203 1045 marorum
1240 994 1300 1045 et
1335 986 1727 1045 Cumbrorum
1762 988 2120 1053 invaserunt,
2178 986 2519 1059 spoliarunt,
2557 992 2620 1043 et
2652 986 2976 1051 oeciderunt,
2994 994 3069 1047 us
3084 1005 3145 1055 Be,

909 1081 986 1139 et,
1027 1074 1186 1131 ultra
1219 1074 1539 1146 progressi,
1596 1073 1669 1129 de
1730 1072 1947 1128 foresta
1997 1072 2069 1127 de
2123 1071 2458 1143 Ingelwode
2518 1071 2740 1127 diversi
2778 1074 2978 1143 gene-ris
2996 1062 3075 1140 ¹³22}
3094 1084 3121 1121 ‘a

912 1158 1187 1215 animalia
1221 1158 1284 1211 in
1324 1157 1582 1213 Scotiam
1619 1157 1921 1227 fugarunt,
1962 1155 2037 1211 ad
2071 1173 2402 1220 numerum,
2455 1160 2525 1211 ut
2577 1155 2816 1218 dieitur,
2866 1129 3095 1225 qua-Eu·

910 1241 1182 1311 draginta
1230 1239 1501 1305 millium,
1559 1240 1777 1311 ubique
1815 1240 2095 1304 furentes,
2133 1238 2352 1311 ubique
2405 1239 2717 1303 eaedentes,
2769 1244 2829 1293 et
2874 1258 2979 1310 quae

573 1329 719 1392 They
743 1329 887 1392 plun·
909 1330 1180 1397 poterant
1214 1326 1465 1380 flammis
1503 1325 1926 1381 contradentes
2000 1324 2129 1381 Neo
2182 1324 2299 1381 hiis
2350 1325 2626 1389 contenti,
2679 1330 2846 1381 noete
2892 1325 2981 1379 iter

571 1397 660 1473 ‘³5³¹'
677 1396 806 1445 ΓΕΒ·
911 1409 1183 1480 ingressi,
1225 1409 1440 1464 furtive
1491 1414 1551 1464 et
1598 1415 1838 1480 repente
1889 1425 2065 1480 super
2112 1408 2318 1463 villam
2353 1407 2426 1463 de
2462 1408 2729 1465 Penreth
2760 1409 2977 1473 iri-amit,

569 1463 686 1512 Μὴ·
909 1494 1009 1548 ubi
1035 1500 1174 1549 tune
1195 1493 1468 1548 nundinae
1491 1491 1933 1549 celebrabantur
1951 1492 2271 1548 multorum
2294 1492 2641 1564 populorum
2664 1492 2980 1562 frequentia,

910 1576 927 1610 ¹
950 1575 1062 1648 [in]
1093 1596 1207 1649 quo
1242 1577 1369 1632 loeo
1395 1584 1456 1634 et
1490 1577 1700 1633 occisis
1727 1578 2196 1650 quamplurimis,
2235 1576 2558 1649 multisque
2594 1578 2803 1648 captis,
2839 1595 2979 1632 cune-

910 1663 1105 1732 tisque
1154 1662 1375 1733 fugatis
1423 1661 1689 1733 reliquis,
1749 1668 2134 1733 congregatas
2187 1668 2487 1733 asportant
2557 1661 2816 1723 divitias,
2873 1680 2977 1731 quae

909 1746 1189 1802 nimirum
1248 1746 1566 1817 cujuslibet
1618 1746 1989 1819 cupidissimi
2045 1746 2336 1803 exercitus
2386 1745 2734 1804 aviditatem
2783 1744 2979 1817 explere

572 1835 675 1883 But
697 1836 796 1885 for·
909 1837 1241 1903 potuerunt.
1320 1830 1546 1889 Deinde
1595 1848 1701 1902 per
1736 1831 1945 1885 urbem
1993 1831 2306 1886 redeuntes
2362 1829 2828 1891 Karleolensem,
2876 1846 2977 1883 eam

569 1903 690 1950 '²⁰⁰¹'
712 1910 764 1951 ‘0
909 1915 1184 1970 invadere
1236 1915 1651 1981 decreverunt3
1718 1914 1822 1970 sed
1882 1922 2079 1971 tamen
2138 1915 2295 1969 fama
2353 1915 2565 1979 territi,
2631 1913 2792 1986 quod
2844 1926 2979 1967 nocte

570 1969 750 2087 {mle-kl
909 1999 1274 2070 praecedente
1311 2015 1459 2070 pene
1509 1997 1967 2055 innumerabiles
2022 1997 2094 2052 de
2150 1997 2569 2069 appendicibus
2624 1996 2979 2053 eomitatibus

616 2049 672 2083 ar
692 2049 732 2085 ¹⁸
752 2050 794 2085 θ’
910 2083 984 2137 ad
1021 2082 1150 2154 ejus
1188 2082 1587 2139 defensionem
1625 2083 1854 2141 occulte
1890 2081 2327 2145 confluxissent,
2384 2087 2725 2139 statuerunt
2777 2081 2979 2152 quidem

909 2168 1023 2222 iter
1058 2167 1301 2238 agendae
1338 2167 1495 2222 cirea.
1529 2167 1831 2225 civitatem
1866 2165 2132 2239 ²praedae,
2172 2185 2247 2222 ne
2283 2166 2433 2223 forte
2469 2168 2670 2239 aliquo
2718 2164 2849 2221 dolo
2891 2167 2979 2221 cir·

571 2259 712 2319 And,
735 2260 862 2310 after
908 2251 1224 2315 eumventi,
1302 2250 1354 2306 si
1414 2250 1496 2305 ibi
1545 2251 1765 2306 morari
1816 2251 2199 2322 contingeret,
2256 2255 2453 2323 partas
2504 2250 2811 2307 manubias
2856 2251 2980 2321 apud

569 2327 828 2403 ererien-
907 2333 1165 2391 Penreth
1214 2340 1274 2391 et
1325 2334 1389 2388 in
1437 2334 1630 2406 patria
1683 2333 1981 2389 dimittere
2029 2341 2413 2407 cogerentur:
2463 2334 2620 2407 quod
2689 2340 2752 2390 et
2798 2333 2979 2389 factum

571 2410 691 2517 10ζῖζὲ
711 2410 882 2510 ssgffil‘fn
907 2422 1014 2481 est,
1088 2417 1193 2475 sed
1241 2422 1438 2472 tamen
1490 2416 1862 2482 transeundO,
1926 2434 2032 2490 per
2090 2417 2376 2491 quosdam
2431 2417 2771 2489 sagittarios
2822 2417 2978 2475 West-

570 2534 624 2575 to
648 2528 788 2577 Scot-
905 2520 1201 2558 marorum
1238 2508 1298 2559 et
1334 2501 1743 2567 cumbrorum,
1781 2502 2091 2557 nonnullos
2145 2519 2215 2557 ex
2270 2502 2394 2558 suis
2447 2503 2809 2566 amiserunt3
2856 2500 2979 2557 unde

565 2580 701 2643 land.
906 2585 1174 2657 contigit,
1232 2591 1301 2642 ut
1350 2603 1485 2641 eum
1552 2592 1718 2641 metu
1790 2586 2198 2658 praetereundo
2245 2585 2588 2641 recederent
2644 2585 2976 2648 festinanter,

905 2675 1146 2741 agentes
1181 2676 1378 2727 tamen
1414 2687 1608 2727 coram
1646 2670 1734 2726 eis
1770 2670 2000 2742 praedas
2037 2677 2256 2743 captas,
2308 2676 2370 2727 et
2402 2670 2465 2727 in
2503 2669 2765 2727 Sootiam
2813 2669 2978 2727 tradu-

909 2760 1127 2809 centes.

573 2846 685 2896 The
706 2847 826 2896 Earl
980 2836 1189 2893 Comes
1242 2837 1684 2895 Nerthumbriae
1742 2837 2013 2909 pulsatus
2065 2854 2269 2892 eorum
2317 2836 2573 2909 injuriis,
2631 2837 2845 2910 quippe
2900 2838 2977 2893 cni

568 2914 630 2963 Of
655 2914 840 2963 North·
907 2920 1158 2992 amplius
1212 2921 1408 2976 damni
1469 2939 1646 2993 quam
1693 2920 1858 2975 mille
1905 2914 2200 2979 mereatus
2234 2921 2572 2985 intulerant,
2616 2921 2762 2979 dum
2799 2920 2867 2976 ad
2907 2939 2976 2975 ar-

569 2981 772 3097 ffig‘eig‘
907 3004 1155 3060 cendum
1190 3023 1308 3070 eos,
1346 3006 1442 3062 vel
1476 3023 1584 3078 pro
1619 3005 1849 3065 damnis
1884 3004 2096 3061 damna
2116 3011 2285 3076 parat
2306 3005 2570 3070 reddere,
2596 3024 2705 3077 per
2729 3005 2977 3077 scriptum

571 3112 830 3164 forbidden
907 3094 1145 3160 repente
1181 3088 1416 3160 regium
1465 3090 1552 3145 eis
1608 3089 1923 3159 quisquam
1974 3088 2167 3145 faeere
2217 3089 2577 3160 prohibetur.
2650 3088 2819 3145 Unde
2866 3107 2977 3143 cum

569 3179 639 3243 by
661 3179 747 3229 the
908 3171 1276 3228 festinatione
1330 3173 1570 3229 veniens
1625 3172 1701 3228 ad
1751 3172 2079 3229 Consilium
2138 3173 2340 3245 regale
2399 3172 2739 3237 Londoniis‚
2800 3173 2978 3243 quaerit

575 3244 785 3310 Kingto
908 3258 1186 3326 quidnam
1221 3257 1331 3314 hoc
1368 3275 1496 3313 esse
1532 3262 1746 3329 potest,
1805 3257 1962 3328 quod
1998 3257 2313 3313 inhibitum
2349 3257 2429 3313 sit
2460 3274 2568 3329 per
2604 3257 2788 3328 Regis
2824 3258 2976 3329 scrip·

571 3312 817 3430 1111,ῗὲΒῶ
904 3346 1034 3397 tum
1070 3348 1129 3397 et
1163 3342 1332 3413 regni
1367 3342 1644 3396 resistere
1679 3346 1803 3397 tam
1853 3341 2207 3399 immanibus
2260 3341 2536 3397 inimicis.
2612 3340 2729 3410 Qui
2774 3340 2974 3403 blande,

569 3394 603 3443 p
749 3419 760 3430 ’
905 3442 1039 3479 mox
1075 3432 1310 3497 accepto
1344 3443 1640 3497 response,
1682 3432 1743 3483 et
1796 3425 1952 3481 diem
1987 3425 2288 3492 Mai-ohim,
2329 3442 2504 3497 quem
2540 3426 2707 3481 annis
2759 3425 2977 3497 singulis

904 3508 1087 3580 Angli
1126 3510 1303 3563 simul
1341 3516 1544 3565 tenent
1580 3515 1640 3564 et
1679 3509 1861 3573 Senti,
1901 3515 2209 3581 expectare
2256 3510 2484 3582 jussus,
2537 3510 2801 3574 recessit,
2854 3508 2976 3567 nihil

905 3600 1142 3650 acturus
1179 3613 1367 3664 usque
1404 3595 1478 3649 ad
1515 3594 1673 3649 diem
1708 3593 2079 3665 praefinitum.

1491 3775 1685 3873 Villa
1742 3774 1895 3842 wira
1902 3774 2102 3841 chel-se
2161 3773 2456 3863 eapitur.

578 3911 809 3975 Ravages
981 3906 1113 3961 Hae
1146 3905 1277 3977 ipsa
1312 3908 1514 3960 aestate
1551 3904 1738 3977 galeae
1768 3903 1906 3975 jugi
1942 3904 2361 3977 pervagatione
2394 3922 2503 3978 per
2538 3903 2771 3961 diversa
2804 3905 2975 3961 littora

579 3979 868 4029 committed
910 3991 1083 4064 plura
1117 3990 1328 4046 damna
1360 3989 1566 4061 patriae
1616 3989 1972 4060 irrogarunt.
2044 3989 2202 4044 Nam
2253 3989 2607 4063 vespiliones
2645 3991 2745 4061 qui
2796 3990 2855 4045 in
2906 3990 2977 4043 eis

573 4045 877 4162 fflzsffl‘
912 4082 1095 4141 erant,
1134 4076 1238 4130 ubi
1273 4073 1597 4130 custodiam
1633 4073 1838 4130 deesse
1874 4079 2316 4146 conspexerunt,
2344 4075 2571 4149 egressi
2605 4075 2832 4145 praedas
2864 4091 2977 4145 age·

573 4176 659 4227 1120
692 4129 884 4244 engmy,
908 4161 1050 4216 bant
1098 4160 1335 4231 impune
1385 4157 1744 4223 multotiens,
1802 4164 1863 4214 et
1917 4159 2267 4230 quandoque
2316 4159 2495 4213 etiam
2544 4158 2720 4215 villas
2772 4157 2976 4230 injectis

907 4244 1157 4299 flammis
1216 4242 1700 4309 eombussemnt3
1755 4243 1859 4298 sed
1918 4261 2079 4299 more
2139 4260 2496 4315 mergorum,
2570 4243 2677 4298 ubi
2748 4244 2975 4314 aliquem

906 4335 1197 4385 armatum
1233 4327 1508 4383 advenire
1543 4326 1840 4393 videbant,
1898 4328 1973 4383 ed
2034 4346 2216 4401 aquas
2254 4327 2692 4400 praeeipitanter
2730 4326 2753 4360 ³
2770 4343 2974 4383 cori-ue-

2830 4479 2963 4489 ..—-——-

975 4584 986 4611 ’
1015 4583 1252 4647 Supplied
1289 4582 1418 4632 from
1441 4582 1576 4632 Bibl.
1600 4582 1730 4649 Reg.
1760 4587 1819 4632 13
1842 4582 1900 4631 E.
2006 4587 2066 4632 13
2105 4583 2166 4633 E.
2206 4582 2320 4642 ix.;
2358 4582 2543 4648 pra-det.
2582 4584 2637 4633 in
2676 4584 2762 4635 the
2797 4584 2975 4649 printed

907 4664 978 4715 ix.
1003 4664 1103 4712 and
1121 4663 1206 4712 the
1229 4663 1430 4727 printed
1452 4668 1602 4713 texts.
2002 4669 2148 4715 texts.

970 4744 990 4773 ²
1005 4740 1207 4809 proedas
1239 4741 1294 4791 in
1329 4742 1456 4807 orig.
1491 4744 1591 4793 and
1611 4741 1747 4793 Bibl.
1772 4742 1900 4807 Reg.
2065 4743 2085 4771 ³
2106 4749 2426 4793 cucurrerunt
2446 4742 2501 4792 in
2522 4743 2608 4795 the
2630 4743 2825 4809 printed
2844 4750 2973 4803 textu·
