3300 5617
775 751 907 815 398
1379 765 1638 815 mom:
1683 763 2160 814 wusmom

424 958 562 1010 ΑΛ).
591 962 733 1013 1379.
762 953 877 1009 Sed
895 973 1010 1010 non
1024 955 1127 1010 diu
1149 962 1489 1027 perseverat
1509 955 1626 1011 ista
1645 955 2117 1025 jocunditas,—“
2132 954 2270 1010 Non
2291 953 2536 1025 longum
2557 956 2723 1009 tenet
2743 967 2866 1006 uva
2893 952 3015 1003 HS.
3037 952 3147 1002 niu

763 1041 801 1065 “
821 1056 1034 1104 comas,
1060 1057 1169 1094 nec
1185 1039 1436 1111 populus
1460 1039 1700 1094 umbras
1719 1039 1774 1105 ;’'
1799 1057 1935 1094 nam
1958 1040 2022 1094 in
2043 1039 2171 1111 ipso
2185 1039 2396 1094 itinere
2420 1037 2619 1092 obvios
2641 1036 2866 1091 habent
2891 1021 3026 1097 Re&-
3053 1025 3103 1069 ¹³

760 1121 1043 1193 quosdam
1079 1139 1151 1177 ex
1186 1122 1451 1189 Gallicis,
1492 1124 1595 1195 qui
1629 1123 1854 1178 bellum
1888 1123 1975 1179 eis
2009 1123 2297 1189 indicunt,
2335 1126 2440 1177 aut
2460 1122 2865 1194 captivitatem
2891 1088 2956 1137 Β
2981 1102 3054 1135 ¹¹⁰

761 1205 1031 1261 omnibus
1078 1206 1517 1277 repromittunt.
1606 1207 1944 1263 Turbantur
1994 1206 2237 1278 Anglici
2291 1224 2329 1261 a
2362 1205 2511 1261 facie
2546 1204 2864 1261 verborum

763 1307 983 1354 eorum,
1032 1289 1244 1346 Gallici
1282 1291 1531 1346 redeunt
1567 1290 1644 1346 ad
1679 1290 1840 1362 ipsos
1881 1291 1983 1362 qui
2007 1291 2299 1347 miserunt
2321 1308 2439 1346 eos.
2512 1289 2640 1345 Nec
2675 1306 2863 1353 mora,

763 1379 1043 1445 apparent
1092 1372 1364 1445 Anglicis
1420 1375 1521 1445 qui
1574 1373 1932 1431 delituerant
1989 1374 2054 1429 in
2105 1374 2338 1430 insidiis
2395 1373 2644 1440 Gallici3
2707 1372 2865 1427 unde

761 1465 1070 1523 nostrates,
1125 1459 1406 1515 certiores
1460 1458 1651 1515 effecti
1708 1458 1780 1513 de
1832 1477 2052 1531 pugna,
2106 1464 2317 1528 parant
2369 1475 2433 1514 se
2483 1458 2559 1513 ad
2607 1457 2863 1529 gloriose

760 1540 1077 1596 vivendum
1130 1549 1234 1599 aut
1292 1542 1525 1599 fortiter
1584 1542 1975 1608 moriendum,
2039 1543 2341 1599 instruunt
2399 1543 2575 1607 acies,
2637 1548 2862 1597 turmas

761 1625 1077 1697 disponunt
1151 1626 1323 1699 juxta
1393 1626 1767 1697 disciplinam
1864 1625 2088 1681 ordinis
2148 1626 2445 1692 militaris,
2520 1631 2864 1698 praeponunt

762 1709 1118 1780 sagittariOS,
1182 1710 1490 1766 stabiliunt
1544 1709 1796 1781 pedites,
1861 1714 1922 1766 et
1979 1709 2096 1782 ipsi
2157 1710 2262 1781 qui
2333 1710 2563 1781 equites
2634 1709 2863 1763 fuerant

760 1793 988 1866 pedites
1026 1793 1371 1850 efficiuntur.
1474 1792 1688 1849 Gallici
1740 1810 1904 1865 erg0,
1961 1793 2230 1850 videntes
2282 1799 2626 1866 apparatum
2661 1793 2857 1856 talem,

764 1888 826 1937 et
876 1880 992 1953 ipsi
1041 1896 1104 1934 se
1163 1885 1373 1950 parant
1431 1883 1492 1933 et
1549 1877 1773 1933 mutuis
1834 1877 2335 1934 exhortationibus
2397 1896 2460 1934 se
2519 1877 2860 1932 confortant.

762 1964 993 2021 Deinde
1051 1963 1289 2018 venitur
1334 1961 1411 2017 ad
1456 1980 1735 2033 pugnam,
1787 1978 1996 2017 manus
2057 1967 2389 2018 conserunt.
2463 1960 2583 2016 Sed
2631 1960 2857 2024 Gallici,

762 2051 948 2105 multo
984 2047 1346 2103 nostratibus
1384 2047 1678 2111 fortioreS,
1717 2046 1910 2117 primo
1958 2046 2186 2118 impetu
2222 2051 2452 2102 nostros
2500 2044 2861 2100 retrocedere

763 2134 825 2189 vi
878 2131 1252 2204 compellunt.
1347 2129 1595 2184 Interim
1647 2130 2038 2185 arcitenentes
2091 2130 2310 2185 nostris
2365 2129 2640 2200 praesidio
2696 2128 2859 2194 fiunt,

765 2218 906 2272 dum
944 2218 1123 2272 denso
1163 2213 1519 2285 sagittarum
1568 2214 1758 2268 imbre
1795 2213 2054 2269 Francos
2092 2214 2453 2279 obnubilant,
2492 2213 2634 2267 dum
2667 2213 2862 2285 plnres

764 2302 1090 2365 vulnerant,
1145 2305 1205 2355 et
1266 2296 1639 2370 ¹[plurimos]
1699 2298 1939 2353 Plutoni
1994 2297 2419 2353 commendant.
2512 2296 2640 2352 Nec
2674 2304 2864 2352 tamen

764 2386 978 2441 cedunt
1002 2383 1235 2447 Gallici,
1272 2383 1374 2437 sed
1409 2383 1647 2446 instant,
1689 2382 2009 2438 animosius
2048 2387 2334 2453 pugnant,
2379 2381 2632 2437 alacrius
2675 2380 2690 2409 ¹
2713 2378 2864 2452 [per-

763 2467 1039 2536 cutiunt],
1084 2472 1351 2531 mortem,
1413 2466 1463 2521 si
1507 2466 1826 2535 contingat,
1878 2465 2077 2521 subire
2124 2483 2232 2537 pro
2274 2466 2467 2536 gloria
2510 2471 2862 2538 reputantes.

763 2553 864 2609 Fit
921 2552 1119 2623 itaque
1155 2550 1590 2623 personantium
1645 2548 1885 2620 grandis
1933 2549 2223 2605 tumultus
2277 2550 2529 2604 invicem
2589 2567 2654 2604 se
2710 2548 2867 2604 colli-

764 2636 1045 2700 dentium,
1085 2634 1415 2706 gladiorum
1441 2633 1860 2705 galearumque
1885 2633 2153 2698 tinnituS,
2195 2632 2531 2703 ¹[tubarum
2565 2632 2700 2688 hinc
2735 2632 2866 2686 inde

766 2720 1005 2792 clangor
1053 2727 1113 2775 et
1160 2717 1489 2790 strepitus],
1534 2717 1690 2773 unde
1738 2734 1853 2772 non
1892 2717 2269 2773 mediocriter
2308 2717 2641 2773 animantur
2675 2724 2868 2789 partes

766 2804 842 2859 ad
864 2822 961 2859 res
984 2803 1226 2859 bellicas
1250 2802 1443 2873 magis
1493 2808 1731 2857 strenue
1756 2798 2122 2873 peragendas
2146 2800 2384 2856 ibidem.
2460 2800 2743 2856 Dominus
2769 2800 2808 2854 J
2807 2818 2867 2853 o-
2903 2828 2915 2843 ο

765 2888 984 2943 hannes
1026 2886 1398 2952 Harlestone,
1444 2885 1773 2956 Anglorum
1797 2885 2004 2940 ductor
2040 2891 2101 2940 et
2141 2885 2499 2957 capitaneus,
2528 2885 2749 2956 primus
2772 2884 2864 2938 vel

768 2990 919 3026 unus
946 2989 977 3025 c
1003 2970 1228 3043 primis,
1258 2970 1516 3025 Francos
1552 2968 1839 3024 invadens
1863 2968 2113 3034 fortiter,
2142 2967 2452 3024 concidens
2488 2967 2862 3031 horribiliter,

767 3061 1140 3126 prosternens
1177 3052 1739 3117 immisericorditer,
1781 3059 1842 3108 et
1891 3051 2019 3123 ipse
2070 3069 2106 3106 a
2153 3052 2535 3107 multitudine
2570 3069 2768 3107 eorum
2801 3069 2864 3106 se

768 3137 1274 3201 circumdantium,
1333 3137 1489 3192 sicut
1547 3154 1707 3208 apes,
1766 3135 2139 3208 opprimitur,
2195 3134 2319 3190 solo
2368 3140 2538 3191 tenus
2575 3135 2862 3206 dejicitur,

766 3222 1016 3293 pedibus
1065 3228 1126 3276 et
1170 3220 1473 3275 hominum
1521 3225 1582 3275 et
1628 3237 1914 3290 equorum
1956 3218 2296 3283 conteritur,
2343 3226 2404 3275 et
2440 3219 2659 3273 ibidem
2695 3219 2866 3273 relin-

769 3307 972 3377 quitur
1012 3305 1349 3361 semivivus.
1425 3303 1561 3358 Illic
1597 3302 1952 3358 cernendum
1985 3302 2316 3375 Anglorum
2354 3303 2777 3359 animositatem
2811 3309 2871 3357 et

708 3400 713 3405 ’
768 3388 961 3453 fidem,
999 3388 1101 3458 qui
1141 3405 1275 3442 cum
1313 3405 1486 3442 suum
1527 3387 1612 3442 ita
1649 3386 1944 3459 dejectum
1982 3393 2287 3442 cernerent
2338 3387 2866 3459 campi-ductorem,

769 3490 885 3527 non
944 3472 1168 3536 cedere,
1230 3488 1347 3525 non
1406 3471 1612 3540 fugere
1674 3469 1928 3536 demum,
1991 3488 2098 3526 nec
2157 3476 2351 3525 mente
2400 3470 2721 3535 concidere,
2771 3470 2870 3525 sed

773 3555 1050 3611 audacius
1102 3561 1161 3610 et
1208 3553 1540 3609 fiducialius
1594 3560 1844 3610 mortem
1893 3560 2351 3620 contemnentes,
2400 3554 2462 3608 in
2505 3573 2708 3626 campo
2744 3573 2870 3627 pro·

775 3648 931 3696 stare
967 3639 1316 3694 didicerunt.

436 3728 521 3779 Sir
544 3727 696 3779 Geof-
846 3723 1003 3779 Dum
1026 3724 1152 3778 haec
1176 3728 1450 3793 aguntur,
1479 3728 1541 3778 et
1562 3723 1810 3778 Bellona
1831 3740 1937 3795 pro
1962 3727 2127 3794 parte
2152 3722 2513 3778 Francorum
2546 3722 2866 3787 desaeviret,

436 3796 751 3860 steyw⁰¹⁸ffi
778 3807 1063 3864 Dominus
1091 3806 1392 3862 Galfridus
1416 3807 1735 3871 Worselee,
1775 3807 1946 3862 miles
1984 3812 2044 3862 et
2077 3824 2256 3862 manu
2289 3812 2594 3879 promptus
2631 3814 2690 3862 et
2721 3807 2872 3861 bello

436 3862 708 3992 ffgvcr‘i'ffiffl
778 3898 1069 3957 strennue,
1099 3908 1273 3963 quem
1298 3895 1588 3946 nostrates
1626 3908 1698 3945 ex
1732 3890 2025 3946 industria
2059 3889 2135 3944 ad
2170 3890 2650 3955 succurrendum,
2690 3891 2740 3944 si
2774 3909 2870 3945 ne·

437 3994 525 4044 the
540 4009 753 4054 regem,
778 3977 1020 4033 cessitas
1056 3981 1316 4046 urgeret,
1362 3973 1743 4044 reliquerant,
1783 3973 2100 4045 improvise
2136 3991 2270 4028 cum
2305 3980 2505 4029 turma
2540 3992 2646 4029 sua
2681 3991 2874 4045 snper·

438 4063 538 4110 aud
556 4060 644 4109 the
776 4060 956 4123 venit,
984 4058 1319 4114 durissimis
1343 4062 1567 4112 armata
1599 4057 1924 4120 securibus,
1951 4063 2014 4112 et
2036 4054 2341 4111 Gallorum
2365 4058 2675 4113 stationem
2708 4057 2869 4129 petit,

436 4126 633 4205 ὛῘΟΫΟῙὙ
653 4126 698 4176 ῘΒ
778 4145 1052 4215 ipsosque
1087 4141 1330 4207 invadit,
1358 4141 1622 4213 dissipat,
1651 4146 1713 4197 et
1745 4140 2079 4213 prosternit.
2157 4138 2371 4197 Omnes
2395 4142 2596 4213 itaque
2622 4143 2722 4213 qui
2745 4159 2876 4197 con·

438 4193 732 4324 33:²¹2}th
778 4233 1057 4282 venerant
1116 4226 1355 4296 Anglici
1415 4243 1550 4280 cum
1598 4224 1821 4290 eodem,
1881 4225 1998 4281 viri
2058 4225 2259 4288 fortes,
2328 4225 2579 4281 scientes
2639 4225 2871 4287 bellum,

438 4326 524 4376 the
545 4326 683 4391 Eug.
779 4310 1022 4365 elevatis
1048 4309 1353 4364 securibus
1380 4307 1635 4363 Gallicos
1659 4314 1918 4364 mactant
1939 4315 2009 4363 ut
2043 4307 2317 4380 pecudes,
2344 4307 2485 4363 dum
2509 4308 2705 4363 nullus
2728 4310 2876 4363 ictus

440 4392 554 4442 lish.
778 4393 989 4448 effectu
1024 4398 1266 4458 careret,
1292 4392 1491 4448 nullus
1525 4390 1787 4447 feriendo
1818 4389 2112 4447 laboraret
2141 4392 2204 4445 in
2234 4407 2469 4447 vanum.
2538 4391 2878 4462 Quicunque

903 4678 914 4712 ¹
941 4676 1183 4744 Supplied
1203 4679 1333 4731 from
1351 4678 1485 4730 Bibl.
1508 4678 1636 4743 Reg.
1666 4684 1726 4729 13
1746 4678 1807 4729 E.
1830 4678 1929 4729 ix.:
1974 4677 2181 4730 omitted
2205 4676 2260 4728 in
2282 4677 2368 4729 the
2390 4679 2585 4743 printed
2608 4685 2753 4729 texts.
