3300 5617
1077 829 1408 881 merolus
1435 828 1853 881 ANGLIOANA.
2374 820 2502 884 441

98 994 188 1047 [S-
221 1001 365 1054 Bibl·
423 1007 489 1062 in
523 1007 678 1072 fata3
718 1023 755 1060 a
789 1003 914 1061 suis
947 1003 1114 1077 prius
1162 1004 1599 1075 impotionatus,
1651 1009 1721 1060 ut
1754 1004 1971 1069 ferunt,
2023 1003 2285 1074 satisque
2330 1004 2514 1076 poeni·
2546 995 2683 1047 AD·
2713 998 2856 1045 1380.

98 1079 206 1143 eg.
243 1074 308 1120 13

99 1158 117 1182 Ν,
147 1147 242 1185 m

422 1097 552 1147 tens
606 1090 679 1145 de
727 1089 1103 1145 suscitatione
1149 1088 1293 1143 belli
1348 1087 1556 1159 injusti
1601 1093 1805 1144 contra
1848 1105 2100 1159 regnum
2147 1087 2403 1160 Angliae,
2459 1093 2521 1143 et
2544 1081 2656 1131 The
2675 1082 2811 1133 <1¹¹1oe

423 1174 751 1230 adhaesione
800 1172 1127 1244 Antipapae.
1200 1170 1333 1241 Qui,
1396 1189 1532 1227 cum
1589 1172 1834 1227 consilio
1893 1189 2133 1227 suorum
2190 1189 2517 1243 procerum,
2544 1149 2605 1263 gf
2626 1148 2861 1214 Burgum

424 1259 649 1315 Ducem
684 1256 1068 1328 Burgundioe‚
1103 1256 1403 1327 juniorem
1445 1255 1675 1312 scilicet
1706 1256 1952 1312 fratrem
1988 1273 2179 1321 suum,
2219 1257 2523 1313 constituit
2546 1230 2751 1345 pgiggd

423 1343 594 1414 regni
628 1341 987 1397 Francorum
1034 1345 1339 1405 rectorem,
1390 1346 1705 1411 antequam
1751 1347 2096 1405 moreretur,
2147 1340 2319 1412 eique
2366 1356 2520 1397 com·
2547 1346 2792 1412 gum-dian
2809 1354 2862 1398 ot

425 1426 723 1483 mendavit
766 1424 1000 1498 parvuli
1046 1424 1156 1479 filii
1216 1425 1309 1479 sui
1357 1425 1665 1495 omnisque
1713 1424 1919 1481 domus
1969 1443 2092 1481 suae
2139 1425 2404 1490 tutelam,
2455 1441 2523 1480 eo
2549 1412 2629 1464 ΜΒ
2651 1429 2758 1466 ⁸01¹·

427 1510 583 1582 quod
615 1509 938 1566 infantulus
985 1508 1241 1564 nondum
1288 1515 1460 1580 aptus
1511 1509 1706 1564 fuerat
1750 1508 1826 1564 ad
1864 1509 2250 1581 regnandum.

495 1594 940 1665 Andegavensis
973 1599 1170 1648 autem
1207 1592 1359 1658 Dux,
1387 1592 1577 1665 major
1605 1594 1792 1648 frater
1834 1593 2061 1658 Karoli,
2102 1600 2239 1666 post
2276 1599 2523 1650 mortem
2548 1598 2790 1665 Jealousy

426 1680 574 1752 ejus,
610 1695 768 1749 aegre
796 1678 989 1732 ferens
1026 1674 1043 1708 ¹
1051 1675 1349 1749 juniorem
1380 1677 1620 1733 fratrem
1654 1677 1769 1732 sibi
1800 1677 2128 1748 praelatum,
2157 1676 2315 1748 (nam
2338 1678 2414 1733 ad
2433 1678 2521 1749 ip·
2547 1665 2844 1718 ¹¹¹³&de

427 1781 559 1820 sum
594 1762 820 1818 ratione
861 1760 1053 1817 aetatis
1092 1765 1431 1832 spectasset,
1467 1766 1537 1816 ut
1572 1760 1845 1826 asseruit,
1882 1762 2054 1833 regni
2087 1761 2315 1833 tutela),
2347 1762 2527 1833 coepit
2547 1733 2862 1851 fflssizhzm‘

427 1846 726 1903 adversari
760 1845 1069 1901 manifeste
1112 1845 1246 1909 sibi,
1282 1844 1614 1900 adhaerente
1646 1862 1770 1900 suae
1804 1845 1960 1916 parti
1984 1845 2237 1901 Domino
2270 1846 2343 1901 de
2374 1845 2523 1901 Olis-
2548 1836 2701 1917 Duk'e
2722 1868 2785 1917 of

429 1949 534 1987 son
556 1936 617 1986 et
638 1928 933 1985 nonnullis
954 1928 1089 1983 aliis
1113 1928 1186 1983 de
1209 1929 1633 2001 potentioribus
1658 1930 1937 2000 regionis.
1988 1930 2171 1986 Facta
2192 1934 2284 1986 est
2304 1929 2526 1986 dissen-
2551 1932 2741 1997 Anjou.

430 2015 518 2071 sio
552 2013 788 2086 publica
820 2018 997 2082 atque
1031 2012 1259 2068 notoria
1293 2013 1449 2067 inter
1483 2029 1603 2077 eos,
1644 2013 1731 2067 ita
1769 2019 1839 2069 ut
1877 2030 2024 2085 pene
2070 2013 2205 2085 plus
2251 2015 2530 2070 timerent

429 2098 680 2153 invicem
709 2096 1053 2153 alterutram
1080 2094 1508 2161 crudelitatem,
1537 2112 1715 2166 quam
1743 2096 1927 2151 nostri
1955 2097 2246 2154 exercitus
2270 2097 2524 2169 Angliae‚

431 2182 531 2252 qui
568 2186 708 2236 tunc
757 2180 995 2251 impune
1031 2178 1255 2251 circum
1307 2179 1529 2250 patrias
1565 2178 1869 2249 equitabat
1901 2178 1923 2211 ²
1938 2197 2160 2245 eorum,
2209 2181 2528 2251 potentiam

430 2267 555 2321 sive
590 2264 1085 2320 numerositatem.
1161 2262 1297 2317 Dux
1329 2268 1527 2318 tamen
1572 2262 1956 2334 Burguudioe,
1996 2270 2065 2320 ut
2096 2265 2430 2321 ostenderet
2464 2282 2527 2321 se
2553 2279 2665 2330 The
2686 2280 2837 2331 nuk„

430 2350 701 2405 idoneum
737 2349 908 2419 regni
933 2346 1270 2411 Custodem,
1307 2345 1434 2417 jam
1469 2351 1611 2403 tuno
1660 2364 1796 2402 cum
1844 2348 2035 2403 fratre‘
2064 2348 2378 2420 confligere
2413 2366 2529 2404 non
2552 2347 2613 2396 of
2628 2347 2864 2411 Burgun-

429 2432 725 2504 reputavit
770 2431 1099 2503 expediens,
1152 2429 1383 2500 quando
1429 2436 1698 2486 cerneret
1742 2435 2030 2486 nostrates
2071 2431 2526 2503 circumquaque
2554 2414 2623 2477 dy
2646 2414 2850 2464 ⁰⁰¹¹oeoe

428 2516 709 2589 patriotas
743 2515 1052 2585 perimere,
1089 2513 1341 2586 pata-iam
1375 2519 1609 2569 vastare
1645 2519 1770 2569 tam
1806 2513 2042 2569 flamma
2076 2532 2253 2586 quam
2292 2515 2522 2587 gladio:
2551 2479 2816 2597 ξηέἰῖοᾷἑο

431 2616 612 2671 quare
646 2598 892 2655 collecta
925 2596 1082 2670 apud
1127 2597 1336 2652 urbem
1382 2596 1455 2652 de
1490 2597 1699 2668 'I'roys‚
1751 2614 1868 2668 qua
1899 2596 2112 2669 potuit,
2149 2598 2527 2654 multitudine
2554 2613 2786 2679 English,

431 2683 502 2739 de
537 2689 662 2739 tota
694 2687 854 2738 terra
886 2687 1101 2754 praeter
1135 2686 1324 2737 terras
1359 2679 1805 2752 Andegavensis
1854 2680 2037 2737 Ducis
2075 2687 2136 2737 et
2181 2681 2419 2738 Domini
2456 2683 2529 2739 de

433 2767 682 2832 Clisson‚
747 2783 893 2838 quas
954 2766 1131 2821 scivit
1195 2770 1435 2837 propter
1492 2770 1874 2820 memoratam
1935 2764 2357 2821 dissensionem
2418 2768 2531 2825 sibi

429 2867 633 2923 parere
668 2849 842 2913 nolle,
881 2848 957 2904 ad
991 2865 1298 2904 numerum
1333 2849 1456 2903 fere
1493 2853 1745 2919 quatuor
1784 2848 2040 2904 millium
2075 2856 2450 2916 armatorum,
2479 2856 2536 2906 et

431 2935 505 2990 de
539 2934 831 2989 communi
866 2932 1037 3005 plebe
1072 2949 1289 3003 magna
1321 2931 1720 2997 multitudine,
1761 2933 1971 2988 statuit
1991 2940 2318 2989 nostratum
2352 2935 2536 3007 impe-

431 3018 558 3073 dire
589 3018 765 3082 viam,
798 3034 897 3072 eos
926 3017 989 3071 in
1022 3016 1233 3072 itinere
1259 3015 1686 3087 praeveniend0‚
1719 3022 1789 3073 ut
1816 3034 2049 3088 quoquo
2084 3024 2254 3089 pacto
2282 3019 2533 3090 compel-

434 3103 584 3157 leret
619 3101 694 3157 ad
740 3100 1139 3173 pugnandum.
1208 3098 1378 3169 Quod
1414 3106 1484 3155 ut
1517 3100 1736 3155 nostris
1785 3106 1879 3156 est
1912 3106 2295 3172 compertum,
2333 3101 2531 3157 decre·

431 3192 642 3242 verunt
688 3186 945 3241 Francos
994 3184 1324 3256 proecedere
1380 3183 1506 3240 sine
1558 3200 1742 3248 mora,
1804 3201 1879 3239 ne
1938 3185 2088 3241 forte
2149 3186 2235 3241 eis
2294 3185 2532 3257 aliquod

429 3270 911 3342 impedimentum
958 3268 1295 3339 contingere
1330 3274 1547 3339 posset,
1587 3268 1640 3324 si
1677 3267 1891 3324 Gallici
1927 3285 2026 3325 eos
2061 3270 2525 3341 praecessissent:

430 3360 492 3410 et
527 3356 747 3409 factum
781 3358 875 3408 est
907 3353 1011 3417 ita,
1051 3351 1399 3424 collectique
1436 3358 1576 3408 sunt
1611 3352 1800 3408 nostri
1842 3353 2039 3409 subito
2080 3360 2216 3410 ante
2258 3373 2376 3421 eos,
2414 3373 2532 3411 non

428 3437 723 3493 modicum
756 3436 1105 3492 mirantibus
1140 3436 1306 3508 ipsis,
1347 3455 1463 3508 quo
1509 3436 1682 3492 modo
1716 3436 2072 3493 nostratibus
2107 3438 2193 3494 ita
2226 3440 2343 3495 cito
2377 3440 2530 3511 ipso·

429 3540 562 3577 rum
596 3521 906 3577 consilium
957 3520 1325 3576 innotuisset.
1401 3519 1670 3592 Cumque
1723 3527 1944 3577 certam
1983 3523 2168 3577 nostri
2215 3522 2535 3594 elegissent

430 3606 755 3669 stationem,
789 3602 812 3637 ⁸
829 3610 891 3660 et
920 3609 1173 3660 armatos
1199 3604 1540 3660 statuissent
1561 3603 1826 3660 ordinate
1861 3609 1923 3661 et
1943 3606 2187 3676 pulchre
2221 3606 2533 3680 dispositos

428 3707 535 3762 per
568 3696 794 3746 turmas
828 3706 982 3753 suas,
1021 3687 1345 3759 cariagium
1384 3705 1638 3759 quoque,
1682 3687 1862 3759 (quod
1896 3688 1917 3721 ⁴
1939 3692 1977 3717 “
1994 3690 2250 3747 sarcinas
2266 3690 2302 3716 ’⁹
2340 3693 2533 3764 appel·

431 3770 643 3843 lamus)
677 3791 714 3828 a
743 3778 914 3843 tergo
940 3772 1249 3836 locassent,
1276 3770 1445 3827 ecce!
1473 3770 1714 3841 quidam
1743 3788 1815 3828 ex
1839 3771 2086 3829 Gallicis
2119 3776 2344 3846 egressi
2375 3782 2530 3841 sunt,

428 3856 925 3928 transgredientes
963 3854 1256 3927 quandam
1306 3872 1519 3911 novam
1571 3856 1809 3921 fossam,
1861 3875 2038 3928 quam
2088 3858 2268 3914 iidem
2319 3857 2533 3915 Gallici

431 3941 543 3997 sibi
573 3943 831 3997 fecerant
864 3957 971 4012 pro
1007 3939 1101 3995 sui
1130 3941 1419 3995 exercitus
1455 3938 1667 4011 majori
1701 3942 2007 4007 tutamine,
2046 3941 2121 3997 ad
2154 3943 2532 4014 pugnandum

430 4031 634 4081 contra
666 4029 991 4090 nostrates;
1032 4041 1177 4095 quos
1213 4023 1395 4088 illico,
1424 4023 1550 4079 sine
1585 4024 1798 4095 grandi
1832 4026 2089 4097 negotio,
2131 4026 2370 4098 quidam
2403 4033 2425 4061 ⁸
2442 4028 2526 4098 [e]
2558 4021 2670 4072 The

428 4109 644 4165 nostris
681 4108 898 4164 fossam
932 4106 1282 4179 relinquere,
1311 4113 1372 4164 et
1406 4107 1481 4163 ad
1505 4126 1642 4164 suos
1678 4109 2063 4175 retrocedere,
2103 4112 2525 4183 compulerunt,
2556 4088 2755 4139 Freneh
2786 4102 2872 4139 ³¹⁹⁰

430 4193 667 4249 obtenta
700 4209 772 4247 ex
807 4191 893 4247 eis
930 4191 1132 4246 eadem
1168 4192 1346 4256 fossa,
1372 4197 1433 4248 et
1454 4192 1660 4248 multis
1689 4210 1865 4264 super
1893 4193 2135 4249 eandem
2170 4195 2523 4254 interfectis:
2553 4156 2785 4272 {egl-med

2555 4289 2763 4353 Troyes.

499 4515 514 4544 ¹
541 4513 763 4562 minorem
784 4511 839 4559 iu
866 4510 951 4560 the
973 4509 1178 4586 printed
1202 4515 1350 4560 texts.
1532 4518 1668 4563 texts
1694 4534 1707 4565 ε
1734 4516 1993 4565 corrected
2007 4515 2137 4565 from
2153 4514 2288 4568 Bibl.
2309 4523 2368 4567 13
2383 4519 2442 4570 Ε.
2459 4520 2530 4572 ix.

497 4596 519 4624 2
540 4608 700 4642 eorum
750 4588 957 4641 omitted
1007 4589 1061 4638 in
1108 4588 1194 4640 the
1233 4589 1441 4653 printed
1597 4593 1617 4622 ⁴
1633 4593 1867 4658 yar-ninas
1887 4593 1943 4642 iu
1967 4593 2054 4644 the
2074 4594 2274 4658 printed
2296 4602 2445 4647 texts.

434 4679 586 4723 texts,
1596 4671 1617 4700 ὅ
1641 4671 1883 4735 Supplied
1937 4671 2068 4721 from
2123 4672 2259 4724 Bibl.
2301 4675 2427 4741 Reg.
2475 4683 2534 4727 13

500 4754 520 4782 ³
545 4759 599 4801 ut
637 4747 690 4800 in
729 4748 858 4815 orig.
882 4750 984 4800 aud
1022 4748 1076 4798 iu
1118 4748 1204 4798 the
1242 4747 1442 4814 printed
1530 4749 1591 4800 E.
1615 4749 1688 4800 ix.
1713 4751 1815 4799 and
1837 4749 1923 4800 the
1944 4751 2143 4814 printed
2165 4760 2312 4803 texts.
