3300 5617
1094 809 1424 863 msroau
1453 807 1873 862 AnechnA.
2446 795 2531 859 39

386 1040 402 1055 .
442 993 719 1052 Sanctam
778 995 1049 1063 invitans,
1110 994 1321 1054 ducem
1370 1003 1432 1054 et
1482 998 1850 1071 capitaneum
1906 997 2168 1053 omnium
2233 994 2539 1052 constituit
2646 992 2786 1044 A·D·
2861 993 2866 1000 '

118 1068 215 1119 us,
234 1069 369 1121 Bibl.
440 1079 926 1136 Christianorum.
2564 1064 2870 1111 1291-1292.

116 1137 228 1214 Reg.
254 1140 313 1186 13

118 1203 259 1254 Eu.

508 1164 640 1220 Hoc
689 1183 837 1222 anno
889 1166 1129 1224 suborta
1174 1172 1267 1223 est
1317 1165 1610 1223 discordia
1657 1166 1812 1223 inter
1845 1164 2128 1238 Anglicos
2163 1173 2224 1221 et
2257 1163 2532 1230 Francos,
2560 1170 2774 1233 Qum-rel

436 1246 841 1319 hujuscemodi
876 1251 1194 1305 occasione.
1269 1249 1403 1307 Duo
1436 1257 1647 1322 nautoe,
1688 1269 1939 1324 quorum
1974 1268 2126 1305 unus
2165 1255 2292 1305 erat
2324 1247 2534 1319 Angli·
2558 1238 2782 1292 between

435 1350 560 1397 cus,
588 1333 737 1388 alter
767 1333 1028 1389 Gallicus
1057 1333 1129 1389 de
1152 1334 1530 1402 Normanm‘a,
1569 1341 1963 1392 convenerunt
1997 1334 2151 1408 apud
2187 1333 2536 1390 Gazconiam
2558 1304 2800 1420 ffldsshnd

435 1415 511 1471 ad
547 1417 855 1487 quemdam
889 1419 1128 1484 fontem,
1165 1424 1235 1474 ut
1282 1419 1584 1476 haurirent
1628 1437 1874 1492 aquam;
1925 1421 2031 1476 ubi
2064 1419 2349 1476 dissensio
2382 1417 2539 1473 facta
2559 1437 2770 1489 Μῦς,

436 1507 545 1566 est,
584 1502 725 1557 dum
761 1504 1010 1576 quisque
1058 1502 1269 1560 nititur
1315 1505 1483 1576 prius
1529 1505 1786 1560 haurire.
1842 1505 2108 1576 Cumque
2144 1503 2366 1559 diutius
2402 1519 2535 1557 con·

435 1585 774 1651 tendissent,
813 1592 874 1642 et
905 1592 1112 1643 mutua
1144 1588 1398 1645 convitia
1421 1588 1675 1645 invicem
1704 1588 2057 1654 intulissent,
2094 1587 2324 1660 paravit
2354 1585 2536 1642 Galli·

437 1688 542 1726 cus
578 1669 898 1742 Anglicum
943 1679 1249 1744 percutere
1297 1673 1568 1745 pugione.
1646 1672 1767 1729 Sed
1803 1672 2109 1745 Anglious,
2160 1673 2343 1728 vitato
2381 1668 2534 1742 peri·

438 1755 588 1820 culn,
643 1755 855 1811 Gallici
903 1774 1169 1829 pugnum
1216 1759 1423 1822 tenuit,
1480 1776 1596 1829 quo
1647 1758 1912 1829 gladium
1959 1757 2195 1812 tenebat
2246 1756 2532 1822 strictum,

438 1856 573 1894 eum
621 1840 846 1911 eripere
896 1842 1098 1897 volens
1146 1842 1279 1898 sibi.
1371 1842 1622 1908 Interea,
1674 1842 1887 1899 cecidit
1942 1841 2314 1898 Normannus
2360 1858 2538 1913 super

436 1940 773 1978 mucronem
807 1941 999 1991 suum,
1038 1926 1456 1999 confossusque
1490 1926 1668 1983 morti
1701 1926 1994 1997 subjacuit
2022 1943 2130 1981 suo
2151 1942 2308 1981 casu.
2385 1924 2536 1980 Cum

437 2025 576 2062 vero
626 2025 796 2064 casus
848 2009 963 2065 iste
1020 2007 1377 2065 Normannis
1434 2011 1647 2066 fuisset
1699 2009 1987 2100 cognituse
2048 2008 2341 2081 persecuti
2400 2013 2540 2065 sunt

437 2090 772 2164 Anglicum,
798 2099 868 2149 ut
901 2094 964 2149 in
999 2111 1134 2149 eum
1167 2111 1371 2149 necem
1392 2095 1537 2150 socii
1572 2099 1588 2130 ¹
1608 2093 2002 2160 vindicarent3
2042 2093 2146 2149 sed
2167 2099 2377 2158 nautae,
2405 2110 2537 2149 con·

437 2176 578 2231 socii
606 2175 866 2248 Anglici,
904 2179 1190 2234 resistunt
1214 2178 1588 2245 Nox-mannis,
1627 2183 1690 2233 et
1723 2177 1791 2233 fit
1823 2178 2126 2234 conflictus
2154 2177 2540 2250 gravissimus

435 2259 590 2316 inter
641 2279 759 2317 eos.
844 2261 1104 2317 Tandem
1140 2262 1380 2334 Anglici
1420 2262 1546 2318 sine
1598 2279 1814 2334 magno
1868 2261 2171 2333 dispendio
2209 2266 2537 2318 evaserunt.

436 2343 600 2399 Tunc
634 2351 1004 2401 accesserunt
1036 2344 1112 2400 ad
1145 2345 1487 2417 Philippum
1533 2344 1761 2416 Regem
1801 2345 2083 2411 Franciae,
2123 2346 2337 2417 quibus
2373 2351 2545 2417 grata

435 2427 550 2482 fuit
580 2429 748 2500 regni
775 2428 1065 2496 turbatim
1101 2434 1161 2484 et
1190 2429 1320 2501 ejus
1342 2430 1521 2485 bilem
1550 2435 1754 2484 contra
1777 2427 2060 2500 Anglicos
2088 2433 2542 2494 commoverunt,

436 2510 696 2567 dicentes
744 2518 917 2584 turpe
967 2514 1091 2568 fore
1141 2513 1257 2569 sibi
1310 2513 1589 2586 gentique
1643 2530 1785 2579 suae,
1838 2517 1908 2568 ut
1953 2530 1990 2568 a
2035 2512 2299 2568 caudatis
2346 2513 2547 2570 taliter

437 2600 843 2652 tractarentur.
919 2595 1047 2651 Rex
1080 2614 1222 2654 vero
1248 2596 1434 2669 jussit
1467 2597 1663 2653 nautis
1712 2597 1857 2662 suis,
1897 2602 1967 2652 ut
1999 2597 2333 2669 ubicunque
2382 2595 2543 2652 obvi-

439 2686 606 2736 arent
637 2679 927 2752 Anglicis,
967 2680 1040 2736 de
1075 2697 1217 2737 nece
1257 2681 1510 2737 consocii
1559 2686 1836 2753 caperent
1880 2680 2181 2737 ultionem.
2257 2680 2548 2737 Fervebat

438 2764 624 2836 igitur
650 2765 814 2820 furor
851 2765 1229 2831 Gallicorum,
1262 2771 1325 2821 et
1349 2765 1492 2821 dum
1524 2766 1735 2823 sitiunt
1760 2765 2147 2838 Anglicorum
2179 2766 2542 2837 sanguinem,

438 2849 774 2906 multotiens
809 2849 1021 2906 damna
1055 2850 1262 2921 gravia
1293 2850 1634 2906 intulerunt.

507 2932 654 2990 Vice
680 2933 931 3005 quadam
965 2931 1170 3005 igitur,
1194 2933 1334 2989 dum
1358 2934 1540 2990 maris
1565 2934 1876 2991 observant
1897 2933 2155 3000 semitas,
2182 2932 2548 3006 conspiciunt

439 3035 613 3074 naves
648 3016 931 3089 Anglicas
967 3036 1004 3073 a
1037 3018 1295 3084 remotis,
1333 3018 1547 3090 quibus
1595 3035 1774 3074 eursu
1815 3018 2342 3091 appropinquantes
2389 3017 2546 3074 velo-

438 3102 690 3167 cissimo,
753 3101 947 3157 subito
1006 3102 1282 3173 proelium
1339 3102 1703 3158 inchoarunt.
1799 3101 1965 3157 Inter
2033 3101 2543 3174 congrediendum,

440 3184 750 3256 quamdam
766 3201 976 3241 navem
997 3184 1311 3257 Anglicam
1334 3184 1487 3242 inter
1510 3184 1808 3241 consocias
1832 3203 1970 3241 suas
1992 3185 2160 3242 uncis
2185 3191 2547 3243 affluxerunt

440 3263 668 3335 Gallici,
718 3274 779 3325 et
825 3268 1136 3341 quemdam
1182 3268 1499 3340 Anglicum
1544 3270 1844 3325 trahentes
1891 3270 1965 3326 de
2010 3270 2147 3326 navi
2220 3288 2343 3337 sua,
2411 3289 2544 3327 mox

438 3355 500 3408 in
524 3354 858 3409 summitate
894 3351 1036 3408 mali
1070 3352 1237 3409 navis
1275 3352 1662 3409 Normannici-
1697 3353 2140 3424 suspenderunt.
2217 3353 2345 3423 Quo
2370 3355 2541 3420 facte,

441 3437 580 3508 quia
601 3438 954 3509 potentiores
992 3443 1056 3491 et
1090 3437 1292 3508 plures
1332 3454 1440 3509 pro
1480 3443 1621 3492 tunc
1669 3443 1837 3492 erant
1886 3435 2119 3503 Gallici,
2163 3436 2289 3492 sine
2329 3453 2546 3509 magna
2568 3427 2736 3480 Dessth
2758 3430 2819 3481 of

440 3521 673 3577 laesione
719 3527 1105 3577 recesserunt.
1203 3521 1293 3576 Ex
1338 3521 1455 3580 hiis
1502 3519 1697 3577 causis
1744 3521 1933 3578 crevit
1975 3520 2154 3576 timor
2204 3530 2267 3577 et
2323 3521 2546 3579 invidia
2568 3495 2896 3616 ἓέἓιιξὲῆοη

439 3606 667 3678 populis
702 3606 1011 3679 utriusque
1044 3605 1234 3677 regni.
2569 3630 2630 3679 of
2642 3631 2868 3695 Adelph,

509 3690 596 3745 Eo
630 3697 890 3763 tempore
926 3691 1174 3746 moritur
1198 3690 1323 3746 Rex
1359 3689 1753 3746 Romanorum
1789 3687 2155 3762 Radulphus.
2254 3687 2329 3746 In
2375 3687 2543 3762 cujus
2567 3696 2706 3749 A.D.
2735 3703 2879 3749 1291.

443 3775 803 3831 successione
844 3775 1063 3831 electus
1100 3781 1194 3831 est
1224 3774 1554 3848 Adulphus,
1602 3775 1811 3830 Comes
1864 3771 1938 3830 de
1990 3774 2050 3830 N
2052 3791 2253 3841 aass03
2306 3780 2369 3830 et
2419 3775 2544 3831 sine
2566 3789 2706 3840 ΑΛ),
2736 3793 2880 3842 1292.

443 3860 891 3916 contradictione
925 3861 989 3915 in
1024 3859 1251 3931 Regem
1285 3858 1646 3915 Alemanniae
1683 3860 2021 3916 solemniter
2056 3864 2380 3915 coronatur.

512 3943 790 4000 Alfonsus
826 3943 1024 4009 etiam,
1062 3943 1409 4014 Arragonioe
1446 3943 1590 4006 Rex,
1625 3949 1892 3999 mortuus
1931 3950 2025 3998 est
2059 3943 2168 3998 hoo
2205 3959 2373 3998 anno,
2567 3936 2706 3988 AD·
2733 3942 2878 3997 1291,

513 4028 638 4082 Rex
705 4027 958 4098 Angliae‚
1032 4033 1166 4100 post
1234 4028 1453 4083 festum
1527 4026 1725 4083 Sancti
1793 4021 2079 4083 Johannis
2130 4026 2430 4100 Baptistae,
2480 4026 2545 4081 in
2567 4030 2706 4080 A.D.
2734 4035 2877 4080 1292.

448 4110 702 4166 Scotiam
758 4111 1015 4176 veniens,
1074 4112 1325 4183 receptis
1385 4127 1588 4165 eorum
1661 4108 1764 4181 qui
1825 4127 2078 4181 regnum
2134 4110 2346 4166 Scotiae
2402 4126 2541 4165 ven·
2568 4098 2815 4176 Q·

446 4194 715 4249 dicabant
758 4194 1207 4265 allegationibus
1255 4211 1362 4266 pro
1405 4194 1542 4266 Jure
1596 4209 1720 4258 suo,
1777 4193 1920 4265 eligi
1975 4194 2116 4249 fecit,
2157 4193 2546 4265 quadraginta
2567 4171 2825 4284 {goffia

449 4295 739 4349 personae,
798 4278 1110 4334 'videlicet
1147 4278 1221 4333 de
1261 4278 1484 4349 Anglia
1540 4275 1773 4348 viginti,
1836 4283 1898 4333 et
1944 4278 2160 4348 viginti
2210 4277 2282 4333 de
2327 4277 2541 4344 Scotia,

450 4362 550 4432 qui
609 4362 753 4417 istas
806 4361 1182 4432 allegationes
1231 4360 1552 4417 deliberata
1607 4360 1918 4430 diligentia
1968 4361 2357 4429 discuterent3
2420 4378 2548 4419 sen-

517 4583 531 4613 ¹
557 4579 918 4631 vindicarentur
939 4580 993 4630 in
1011 4579 1172 4648 erim
1200 4581 1456 4632 conested
1604 4582 1623 4611 ²
1641 4579 1755 4631 The
1775 4580 1939 4631 words
1959 4582 1990 4610 “
2005 4577 2226 4632 videlicet
2242 4580 2302 4632 de
2323 4580 2546 4649 Anqlia'’

449 4660 579 4711 from
600 4659 688 4711 the
710 4659 906 4724 printed
928 4666 1072 4711 texts.
1268 4725 1279 4738 Ι
1540 4674 1623 4711 are
1645 4661 1806 4711 added
1827 4660 1879 4710 in
1903 4675 1934 4711 a
1955 4660 2082 4712 later
2103 4661 2257 4712 hand.
2328 4737 2335 4745 .
