3300 5617
794 745 924 819 170
1036 845 1041 850 .
1421 763 1706 858 ’moins
1748 762 2219 815 wammam

440 955 576 1011 ΑΒ.
618 962 761 1012 1323.
783 968 999 1008 werras
1051 950 1267 1008 Scotiae
1315 949 1742 1022 multipliciter,
1795 950 2084 1008 concessit
2129 950 2194 1006 in
2244 956 2486 1023 treugas
2532 950 2875 1017 voluntarie,
2901 949 3150 1006 mm

784 1051 915 1108 quae
966 1036 1076 1092 sub
1126 1034 1440 1092 tresdecim
1474 1033 1763 1091 Articulis
1809 1035 2261 1101 claudebantur3
2326 1053 2472 1108 quos
2522 1036 2626 1108 qui
2681 1036 2878 1091 videre
2899 1015 3024 1135 {¹3-
3051 1024 3109 1071 ¹³

778 1121 1089 1186 desiderat,
1152 1120 1433 1192 respiciat
1490 1118 1810 1176 chronicas
1869 1119 2098 1176 Fratris
2159 1120 2177 1154 ¹
2194 1120 2440 1177 flexu-101
2500 1120 2873 1186 mannum,
2981 1098 3053 1137 ¹¹‘

775 1207 1042 1263 monachi
1079 1204 1277 1262 Sancti
1312 1203 1545 1270 Albani,
1574 1222 1706 1276 quoe
1741 1204 2028 1261 habentur
2061 1204 2125 1260 in
2158 1204 2514 1262 Monasterio
2535 1210 2871 1261 memorato.
3037 1259 3042 1268 ,

441 1308 752 1374 0025pr
850 1290 974 1346 Sub
1010 1289 1214 1346 eodem
1249 1306 1399 1345 anno
1435 1290 1591 1344 facta
1624 1293 1720 1345 est
1754 1288 1996 1360 grandis
2031 1288 2357 1360 conjuratio
2391 1290 2733 1354 multorum,
2775 1290 2874 1360 qui
2894 1302 3189 1364 Rham,

443 1376 504 1424 of
519 1375 602 1424 the
776 1392 911 1430 cum
946 1373 1273 1430 Baronibus
1310 1377 1596 1429 steterant
1628 1373 1694 1428 in
1725 1390 1915 1429 werra
1949 1390 2074 1438 sua,
2125 1379 2195 1429 ut
2226 1390 2427 1429 omnes
2478 1374 2583 1445 qui
2634 1374 2700 1429 in
2751 1391 2873 1429 oar-
2895 1385 2976 1435 PP·
3001 1373 3079 1432 76,
3099 1377 3170 1423 ⁷7·

441 1442 709 1557 ffihgloenss
777 1458 1009 1514 ceribus
1044 1459 1264 1514 detenti
1301 1458 1535 1516 fuerant
1566 1457 1794 1512 ratione
1816 1456 1992 1513 dictae
2014 1474 2234 1522 werrae,
2273 1474 2378 1529 per
2411 1463 2602 1513 totum
2625 1475 2872 1528 regnum
2895 1437 3007 1487 ΜΒ·
3029 1439 3154 1555 Ῑῖἑη
3253 1511 3254 1538 ἒ

439 1525 633 1627 1381.οῶ
779 1560 898 1598 una
929 1541 1250 1614 eademque
1286 1547 1454 1598 nocte
1490 1542 1805 1612 eriperent,
1844 1546 1907 1596 et
1939 1558 1976 1595 a
2008 1540 2261 1596 vinculis
2285 1539 2621 1598 liberarent.
2681 1541 2871 1597 Vene·
2895 1503 3062 1622 ἔξω

635 1615 647 1628 ’
778 1632 919 1683 runt
968 1628 1158 1698 igitur
1197 1626 1434 1697 quidam
1471 1624 1546 1681 de
1582 1624 1904 1694 conjuratis
1956 1624 2032 1680 ad
2081 1627 2342 1680 castrum
2390 1625 2871 1699 Walyngfordiae,

775 1710 840 1767 in
876 1729 992 1782 quo
1026 1710 1375 1768 tenebantur
1407 1709 1525 1765 viri
1572 1708 2046 1773 nominatissimi,
2085 1708 2411 1764 Mauricius
2459 1708 2533 1765 de
2586 1710 2871 1766 Berkelee

777 1801 839 1851 et
871 1795 1055 1867 Hugo
1089 1795 1163 1850 de
1211 1792 1495 1859 Andelos,
1541 1797 1604 1849 et
1641 1792 1894 1849 latenter
1945 1792 2203 1864 ingressi
2253 1798 2392 1848 sunt
2420 1808 2528 1864 per
2560 1794 2875 1865 posticium

443 1897 661 1961 Captum
683 1897 745 1947 of
760 1915 763 1920 «
776 1897 984 1936 versus
1034 1897 1247 1951 aquam
1296 1877 1591 1942 Tamisioe‚
1663 1882 1733 1932 ut
1797 1876 2158 1947 complerent
2206 1893 2384 1948 opera
2433 1883 2871 1949 praeconeepta3

444 1964 529 2013 the
553 1964 719 2014 Cast-le
779 1963 883 2020 sed
930 1981 1131 2019 eorum
1186 1962 1441 2017 furtivus
1493 1960 1772 2016 introitus
1824 1960 2075 2015 villanos
2124 1977 2241 2015 non
2273 1959 2481 2025 latuit3
2537 1960 2694 2015 unde
2743 1978 2875 2016 mox

439 2030 499 2078 ⁰f
509 2031 754 2096 Wflmnss·
779 2047 999 2104 clamor
1033 2052 1097 2102 et
1127 2045 1419 2102 tumultus
1456 2045 1645 2100 factus
1683 2049 1776 2099 est
1807 2043 1985 2099 nimis
2020 2061 2126 2116 per
2161 2048 2345 2099 totam
2379 2043 2607 2109 villam,
2648 2061 2720 2099 ex
2757 2061 2872 2116 quo

440 2097 721 2228 {22}de
776 2136 901 2187 tota
934 2130 1127 2202 pam-ia
1160 2135 1253 2184 est
1286 2133 1591 2184 commota.
1667 2126 1928 2183 Advenit
1967 2127 2155 2198 igitur
2189 2143 2260 2181 ex
2295 2125 2416 2182 inis
2470 2127 2736 2198 partibus
2786 2128 2871 2182 in-

444 2231 650 2283 ψει-θος,
776 2214 1035 2270 discreta
1068 2212 1406 2276 multitudo,
1447 2217 1517 2267 ut
1548 2211 1888 2267 obsiderent
1922 2227 2022 2266 eos
2058 2211 2163 2282 qui
2197 2215 2460 2267 castrum
2495 2211 2583 2269 sic
2618 2211 2874 2283 ingressi

775 2299 1039 2363 fuerant;
1095 2304 1157 2353 et
1205 2314 1305 2352 eos
1357 2296 1714 2352 obsederunt
1747 2294 1930 2350 donec
1978 2296 2245 2350 venirent
2295 2294 2372 2350 ad
2421 2294 2874 2350 continuandum

773 2382 1136 2438 obsidionem
1187 2380 1448 2437 Comites
1503 2378 1729 2435 Cantioe
1782 2385 1844 2434 et
1895 2376 1917 2411 ²
1934 2378 2284 2450 Wyntoniae,
2340 2396 2478 2434 cum
2511 2380 2574 2435 vi
2621 2379 2876 2434 maxima

771 2473 1146 2521 armatorum.
1222 2463 1509 2520 Videntes
1545 2469 1763 2528 autem,
1805 2463 1908 2534 qui
1944 2467 2206 2518 castrum
2227 2463 2316 2519 sic
2338 2463 2595 2534 ingressi
2618 2464 2870 2528 fuerant,

773 2567 837 2606 so
871 2567 986 2604 non
1020 2565 1192 2620 posse
1228 2548 1504 2604 resistere
1540 2553 1719 2604 tantae
1755 2548 2068 2612 violentias,
2096 2547 2173 2602 ad
2195 2547 2481 2619 capellam
2515 2547 2660 2604 dicti
2696 2548 2872 2604 castri

771 2651 878 2705 pro
929 2633 1164 2703 refugio
1223 2631 1621 2687 ecclesiastico
1681 2632 2087 2701 confugerunt.
2204 2630 2320 2701 Qui
2389 2638 2605 2697 tamen,
2669 2632 2873 2687 invitis

772 2718 989 2773 decano
1025 2723 1086 2772 et
1120 2716 1482 2787 presbyteris
1519 2715 1665 2771 dicti
1701 2714 1957 2785 collegii,
1999 2715 2102 2787 qui
2138 2731 2238 2771 eos
2286 2716 2626 2772 nitebantur
2674 2715 2870 2772 defen-

770 2801 927 2865 dere,
955 2800 1028 2854 de
1052 2800 1278 2871 capella
1313 2805 1450 2854 sunt
1483 2799 1771 2855 violenter
1806 2798 2103 2864 abstracti,
2143 2804 2204 2855 et
2250 2799 2348 2855 vel
2396 2799 2647 2856 diversis
2683 2801 2872 2871 poenis

769 2885 847 2939 ad
880 2889 1128 2939 mortem
1162 2882 1386 2948 traditi,
1425 2883 1524 2938 vel
1557 2882 1893 2938 carceribus
1928 2882 2263 2954 mancipati,
2290 2881 2473 2938 donec
2508 2883 2635 2938 Rex
2669 2883 2873 2938 crude-

768 2969 887 3024 lius
923 2968 996 3022 de
1033 2985 1234 3023 eorum
1271 2967 1577 3039 suppliciis
1614 2967 1935 3022 statuisset.
2009 2965 2256 3022 Factum
2292 2972 2386 3022 est
2416 2966 2624 3038 igitur,
2661 2973 2732 3023 ut
2763 2968 2873 3022 hac

771 3052 1074 3108 occasione
1111 3052 1307 3108 cuncti
1343 3068 1451 3123 per
1485 3050 1769 3122 Angliam
1820 3050 2169 3106 incarcerati
2221 3052 2411 3108 artius
2463 3051 2642 3108 solito
2696 3051 2871 3108 strin-

772 3141 1070 3207 gerentur.

438 3230 743 3295 Inquisition
839 3219 861 3252 ⁸
880 3219 1054 3275 Circa
1112 3218 1331 3274 festum
1392 3217 1593 3274 Sancti
1641 3217 1953 3274 Michaelis
2002 3217 2382 3289 Archangeli,
2422 3217 2550 3273 Rex
2599 3218 2875 3276 circuivit
2896 3220 3008 3272 MS.
3029 3223 3150 3274 Bibl.

436 3299 582 3348 made
600 3298 679 3376 ‚by
771 3304 1097 3360 Comitatus
1133 3303 1383 3359 Eboraci
1419 3308 1480 3359 et
1516 3302 1890 3366 Lancestfioe,
1931 3311 1992 3357 et
2024 3301 2351 3358 Marchiam
2386 3301 2636 3368 walliae,
2675 3303 2870 3374 ingre-
2894 3288 3016 3354 1³³8·
3044 3295 3098 3340 13

439 3365 689 3482 thetong
769 3389 936 3443 diens
972 3387 1241 3443 civitates
1278 3393 1340 3442 et
1372 3386 1566 3451 villas,
1606 3391 1669 3441 et
1700 3385 2110 3458 inquisitiones
2147 3386 2367 3442 faciens
2418 3385 2493 3442 de
2544 3387 2709 3458 pacis
2743 3405 2873 3460 per-
2895 3355 2954 3406 E·
2975 3371 3045 3406 ¹¹⁶

437 3449 609 3565 {2le0
768 3471 1187 3535 turbatoribus,
1238 3470 1312 3525 de
1365 3469 1533 3540 vulgi
1584 3470 1909 3525 communis
1962 3470 2423 3541 oppressoribus,
2476 3470 2551 3525 de
2584 3472 2873 3543 provinci-

435 3568 695 3621 offenderg,
773 3573 942 3611 arum
977 3553 1444 3626 prolocutoribus
1481 3558 1544 3608 et
1576 3553 1937 3620 ductoribus,
1978 3554 2081 3625 qui
2115 3570 2222 3626 per
2254 3554 2546 3610 nundinas
2583 3555 2711 3611 sive
2745 3555 2874 3610 fora

773 3639 934 3696 soliti
983 3640 1217 3693 fuerant
1251 3638 1542 3692 concitare
1579 3637 1913 3703 seditiones,
1954 3637 2151 3694 fovere
2185 3645 2382 3710 partes
2417 3644 2620 3695 contra
2651 3644 2868 3711 partes,

772 3728 1151 3779 manutenere
1186 3720 1629 3787 malefactores3
1670 3727 1732 3777 et
1763 3727 2011 3786 notatos,
2050 3727 2251 3793 captos
2277 3728 2339 3778 et
2359 3724 2676 3788 convictos,
2703 3724 2870 3794 puni·

773 3809 864 3865 vit
877 3807 1051 3880 juxta
1085 3824 1207 3862 suae
1231 3805 1518 3861 demerita
1537 3806 1868 3877 pravitatis,
1896 3806 2272 3878 antiquisque
2295 3808 2626 3879 profligatis
2660 3808 2870 3865 errori·

775 3892 905 3958 bus,
946 3892 1110 3962 leges
1146 3897 1321 3946 terrae
1356 3889 1639 3961 praecepit
1673 3889 1738 3944 in
1771 3889 1918 3945 locis
1953 3889 2224 3946 omnibus
2260 3890 2580 3947 observari.

841 4162 1009 4213 'This
1047 4162 1189 4212 short
1226 4159 1514 4221 Chronicle,
1553 4161 1635 4224 (as
1669 4160 1779 4211 that
1867 4159 2005 4210 Bibl.
2049 4159 2177 4225 Reg.
2228 4166 2287 4211 13
2333 4161 2395 4212 Ε.
2436 4161 2527 4221 ix„
2603 4161 2689 4214 the
2723 4162 2870 4214 latter

773 4241 836 4290 of
858 4241 1038 4306 Henry
1061 4242 1124 4290 de
1161 4239 1490 4304 Blaneforde)
1525 4238 1617 4289 has
1650 4240 1777 4289 been
1867 4240 2083 4306 reading
2103 4240 2260 4307 being
2280 4249 2489 4292 correct.

772 4320 1044 4386 published
1084 4321 1155 4384 by
1197 4319 1418 4380 Hem-ne,
1462 4323 1516 4367 at
1557 4318 1642 4368 the
1677 4321 1778 4369 end
1933 4320 1955 4349 ⁸
1975 4319 2142 4371 There
2183 4320 2230 4370 is
2275 4335 2307 4370 a
2348 4335 2558 4386 passage
2600 4321 2873 4372 somewhat

772 4400 836 4449 of
860 4398 1157 4448 Trokelowe
1189 4397 1389 4461 (1729).
1455 4395 1520 4445 In
1552 4394 1596 4445 it
1617 4410 1703 4446 are
1723 4401 1776 4446 to
1868 4397 2063 4448 similar
2100 4405 2153 4449 to
2192 4399 2295 4449 this
2337 4399 2395 4449 iu
2431 4400 2753 4462 Blaueforde,
2781 4401 2872 4451 but

772 4480 837 4529 be
882 4477 1040 4526 found
1085 4476 1172 4527 the
1204 4474 1420 4526 thirteen
1454 4473 1685 4527 Articles
1723 4475 1786 4525 of
1866 4477 1980 4530 MS.
2018 4477 2157 4529 Bibl.
2195 4478 2323 4545 Reg.
2352 4483 2412 4528 13
2451 4477 2608 4532 nix.
2631 4479 2870 4530 hasbeen

773 4557 878 4608 this
911 4563 1069 4606 truce.
1867 4556 2131 4623 evidently
2173 4556 2417 4612 indebted
2459 4557 2580 4611 here
2633 4566 2689 4610 to
2732 4573 2872 4612 some

840 4638 859 4667 ²
879 4633 1147 4685 Lincolniae
1180 4633 1238 4682 in
1267 4634 1353 4684 the
1382 4633 1582 4698 printed
1626 4639 1773 4685 extu:
1870 4636 2017 4688 other
2037 4651 2230 4691 source.

784 4714 1055 4781 Wyntonioe
1088 4714 1145 4764 in
1178 4713 1482 4767 Blaneforde
1516 4714 1619 4764 and
1664 4712 1777 4766 MS.
