3300 5617
170 1029 474 1096 mahange.

171 1096 284 1146 MS.
304 1097 445 1148 Bibl.

170 1163 298 1227 Reg.
328 1169 392 1213 13

170 1230 232 1280 E.
256 1229 331 1282 ix.

173 1438 290 1489 MS.
307 1437 447 1491 Bibl.

175 1506 303 1569 Reg.
334 1512 395 1557 13

174 1572 239 1623 Ε.
262 1572 335 1623 ix.

176 1769 480 1835 Rishanger.

118 1897 125 1902 .
177 1837 294 1886 MS.
314 1837 449 1889 Bibl.

178 1903 304 1965 Reg.
334 1909 394 1954 13

180 1970 242 2020 E.
264 1969 338 2022 ix·

1171 829 1502 882 HISTORIA
1530 828 1950 882 ANGLIOANA.
2520 818 2610 882 43

586 1017 824 1073 Transit
859 1017 1044 1072 annus
1078 1017 1193 1073 iste
1228 1017 1482 1074 multum
1510 1019 1788 1091 frugifer,
1826 1033 1936 1073 nec
1970 1015 2307 1082 famelicum
2345 1014 2616 1088 Anglicis
2639 1009 2779 1062 AD·
2807 1017 2949 1065 129³·

517 1106 579 1157 et
635 1100 879 1157 Francis
938 1100 1245 1157 discordias
1315 1102 1717 1170 inchoativum
1792 1100 2070 1157 Romanis
2141 1106 2203 1156 et
2269 1099 2618 1172 Arragoniis

517 1185 806 1257 lugubris,
869 1191 1106 1258 propter
1162 1192 1412 1242 mortem
1470 1187 1667 1259 Papus,
1731 1185 2080 1258 Regumque
2137 1185 2500 1240 Alemannioe
2558 1189 2620 1240 et

515 1267 896 1339 Arragoniae3
938 1269 1129 1326 Sectis
1174 1287 1284 1326 nec
1318 1270 1509 1326 tristis
1557 1288 1666 1326 nec
1715 1270 1942 1337 hilaris,
1994 1268 2067 1325 de
2104 1268 2122 1302 ¹
2140 1268 2446 1341 adeptione
2480 1267 2619 1325 novi

516 1369 697 1425 regis.

585 1437 755 1493 Anno
803 1437 1011 1509 gratias
1046 1436 1360 1494 millesimo
1395 1437 1795 1495 ducentesimo
1828 1436 2205 1509 nonagesimo
2246 1441 2474 1509 quarto,
2514 1437 2618 1508 qui

515 1527 824 1578 est-annus
859 1523 1031 1592 regni
1067 1522 1251 1592 Regis
1286 1521 1579 1587 Edwardi,
1607 1541 1644 1578 a
1668 1521 2024 1593 Oonquaestu
2054 1522 2260 1587 Primi,
2301 1521 2619 1578 vicesimus

514 1606 756 1678 primus,
798 1606 913 1661 suit
945 1604 1102 1660 idem
1137 1605 1266 1661 Rex
1299 1605 1375 1661 ad
1408 1606 1468 1662 N
1470 1606 1621 1662 atale
1671 1606 1827 1678 apud
1859 1606 2096 1661 Novum
2132 1605 2405 1662 Castrum
2443 1623 2621 1678 super

513 1690 770 1760 Tynam3
808 1689 910 1744 ubi
947 1690 1209 1761 suscepit
1240 1690 1583 1761 homagium
1616 1688 1804 1761 Regis
1844 1688 2174 1745 Scotorum.

585 1774 674 1829 Eo
708 1781 987 1844 tempore,
1025 1773 1322 1830 Henricns
1358 1773 1431 1828 de
1466 1773 1799 1845 Hispannia
1831 1773 1897 1828 in
1929 1756 2162 1830 carcere
2187 1772 2371 1845 Regis
2397 1772 2618 1830 Siciliae
2641 1770 2834 1837 Eacape
2857 1773 2917 1823 of

516 1857 620 1914 ‹liu
667 1858 956 1923 detentus,
1006 1858 1258 1916 evadens
1293 1858 1674 1931 Hispannias,
1727 1858 1804 1914 ad
1845 1865 2119 1931 nepotem
2154 1875 2328 1916 suum
2355 1856 2618 1914 Sanctim
2643 1838 2822 1971 §5325
2844 1841 2905 1890 ⁰¹⁸

516 1943 745 2014 Regem
778 1942 959 1998 venit.
2479 2001 2492 2006 ,
2641 1965 2648 1974 ·
2803 1944 2816 1957 ”

586 2026 704 2080 Per
727 2025 884 2081 idem
921 2031 1173 2097 tempus,
1199 2031 1552 2082 mercatores
1575 2024 1831 2097 Anglioe,
1857 2025 2039 2081 variis
2075 2025 2138 2081 in
2173 2025 2324 2081 mari
2359 2024 2618 2083 lacessiti
2643 2013 2888 2092 Tmnssw·

516 2110 814 2182 periculis,
879 2127 1055 2182 super
1112 2110 1398 2166 mercium
1473 2126 1714 2166 suarum
1774 2110 2085 2166 amissione
2156 2108 2310 2181 Regi
2381 2109 2617 2181 Angliae
2642 2089 2777 2132 ”⁰⁰⁸
2799 2084 2883 2133 be-

517 2200 968 2265 conqueruntur.
1068 2193 1183 2263 Qui
1219 2193 1509 2250 Oomitem
1557 2193 1893 2259 Lincolnioe,
1944 2193 2272 2249 Henricum
2317 2193 2390 2248 de
2436 2194 2613 2264 Lacy,
2643 2150 2956 2267 ffffiffgg'

518 2277 594 2333 ad
617 2278 842 2349 Regem
865 2277 1130 2362 Francia?
1152 2279 1512 2344 transmisit;
1559 2277 1904 2350 suppliciter
1925 2285 2148 2350 petens,
2175 2284 2245 2334 nt
2279 2278 2353 2333 de
2377 2295 2620 2334 assensu
2643 2284 2853 2335 France.

518 2361 725 2432 ipsius,
754 2379 860 2433 per
883 2360 1080 2433 Reges
1104 2368 1166 2417 et
1187 2379 1391 2417 eorum
1416 2361 1696 2425 Consilia,
1724 2367 1927 2418 contra
1949 2360 2287 2434 hujusmodi
2325 2362 2622 2417 maritima

519 2445 825 2517 dispendia
866 2445 1273 2518 provideretur
1320 2464 1454 2502 cum
1485 2445 1784 2502 celeritate
1831 2446 1904 2502 de
1951 2447 2209 2502 remedio
2245 2446 2616 2518 competenti.

520 2529 769 2585 Interim
808 2548 967 2595 vei-0,
1006 2529 1148 2585 dum
1196 2530 1407 2587 Comes
1452 2547 1798 2602 responsum
1833 2536 2116 2602 expectat,
2156 2530 2362 2586 classis
2409 2530 2622 2586 ducen-

520 2619 715 2668 tarum
758 2613 999 2668 navium
1033 2614 1580 2680 Normannicarum,
1619 2619 1682 2670 et
1715 2613 1987 2686 amplius,
2027 2631 2158 2686 quoe
2193 2613 2517 2670 coadunata
2555 2617 2624 2669 ut

521 2696 747 2767 Anglos
784 2697 1105 2754 virtuosius
1141 2697 1461 2763 invaderet,
1501 2703 1562 2753 et
1594 2696 1617 2729 ²
1632 2698 1944 2754 invadente
1973 2699 2194 2755 —sortius
2232 2698 2620 2771 propulsaret,

521 2781 586 2836 in
606 2780 977 2837 wasconiam
998 2781 1259 2853 profecta
1279 2782 1489 2846 fuerat,
1517 2782 1799 2854 quicquid
1821 2781 1894 2837 de
1916 2787 2083 2854 parte
2107 2781 2353 2838 adversa
2388 2782 2626 2838 obvium

523 2863 729 2920 habuit
771 2864 986 2936 proedse
1034 2882 1103 2921 ao
1147 2864 1326 2920 morti
1361 2866 1534 2921 facile
1569 2865 1930 2922 destinando·
2029 2865 2188 2920 Dum
2234 2871 2443 2921 onusta
2487 2865 2626 2920 vino

523 2954 915 3005 reverteretur
951 2948 1321 3020 gloribunda,
1350 2949 1521 3020 quasi
1558 2950 1673 3005 sibi
1710 2950 1821 3005 soli
1855 2949 2037 3005 maris
2061 2949 2339 3006 cessisset
2359 2950 2622 3015 libertas,

525 3051 562 3089 a
590 3035 895 3105 sexaginta
930 3033 1180 3090 navibus
1203 3033 1550 3105 Anglicanis
1575 3034 1806 3106 capitur
1829 3034 1894 3088 in
1913 3039 2092 3106 portu
2119 3033 2324 3089 Sancti
2346 3032 2626 3090 Matthaei

524 3117 588 3172 in
632 3116 847 3173 Minori
884 3116 1209 3184 Britannia,
1248 3123 1310 3173 et
1344 3119 1407 3172 in
1439 3117 1721 3187 Angliam
1755 3116 2083 3182 adducitur,
2112 3118 2261 3173 feria
2295 3123 2459 3173 sexta
2492 3123 2627 3172 ante

526 3199 812 3271 Vigiliam
846 3200 1240 3267 Pentecostes,
1281 3201 1600 3256 submersis
1636 3207 1742 3256 aut
1774 3202 1942 3257 caesis
1976 3201 2310 3257 hominibus
2358 3201 2628 3256 omnibus

528 3284 629 3356 qui
678 3290 847 3340 erant
892 3284 957 3340 in
1001 3284 1267 3350 navibus,
1322 3284 1462 3340 solis
1510 3283 1633 3340 illis
1680 3285 1971 3357 ⁸exceptis
2022 3284 2126 3357 qui
2161 3285 2224 3339 in
2261 3285 2493 3357 scaphis
2528 3284 2630 3339 vix

528 3367 641 3424 sibi
679 3367 858 3425 saluti
895 3369 1128 3424 fuerant
1151 3367 1448 3440 fugiendo.
1522 3368 1545 3400 ⁴
1558 3366 1952 3424 Perdiderunt
1983 3385 2193 3440 nempe
2219 3361 2433 3424 Gallici
2459 3367 2627 3439 quin·

528 3451 717 3509 decim
738 3452 931 3508 millia
964 3452 1267 3507 hominum
1301 3452 1365 3507 in
1399 3452 1510 3507 hoc
1546 3451 1840 3508 conflictu.

572 3537 820 3593 ‘Rumor
856 3536 1016 3601 facti,
1055 3536 1302 3592 diffusus
1337 3553 1444 3608 per
1480 3535 1754 3601 Galliam,
1805 3536 2032 3606 Regem
2067 3534 2394 3592 Consilium
2430 3553 2628 3591 suum·

531 3638 660 3692 que,
699 3638 815 3676 non
848 3627 972 3675 tam
1006 3618 1388 3675 admiratione
1424 3637 1601 3690 quam
1646 3618 2047 3690 indignatione
2097 3617 2427 3676 vehementi
2475 3637 2629 3675 com-

530 3704 728 3760 movit.
819 3703 1178 3760 ordinantur
1222 3703 1409 3773 igitur
1459 3704 1925 3769 ambassiatores,
1980 3703 2083 3774 qui
2125 3720 2195 3758 ex
2242 3710 2409 3775 parte
2444 3704 2631 3775 Regis

530 3788 889 3843 Francorum
938 3805 976 3843 a
1022 3786 1188 3858 Rege
1234 3786 1473 3859 Angliae
1507 3793 1793 3859 peterent,
1850 3793 1920 3843 ut
1967 3788 2188 3859 absque
2237 3806 2402 3843 mora
2451 3805 2632 3844 naves

532 3890 665 3927 cum
699 3872 1012 3937 mercibus,
1049 3889 1158 3943 per
1192 3872 1457 3928 homines
1494 3890 1630 3930 suos
1666 3878 1882 3944 raptas,
1937 3879 1998 3927 et
2046 3872 2108 3926 in
2158 3888 2342 3942 regno
2392 3888 2498 3926 suo
2538 3888 2630 3926 re·

531 3961 746 4028 ceptas,
784 3958 1142 4020 restitueret,
1201 3956 1252 4011 si
1302 3955 1484 4012 vellet
1533 3974 1642 4012 sua
1687 3957 1925 4026 negotia
1969 3974 2076 4027 pro
2115 3961 2275 4012 terra
2307 3955 2632 4013 Wasconiae

532 4041 595 4095 in
632 4040 814 4096 Curia
848 4039 1032 4111 Regis
1068 4038 1335 4095 Franciae
1371 4039 1770 4096 favorabiliter
1805 4040 2085 4112 expediri.

605 4124 794 4196 Super
828 4124 1100 4182 mandato
1150 4123 1277 4179 Rex
1317 4123 1666 4189 deliberans,
1705 4124 1904 4180 habito
1955 4122 2236 4189 Consilio,
2288 4122 2628 4191 Ricardum,

532 4206 990 4264 Londoniensem
1022 4207 1399 4280 Episcopum,
1439 4208 1730 4280 adjunctis
1768 4208 1961 4264 eidem
2009 4205 2142 4264 aliis
2192 4206 2339 4264 viris
2378 4208 2630 4279 pruden-

536 4292 710 4359 tibus,
767 4292 843 4348 ad
894 4291 1122 4363 Regem
1168 4291 1532 4349 Francorum
1566 4299 1629 4349 et
1664 4311 1838 4349 suum
1883 4292 2209 4349 Consilium
2243 4309 2380 4348 cum
2427 4291 2632 4365 hujus·

536 4377 758 4434 cemodi
793 4376 1120 4433 transmisit
1141 4393 1455 4449 respons03
1493 4376 1790 4444 videlicet,
1817 4395 1954 4433 cum
1984 4376 2112 4432 Rex
2131 4373 2369 4447 Anglioe
2393 4376 2632 4433 Curiam

538 4479 702 4517 suam
736 4461 947 4517 habeat
993 4460 1144 4516 nulli
1192 4461 1532 4533 subjecm,
1585 4461 1637 4516 si
1688 4461 1791 4532 qui
1840 4479 1904 4517 se
1951 4457 2121 4516 laesos
2182 4460 2473 4517 senserint
2529 4475 2634 4532 per

600 4688 616 4721 ¹
636 4685 889 4753 adoptione
908 4686 965 4737 in
986 4685 1075 4738 the
1089 4686 1290 4754 printed
1310 4693 1457 4740 texts.
1682 4688 1702 4718 ⁸
1718 4685 1942 4740 Omitted
1961 4685 2017 4736 in
2039 4685 2127 4738 the
2147 4685 2351 4753 printed
2371 4693 2522 4740 texts.

608 4767 629 4798 ²
649 4766 917 4834 Col-rectly
940 4767 1237 4821 invadentes.
1684 4767 1702 4797 ⁴
1714 4766 2043 4818 Prodidaennt
2060 4766 2118 4818 in
2139 4768 2268 4834 orig·
