3300 5617
1074 800 1404 853 rus-rom
1430 801 1852 853 mancum.
2387 794 2472 859 33
2488 794 2526 857 5

55 996 193 1050 MS.
220 998 365 1051 Bibl.
428 991 466 1017 “
505 987 732 1045 Sanctae
789 986 1069 1044 Ecclesiae
1128 988 1410 1045 divinitus
1469 990 1834 1057 ordinatum;
1897 994 1959 1046 et
2016 993 2141 1047 esto
2189 1006 2413 1046 memor
2460 989 2534 1044 de
2558 990 2696 1042 ΑΒ.
2725 997 2864 1049 1377.

57 1065 213 1150 1{eg-
248 1072 310 1118 1³
428 1077 465 1102 ‘⁴
503 1077 518 1107 ¹
539 1070 707 1144 [quo]
734 1073 1051 1129 Psalmista
1083 1074 1471 1144 prophetavit,
1500 1075 1717 1141 dicens,
1744 1082 1766 1111 ²
1787 1078 1802 1103 ‘
1821 1075 2149 1147 Accingere
2192 1075 2390 1146 gladio
2431 1080 2536 1131 tuo

58 1131 131 1184 Ε·
158 1148 246 1187 ¹¹·
427 1161 465 1187 ‘⁶
507 1160 522 1184 ‘
550 1175 726 1229 super
750 1158 940 1212 femur
962 1164 1149 1222 tuum,
1177 1159 1578 1229 potentissime
1601 1182 1616 1226 ;
1638 1160 1651 1184 ’
1692 1166 1759 1215 ut
1792 1178 1898 1232 per
1935 1160 2185 1215 cundem
2208 1160 2330 1217 vim
2355 1160 2535 1230 aequi-

427 1246 465 1271 “
502 1243 641 1298 tatis
678 1259 964 1307 exerceas,
1004 1242 1218 1297 molem
1253 1243 1581 1314 iniquitatis
1629 1250 1897 1315 potenter
1936 1245 2225 1311 destruas,
2266 1249 2328 1301 et
2364 1244 2539 1300 Sanc-

428 1330 467 1355 “
504 1333 626 1382 tam
674 1327 785 1381 Dei
826 1326 1153 1382 Ecclesiam
1202 1326 1445 1397 ejusque
1506 1328 1708 1383 fideles
1761 1330 2179 1400 propugnando
2239 1336 2536 1401 protegas,

430 1415 467 1439 ‘⁴
506 1429 611 1466 nec
657 1411 852 1466 minus
891 1411 1000 1465 sub
1049 1410 1163 1465 fide
1224 1411 1403 1465 falsos
1458 1429 1635 1482 quam
1673 1411 1993 1468 Christiani
2040 1414 2295 1469 nominis
2342 1414 2540 1469 hostes

429 1500 467 1525 ‘⁴
505 1497 793 1551 execraris
817 1514 885 1551 ac
922 1494 1211 1559 destruas,
1238 1495 1448 1551 viduas
1486 1502 1547 1551 et
1580 1496 1836 1568 pupillos
1861 1497 2179 1553 clementer
2203 1498 2447 1569 adjuves
2472 1515 2540 1553 ac

430 1580 468 1608 “
504 1580 799 1646 defendas,
851 1579 1111 1635 desolata
1144 1585 1459 1645 restaures,
1498 1586 1827 1637 restaurata
1861 1599 2192 1650 conserves,
2230 1582 2538 1640 ulciscaris

429 1668 467 1694 “
503 1664 740 1736 injusta,
780 1664 1086 1721 confirmes
1124 1664 1305 1719 ’bene
1345 1665 1664 1735 disposita;
1706 1672 1992 1737 quatenus
2028 1668 2154 1724 haec
2191 1668 2254 1723 in
2290 1666 2535 1738 agendo,

429 1754 466 1778 “
503 1750 791 1806 virtutum
826 1749 1124 1820 triumpho
1176 1749 1469 1820 gloriosus
1514 1749 1768 1821 justitiae
1819 1750 2009 1807 cultor
2045 1753 2345 1824 egregiae,
2403 1769 2540 1807 cum

430 1838 465 1861 ‘⁶
502 1833 704 1888 mundi
744 1833 1064 1898 Salvatore,
1129 1834 1299 1904 cujus
1348 1839 1556 1905 typum
1605 1835 1766 1904 geris
1820 1835 1882 1889 in
1927 1837 2181 1903 nomine,
2241 1836 2368 1892 sine
2422 1836 2537 1890 fine

429 1922 466 1946 “
503 1918 782 1974 merearis
829 1917 1138 1989 regnare.”
1211 1918 1374 1973 Tunc
1421 1917 1538 1974 duo
1576 1918 1834 1974 Comites
1872 1937 2006 1975 eum
2044 1921 2243 1991 gladio
2279 1918 2539 1976 accinxe-
2562 1915 2805 1981 Delivery

423 2009 593 2070 runt3
650 2020 766 2074 quo
818 2003 989 2067 factm
1047 2003 1543 2075 Archiepiscopus
1595 2002 1858 2059 armillas
1911 2003 2075 2059 dedit
2123 2005 2199 2071 ei,
2239 2005 2538 2072 dicens,—
2561 1983 2624 2032 οἵ
2636 1983 2722 2033 the

428 2090 466 2115 “
501 2086 722 2159 Accipe
780 2086 1061 2153 armillas,
1126 2086 1478 2143 sinceritatis
1528 2092 1590 2142 et
1642 2087 1962 2157 sapientiae,
2026 2086 2372 2160 divinaequae
2428 2089 2539 2145 cir·
2561 2049 2831 2103 Bmceleoe'

300 2223 315 2235 ,
428 2174 468 2199 “
504 2171 909 2235 cumdationis,
972 2171 1276 2237 indicium,
1317 2172 1531 2242 quibus
1585 2171 1886 2242 intelligas
1938 2189 2137 2237 omnes
2173 2173 2537 2245 operationes

429 2258 468 2283 “
504 2261 636 2310 tuas
708 2261 910 2310 contra
978 2256 1195 2320 hostes,
1268 2256 1535 2311 visibiles
1608 2262 1672 2311 et
1739 2255 2089 2322 invisibiles,
2165 2275 2337 2329 posse
2408 2275 2538 2313 esse

429 2343 466 2367 ‘⁴
504 2338 819 2395 munitas.'’
892 2339 1105 2395 Postea
1156 2339 1349 2395 induit
1399 2356 1534 2395 eum
1570 2339 2063 2412 Archiepiscopus
2112 2343 2300 2413 regali
2336 2342 2535 2414 pallio,
2563 2342 2875 2393 Investment

425 2423 509 2479 ita
551 2423 890 2489 dicenS,—“
906 2422 1127 2495 Accipe
1164 2423 1416 2495 pallium
1466 2429 1719 2495 quatuor
1769 2425 2001 2481 nunciis
2052 2426 2388 2492 formatum,
2433 2443 2539 2496 per
2563 2408 2688 2503 agith
2711 2405 2797 2457 ὼε

430 2511 467 2535 “
507 2507 664 2578 quod
699 2507 998 2578 intelligas
1037 2514 1286 2579 quatuor
1332 2509 1536 2568 mundi
1586 2513 1784 2580 partes
1824 2508 2038 2564 divinae
2085 2511 2361 2581 potestati
2411 2527 2538 2565 esse
2563 2476 2690 2527 1³¹¹·

431 2595 468 2619 “
508 2591 819 2663 subjectas,
873 2609 983 2647 nec
1033 2609 1364 2663 quenquam
1419 2610 1590 2663 posse
1643 2592 1898 2648 feliciter
1943 2610 2193 2663 regnare
2241 2594 2305 2649 in
2340 2593 2536 2658 terris,

430 2678 469 2703 “
506 2676 621 2730 nisi
659 2676 755 2731 cui
792 2681 1051 2747 potestas
1088 2675 1371 2746 regnandi
1409 2676 1591 2731 fuerit
1626 2677 1840 2732 collata
1874 2676 1947 2731 de
1984 2676 2214 2742 coelis,”

497 2760 763 2824 Interim,
803 2761 944 2815 dum
979 2760 1473 2833 Archiepiscopus
1498 2760 1796 2817 benedixit
1830 2778 2101 2816 coronam
2137 2762 2383 2833 regiam,
2424 2761 2538 2817 duo
2564 2762 2678 2813 The
2752 2829 2764 2842 ·

428 2843 685 2900 Comites
710 2841 730 2873 ⁴
748 2841 935 2915 [eum]
977 2845 1456 2910 calcariaverunt,
1498 2845 1573 2900 ad
1610 2862 1861 2916 quorum
1898 2845 2152 2900 officium
2187 2846 2534 2917 pertinebat.
2565 2831 2854 2895 Crowmng.

426 2928 745 2984 Benedicta
794 2946 1022 2993 corona,
1067 2928 1559 3000 Archiepiscopus
1598 2929 1881 3000 imposuit
1918 2947 2097 3001 super
2135 2937 2311 3001 caput
2346 2929 2367 2961 ⁶
2386 2930 2534 3001 ejus,

427 3012 624 3068 dicens
644 3015 778 3080 ;—“
799 3012 1054 3068 Coronet
1076 3019 1134 3069 te
1160 3013 1322 3069 Deus
1347 3031 1560 3069 corona
1588 3013 1795 3085 gloriae
1821 3019 1997 3085 atque
2021 3014 2291 3086 justitiae,
2318 3015 2537 3069 honore

431 3101 469 3125 “
508 3103 570 3153 et
592 3114 765 3170 opere
790 3097 1172 3163 fortitudinis,
1200 3104 1269 3153 ut
1290 3116 1399 3169 per
1421 3098 1678 3153 officinm
1701 3104 1917 3153 nostroe
1940 3097 2384 3162 benedictionis,
2402 3116 2537 3153 cum

432 3185 470 3210 “
508 3182 621 3237 fide
657 3188 818 3238 recta
852 3188 914 3237 et
947 3182 1263 3255 multiplici
1295 3183 1581 3237 bonorum
1619 3200 1863 3254 operum
1893 3183 2109 3247 fructu,
2150 3182 2226 3237 ad
2267 3199 2538 3237 coronam

432 3269 470 3293 ‘⁸
506 3266 812 3336 pervenias
855 3266 1026 3337 regni
1078 3265 1410 3338 perpetui.”
1501 3266 1667 3332 Tunc
1715 3265 1879 3321 dedit
1932 3266 1987 3320 ei
2041 3266 2538 3337 Archiepiscopus
2564 3277 2874 3327 Investment

429 3351 725 3415 annulum,
754 3368 887 3405 cum
910 3350 1027 3406 hiis
1053 3350 1248 3406 verbis
1266 3353 1401 3414 ;—“
1420 3349 1639 3421 Accipe
1676 3351 1956 3405 annulum
1990 3350 2173 3423 regiae
2210 3349 2535 3421 dignitatis,
2564 3343 2686 3423 with
2709 3344 2794 3394 the

433 3437 471 3462 “
510 3440 570 3489 et
591 3452 696 3506 per
730 3434 905 3499 hunc,
950 3434 1089 3490 vitae
1130 3434 1447 3490 Catholicae
1484 3434 1621 3489 fidei
1658 3434 2048 3505 signaculum,
2091 3434 2230 3506 quia
2263 3441 2333 3490 ut
2366 3434 2539 3490 hodie
2563 3412 2716 3476 ng.

433 3522 470 3546 “
509 3518 796 3575 ordinaris
832 3524 1009 3591 caput
1044 3524 1105 3574 et
1137 3520 1407 3590 princeps
1444 3519 1615 3589 regni
1651 3537 1720 3574 ac
1755 3518 1976 3590 populi,
2015 3519 2102 3574 ita
2135 3519 2539 3591 perseverabis

433 3606 470 3631 “
510 3610 710 3659 auctor
734 3610 795 3658 et
817 3604 1109 3659 stabilitor
1134 3603 1592 3661 Christianitatis
1617 3608 1679 3658 et
1715 3603 2064 3658 Christianae
2101 3603 2256 3667 fidei,
2296 3610 2366 3658 ut
2398 3603 2540 3659 felix

433 3690 469 3714 “
508 3687 571 3742 in
596 3705 788 3759 opere,
816 3687 1078 3760 locuples
1095 3678 1159 3743 in
1183 3688 1316 3753 fide,
1345 3704 1479 3742 cum
1515 3687 1682 3757 Rege
1707 3686 1945 3758 Regum
1981 3686 2316 3757 glorieris.”

501 3772 714 3827 Statim
761 3778 896 3845 post
939 3774 1084 3838 haec,
1135 3772 1384 3828 accessit
1419 3771 1706 3827 Dominus
1759 3771 1832 3825 de
1868 3771 2181 3836 Fur-nevel,
2233 3789 2305 3826 ex
2350 3771 2537 3827 officio
2561 3790 2871 3841 Investment

430 3855 674 3913 offerens
698 3857 755 3912 ei
778 3858 1020 3912 rubeam
1055 3856 1466 3920 chirothecam,
1496 3873 1673 3926 quam
1695 3855 2187 3927 Archiepiscopus
2221 3854 2532 3920 benedixit,
2560 3858 2682 3907 with
2707 3858 2791 3908 the

432 3946 491 3995 et
524 3941 807 4012 imposuit
829 3940 1062 3995 ⁶manui
1096 3941 1299 4012 regiae,
1342 3938 1485 3994 dans
1510 3939 1566 3993 ei
1593 3944 1891 4011 sceptrum
1928 3939 2045 3995 hiis
2069 3938 2286 4004 verbis,
2312 3938 2531 4003 dicens,
2560 3924 2780 3988 Sceptre.

430 4024 800 4096 —“⁴Accipe
838 4031 1153 4096 sceptrum,
1204 4025 1386 4097 regiae
1410 4023 1716 4095 potestatis
1753 4023 2004 4093 insigne,
2043 4023 2275 4092 virgam
2312 4022 2539 4079 scilicet

434 4111 473 4137 “
510 4111 680 4179 regni
739 4115 980 4174 rectam,
1042 4109 1276 4180 virgam
1321 4108 1580 4173 virtutis,
1645 4126 1764 4179 qua
1820 4108 2078 4177 teipsum
2131 4106 2276 4162 bene
2323 4125 2533 4178 regas;

434 4195 473 4221 ‘⁸
514 4193 788 4249 Sanctam
811 4192 1154 4259 Ecclesiam,
1182 4193 1462 4264 populum
1476 4191 1764 4264 ¹videlicet
1786 4190 2185 4247 Christianum
2206 4191 2317 4247 tibi
2352 4209 2388 4247 a
2413 4191 2539 4247 Deo

506 4497 520 4529 ⁸
545 4492 788 4560 Supplied
810 4492 939 4544 from
972 4491 1109 4542 Bibl.
1131 4491 1261 4557 Reg.
1290 4497 1350 4541 13
1374 4490 1437 4543 E.
1591 4491 1610 4522 ⁴
1635 4489 1880 4556 Supplied
1919 4489 2051 4540 stom
2072 4489 2209 4541 Bibl.
2232 4489 2360 4556 Reg.
2389 4495 2449 4541 13
2472 4490 2534 4542 Ε.

438 4574 512 4625 ix.
535 4596 550 4635 3
584 4570 923 4624 dePsalmista
940 4572 1028 4636 qui
1038 4564 1366 4637 prophetavit,
1382 4569 1439 4620 in
1523 4569 1601 4621 ix.
1657 4570 1880 4620 Omitted
1900 4569 1957 4618 in
1979 4570 2068 4621 the
2096 4568 2296 4633 printed
2317 4576 2468 4621 texts.

439 4655 526 4705 the
549 4654 749 4719 printed
772 4660 921 4703 texts.
1592 4652 1612 4680 ⁵
1634 4650 1742 4716 ejus
1757 4649 1965 4699 omitted
1987 4650 2043 4699 in
2058 4649 2144 4701 the
2164 4650 2364 4714 printed
2385 4656 2533 4701 texts.

505 4736 526 4765 ²
548 4732 719 4783 Psalm
740 4733 847 4783 xlv.
872 4738 920 4784 3.
1592 4730 1613 4759 ⁸
1633 4744 1781 4779 manu
1802 4728 1858 4778 in
1882 4728 2011 4796 orig.

506 4815 526 4843 ⁸
540 4812 658 4865 bone
677 4813 735 4865 in
755 4812 904 4880 orig„
918 4812 990 4879 by
1002 4812 1373 4865 inadvertence.
