3300 5617
1041 815 1369 866 HISTORIA
1413 809 1827 864 ANGLIOANA.
2349 798 2479 860 433

90 997 159 1049 [S.
184 997 331 1049 Bibl.
387 989 697 1062 primimus
732 989 808 1045 ad
842 990 1166 1057 cautelam3
1218 1006 1468 1062 quorum
1501 988 1836 1045 interventu
1870 984 2067 1042 fulciri
2103 984 2390 1057 sperabat,
2430 984 2482 1039 si
2506 997 2642 1048 AD,
2672 1002 2815 1049 138⁰.

91 1080 176 1142 eg·
209 1071 272 1114 13
388 1076 539 1130 forte
576 1074 890 1146 quicquam
926 1075 1160 1130 adversi
1195 1092 1477 1146 passurus
1524 1080 1699 1129 esset.
1774 1068 2198 1142 Hujuscemodi
2234 1069 2484 1125 occasio-

95 1170 107 1180 ·
129 1147 215 1199 3¹·
389 1159 564 1215 nibus
622 1160 931 1224 animatus,
992 1158 1328 1230 ingreditur
1378 1159 1573 1214 10011111
1630 1174 1865 1230 pugnas,
1929 1162 1990 1211 et
2042 1154 2347 1226 praemisso
2410 1152 2483 1206 ab

391 1243 724 1300 adversario
779 1261 902 1308 suo,
944 1242 1153 1309 milite,
1207 1243 1561 1315 juramento,
1611 1247 1789 1313 prout
1836 1241 2018 1296 moris
2066 1245 2174 1303 est,
2237 1245 2298 1294 et
2355 1236 2482 1308 ipse
2509 1235 2645 1287 Oath
2671 1235 2818 1285 made

389 1327 549 1382 idem
589 1327 815 1397 juravit
860 1327 1155 1393 audacter,
1204 1327 1500 1392 videlicet,
1541 1325 1697 1398 quod
1743 1343 1938 1388 causa,
1988 1324 2051 1379 in
2098 1341 2216 1394 qua
2260 1340 2483 1393 pugna-
2505 1304 2575 1367 by
2596 1301 2719 1417 δεῖξ’

390 1417 562 1468 1111118
593 1418 739 1478 0181,
788 1430 930 1467 vera
974 1413 1108 1477 fuit,
1159 1417 1221 1467 et
1267 1412 1424 1482 quod
1461 1429 1578 1467 non
1623 1416 1752 1465 erat
1796 1410 2062 1466 conscius
2108 1408 2290 1464 ullius
2338 1408 2483 1463 artis
2506 1384 2657 1486 ἓξὲξ,
2656 1383 2686 1417 a

391 1496 654 1567 magicae,
707 1514 813 1568 per
864 1514 1040 1568 quam
1089 1496 1162 1551 de
1200 1496 1535 1551 adversario
1567 1500 1769 1566 posset
1803 1498 2101 1566 reportare
2140 1494 2480 1549 victoriam·
2466 1534 2482 1559 ,

391 1598 500 1636 neo
534 1581 806 1652 gestabat
841 1598 1017 1652 super
1068 1598 1131 1636 se
1182 1580 1444 1644 herbam,
1486 1584 1589 1635 aut
1623 1579 1899 1650 lapidem,
1951 1596 2060 1633 nec
2108 1577 2489 1650 experimenti

392 1681 598 1744 genus,
638 1665 851 1735 quibus
888 1665 1078 1720 solent
1110 1664 1360 1719 malefici
1397 1663 1470 1719 de
1505 1663 1773 1719 hostibus
1808 1663 2189 1735 triumphare.

464 1738 688 1816 Quibus
723 1748 962 1820 paratis,
1002 1753 1065 1803 01
1097 1747 1171 1803 ab
1205 1753 1456 1817 utroque
1491 1747 1700 1803 devote
1747 1747 2006 1802 oratione
2043 1747 2192 1812 fusa,
2232 1763 2491 1818 pugnam
2515 1736 2826 1788 Pafficulafss

391 1832 629 1899 ineunt;
680 1832 874 1904 primo
918 1833 1159 1897 lanceis,
1201 1831 1411 1886 deinde
1447 1831 1682 1902 gladiis,
1721 1836 2016 1902 postremo
2050 1831 2325 1896 cultellis,
2365 1847 2493 1885 rem
2516 1804 2579 1854 οἳ
2517 1804 2733 1921 muffet

391 1922 652 1988 agentes.
726 1917 1065 1988 Pugnatum
1099 1921 1192 1971 est
1226 1933 1370 1987 ergo
1394 1914 1641 1981 diutius,
1670 1916 1852 1970 donec
1876 1916 2072 1970 omnia
2105 1917 2495 1971 instrumenta

390 2000 605 2057 bellica
625 2001 919 2072 armigero
943 2000 1352 2071 subripuisset.
1395 1998 1656 2054 Tandem
1679 1999 1939 2071 armiger
1961 2018 1997 2054 a
2018 1999 2208 2055 milite
2231 2000 2493 2054 virtuose

392 2085 800 2157 prosternitur,
851 2091 913 2140 et
945 2084 1117 2140 miles
1153 2102 1216 2140 se
1252 2088 1527 2156 preparat
1560 2083 1636 2139 ad
1670 2083 2015 2138 irruendum
2068 2084 2131 2138 in
2180 2102 2350 2151 eum;
2391 2084 2495 2140 sed

392 2174 605 2234 tamen,
625 2168 837 2225 sudore
851 2169 1196 2224 decurrente
1218 2186 1325 2239 per
1348 2168 1637 2223 cassidem
1662 2167 1999 2239 aliqualiter
2013 2168 2151 2224 visu
2167 2167 2492 2233 hebetatus,

394 2253 535 2308 dum
576 2252 764 2309 credit
817 2253 1195 2349 semetipsum
1241 2252 1528 2325 projicere
1565 2270 1743 2323 super
1778 2270 1931 2317 eum,
1971 2270 2008 2306 a
2040 2252 2223 2306 latere
2259 2253 2496 2315 corruit,

394 2337 688 2409 armigero
761 2354 876 2392 808
950 2337 1439 2433 appropinquans.
1531 2334 1701 2404 Quod
1775 2336 2140 2408 persentiens
2215 2337 2494 2407 armiger,

397 2439 731 2493 quanquam
781 2421 910 2493 jam
966 2438 1114 2492 pene
1174 2420 1457 2475 exanimis
1506 2420 1698 2475 factus
1757 2425 1915 2475 esset
1970 2438 2092 2492 prae
2154 2420 2370 2485 labore,
2435 2437 2499 2476 se

397 2505 684 2562 convertit
713 2504 789 2560 ad
819 2501 1237 2575 181111018,“[01,
1273 2503 1492 2575 injecta
1512 2521 1691 2559 manu
1728 2521 1904 2576 super
1933 2520 2087 2570 eum,
2121 2506 2501 2577 semetipsum

400 2589 633 2661 erigens
684 2606 862 2660 super
910 2606 1121 2660 corpus
1174 2588 1403 2653 militis,
1461 2593 1650 2643 totum
1693 2587 1872 2659 jecit3
1927 2606 2043 2659 quo
2094 2590 2241 2655 viso,
2282 2590 2500 2645 diversi

399 2673 633 2728 diversa
677 2672 1083 2744 loquebantur.
1159 2670 1410 2741 Quidam
1463 2671 1803 2726 asserabant
1853 2672 1981 2743 jam
2028 2672 2305 2745 militem]
2354 2675 2500 2729 infe·

397 2757 615 2813 riorem
663 2757 930 2822 existere,
984 2761 1046 2811 et
1103 2756 1235 2811 ideo
1295 2756 1639 2826 quantocius
1687 2755 2128 2812 devincendum.
2198 2757 2323 2813 Alii
2358 2777 2498 2814 vero

401 2842 672 2897 dicebant
722 2841 973 2897 militem
1022 2841 1087 2895 in
1136 2840 1401 2912 proximo
1455 2845 1878 2905 surrecturum,
1947 2847 2007 2896 et
2064 2842 2372 2897 victoriam
2431 2843 2503 2897 de

403 2926 697 2995 armigero
752 2923 1110 2979 habiturum.
1203 2922 1440 2979 Interea
1486 2923 1615 2978 Rex
1647 2940 1854 2996 pacem
1903 2925 2145 2980 clamari
2203 2927 2501 2998 proecepit,

406 3015 466 3064 01
515 3008 766 3063 1111111018
831 3007 1016 3063 levari
1073 3006 1146 3062 de
1204 3012 1382 3063 terra.
1483 3005 1639 3076 Quid
1694 3007 1926 3064 multa?
2018 3008 2338 3065 Mittuntur
2403 3011 2506 3080 qui

406 3092 767 3163 armigerum
789 3091 1060 3163 erigunt3
1106 3091 1210 3146 sed
1245 3108 1381 3146 cum
1415 3091 1823 3162 pervenissent
1856 3091 1932 3146 ad
1965 3092 2234 3158 militem,
2273 3094 2509 3165 rogavit

406 3194 540 3231 cum
592 3176 871 3231 instantia
904 3181 974 3230 ut
1008 3174 1294 3231 Dominus
1343 3174 1469 3230 Rex
1514 3175 1820 3246 permittat
1853 3193 1988 3231 eum
2021 3177 2193 3232 modo
2228 3184 2507 3249 praetacto

399 3260 615 3332 jacere,
659 3276 925 3316 asserens
962 3259 1076 3315 sibi
1115 3258 1263 3316 bene
1311 3276 1460 3324 esse,
1503 3265 1566 3314 et
1610 3259 1917 3314 victoriam
1951 3265 2402 3332 reportaturum,
2455 3262 2508 3317 si

406 3345 663 3416 armiger
695 3349 1011 3417 reponatur
1045 3342 1217 3399 modo
1254 3360 1369 3414 quo
1403 3343 1569 3416 prius
1598 3343 1790 3414 jacuit
1825 3358 2001 3415 super
2036 3362 2188 3401 eum.

477 3430 735 3485 Tandem
783 3446 919 3486 cum
963 3427 1134 3483 miles
1181 3445 1298 3483 non
1347 3432 1546 3498 posset
1602 3432 1742 3483 vota
1791 3445 1900 3483 sua
1951 3431 2230 3500 consequi
2281 3431 2347 3486 in
2397 3431 2508 3487 hac

406 3519 591 3585 parte,
629 3513 900 3585 permisit
935 3529 998 3568 se
1032 3511 1218 3567 levari
1254 3512 1327 3567 de
1362 3517 1538 3567 terra.
1615 3510 1730 3581 Qui
1766 3530 1900 3568 mox
1933 3521 2245 3585 postquam
2279 3515 2507 3571 levatus

410 3603 518 3663 est,
560 3599 686 3653 81110
724 3596 1066 3653 fulcimento
1102 3595 1450 3667 cujusquam
1485 3596 1746 3667 perrexit
1793 3597 1868 3651 ad
1918 3596 2145 3669 Regem
2198 3599 2502 3656 alacriter:

409 3700 545 3737 01118
569 3682 846 3753 armiger,
872 3685 1184 3753 postquam
1206 3679 1436 3735 levatus
1465 3679 1695 3745 fuisset,
1725 3679 1852 3735 sine
1877 3687 2335 3739 sustentamento
2371 3684 2509 3739 duo·

409 3783 543 3820 rum
577 3766 899 3829 hominum,
934 3781 1043 3819 nec
1080 3768 1256 3833 stare,
1291 3779 1400 3819 nec
1423 3780 1720 3834 quoquam
1753 3765 2052 3835 progredi,
2091 3768 2409 3837 potuisset3
2450 3774 2510 3822 et

409 3849 627 3906 idcirco
651 3849 950 3921 depositus
970 3848 1035 3902 in
1059 3845 1351 3911 cathedra,
1379 3864 1443 3902 se
1466 3847 1630 3902 dedit
1664 3848 1869 3918 quieti.
1943 3849 2119 3905 Miles
2144 3851 2347 3922 igitur,
2374 3868 2511 3907 cum

409 3940 542 3990 ante
579 3933 806 4005 Regem
838 3932 1114 3997 venisset,
1151 3931 1386 4002 rogavit
1430 3948 1566 3986 eum
1619 3938 1681 3987 et
1726 3950 2016 4004 proceres,
2069 3941 2138 3990 ut
2186 3936 2299 3990 sibi
2346 3936 2512 3990 illam

409 4017 791 4073 concederent
814 4016 1084 4087 gratiam,
1109 4020 1181 4071 ut
1213 4016 1429 4071 iterum
1452 4015 1668 4072 1111000
1703 4034 1819 4088 quo
1841 4018 2027 4090 prius,
2053 4026 2253 4090 posset
2285 4021 2506 4091 reponi,

410 4108 471 4158 et
505 4101 765 4172 armiger
801 4117 979 4171 super
1014 4117 1186 4166 eum;
1223 4106 1595 4171 persenserat
1629 4100 1787 4155 enim
1810 4102 2171 4173 armigerum
2200 4103 2326 4174 jam
2360 4122 2509 4176 pene

408 4186 684 4241 ultimum
724 4185 930 4241 flatum
970 4183 1344 4248 emissurum,
1374 4201 1498 4255 prae
1525 4184 1829 4240 nimietate
1864 4188 1886 4218 ²
1905 4182 1993 4256 [et
2026 4184 2269 4258 laboris]
2315 4194 2375 4244 et
2415 4206 2508 4243 ea·

409 4270 573 4335 loris,
623 4274 684 4323 et
718 4285 1014 4325 armorum
1052 4267 1501 4339 ponderositate,
1541 4285 1674 4339 quae
1711 4268 1825 4323 sibi
1859 4269 2070 4325 vitales
2106 4270 2228 4325 fere
2265 4272 2509 4343 spiritus

477 4487 490 4515 ¹
519 4482 742 4537 Omitted
799 4483 854 4533 in
908 4479 1036 4542 orig.
1080 4478 1182 4528 and
1223 4477 1280 4526 in
1328 4477 1413 4527 the
1513 4485 1562 4528 et
1580 4477 1698 4539 ideo,
1721 4486 1808 4528 etc.

412 4566 608 4632 printed
638 4569 774 4614 texts
798 4582 811 4614 ε
848 4558 1077 4625 supplied
1108 4557 1238 4607 stom
1275 4556 1410 4608 Bibl.
1579 4559 1600 4588 ²
1622 4558 1863 4623 supplied
1894 4560 2022 4609 from
2053 4560 2187 4611 Bibl.
2212 4560 2337 4628 Reg.
2366 4567 2427 4612 13
2448 4562 2510 4614 E.

411 4647 540 4711 Reg.
567 4649 627 4693 13
650 4642 713 4694 E.
736 4642 810 4694 ix.
867 4641 931 4690 In
953 4638 1038 4689 the
1061 4637 1258 4702 printed
1277 4642 1413 4687 texts
1513 4637 1609 4689 ix.:
1635 4637 1845 4688 omitted
1867 4638 1921 4688 in
1944 4640 2030 4689 the
2050 4639 2246 4704 printed
2268 4647 2417 4692 texts.

412 4725 500 4776 the
518 4722 733 4788 reading
744 4721 806 4783 is,
821 4720 1098 4785 inferiorem
1115 4718 1410 4777 existentem,

2115 4816 2246 4864 1310:
