3300 5617
485 958 626 1013 A.D.
663 965 807 1013 1322.

498 1558 609 1608 The
630 1558 774 1625 King

498 1692 702 1757 against

496 1757 649 1809 them.

499 1896 612 1947 The
633 1896 757 1947 Earl

497 1964 560 2014 of
571 1963 794 2015 Iaancas-

494 2037 573 2080 ter
592 2031 736 2081 takes

496 2103 550 2147 to
572 2097 733 2162 ssight.

492 3146 575 3196 He
596 3146 642 3196 is

496 3213 724 3263 defeated

495 3279 597 3328 and
617 3294 737 3343 cap·

492 3346 655 3396 tux-ed.

826 769 956 834 164
1484 779 1745 831 monui·
1789 776 2260 829 wALsmoHAM

829 970 988 1031 runt,
1026 963 1249 1035 rapinis
1282 961 1656 1033 indulgentes
1692 961 1911 1031 ubique
1946 961 2022 1018 ad
2054 975 2337 1031 magnum
2369 957 2579 1031 patrias
2610 970 2924 1013 nocumen·
2945 956 3190 1077 Trokssgl-Re,

832 1053 979 1103 tum.
1055 1046 1212 1115 Quos
1231 1063 1265 1100 e
1282 1046 1538 1117 vestigio
1560 1045 1690 1100 Rex
1714 1046 2043 1118 insequens,
2063 1043 2289 1116 reperit
2307 1043 2581 1099 collectos
2605 1046 2668 1096 et
2689 1045 2922 1113 paratos
2944 1040 3012 1089 1³1³

829 1131 904 1186 ad
938 1131 1337 1187 resistentiam
1368 1128 1720 1185 faciendum.
1793 1129 2351 1201 Impediveruntque
2387 1126 2613 1202 Regem
2661 1142 2769 1197 per
2803 1129 2923 1179 tres

826 1297 1078 1354 transire
1141 1302 1357 1370 posset,
1435 1296 1644 1353 occisis
1715 1295 2066 1367 quibusdam
2125 1295 2197 1350 de
2257 1293 2442 1366 Regis
2468 1357 2478 1375 .
2502 1292 2765 1348 exercitu
2824 1292 2925 1364 qui

827 1389 1064 1454 pontem
1096 1380 1350 1436 transire
1386 1379 1707 1437 animosius
1743 1380 2119 1446 institerunt3
2171 1377 2329 1435 unde
2379 1377 2506 1432 Rex
2540 1382 2786 1432 coactus
2838 1381 2928 1430 est

827 1466 1143 1521 transitum
1178 1463 1413 1519 aliunde
1449 1481 1716 1535 quaerere
1751 1463 1910 1519 ultra
1943 1463 2239 1519 Trentam.
2296 1461 2661 1517 Pei-transito
2695 1460 2927 1515 Trentae

827 1548 1029 1615 fluvio,
1089 1548 1218 1604 Rex
1250 1548 1546 1604 hostiliter
1604 1548 1896 1620 equitavit
1955 1565 2163 1603 versus
2224 1545 2483 1602 Comites
2536 1543 2925 1617 supradictos.

828 1631 1081 1689 Thomas
1115 1648 1258 1687 vero
1294 1630 1527 1697 Comes,
1565 1631 1774 1687 videns
1801 1630 1931 1703 jam
1981 1648 2078 1687 res
2129 1630 2230 1703 agi
2264 1647 2374 1702 pro
2422 1628 2734 1701 capitibus,
2794 1644 2927 1683 cum

829 1715 954 1772 suis
990 1714 1584 1785 commanipularibus
1621 1715 1767 1770 exiit
1799 1713 2003 1769 villam
2037 1714 2112 1770 de
2160 1712 2438 1778 Burtone,
2493 1719 2555 1768 et
2607 1711 2928 1767 exercitum

829 1798 895 1855 in
927 1816 1132 1871 campo
1168 1798 1375 1854 statuit
1409 1803 1612 1853 contra
1644 1797 1892 1869 Regem,
1929 1803 2240 1870 expectans
2275 1797 2463 1868 Regis
2498 1796 2818 1852 adventum
2868 1795 2929 1848 in

830 1882 1035 1938 eodem
1070 1898 1292 1954 camp0.
1371 1880 1489 1937 Sed
1523 1899 1660 1937 cum
1683 1882 1931 1937 vidisset
1951 1881 2137 1953 Regis
2174 1882 2513 1946 exercitum,
2541 1887 2664 1936 tam
2686 1894 2929 1935 numero

831 1985 1009 2038 quam
1066 1966 1327 2038 potentia
1372 1964 1559 2021 multo
1610 1965 1734 2021 suis
1787 1966 2268 2038 praestantiorem,
2325 1965 2605 2021 confusus
2654 1963 2816 2035 fugit
2870 1961 2930 2016 in

830 2050 1083 2107 dedecus
1119 2049 1558 2121 sempiternum.
1633 2049 1709 2104 In
1743 2049 2024 2120 fugiendo
2044 2067 2205 2116 vero,
2232 2049 2495 2105 diversas
2530 2047 2674 2104 fecit
2708 2047 2929 2118 deprae·

832 2134 1094 2190 dationes
1171 2134 1468 2189 Baronum
1527 2132 1840 2198 exercitus,
1902 2133 2045 2189 dum
2093 2134 2156 2188 vi
2203 2150 2321 2188 non
2372 2138 2602 2189 tantum
2648 2130 2929 2187 victualia

830 2235 938 2289 per
970 2219 1130 2274 viam
1161 2217 1416 2288 rapiunt,
1456 2216 1561 2273 sed
1613 2217 1793 2272 etiam
1843 2217 2196 2273 substantias
2246 2216 2537 2289 diripiunt
2582 2214 2924 2272 incolarum.

830 2302 958 2358 Nec
994 2301 1230 2373 segnior
1263 2300 1391 2355 Rex
1425 2300 1582 2372 ipsos
1619 2300 1914 2372 fugientes
1937 2300 2327 2373 persequitur,
2367 2301 2554 2357 dietas
2586 2299 2929 2356 continuans

830 2391 1006 2457 prout
1052 2384 1411 2457 possibilitas
1467 2385 1832 2457 suppetebat.
1929 2384 2182 2442 Thomas
2231 2401 2375 2440 vero
2432 2384 2506 2440 de
2565 2383 2923 2446 Lancastria,

830 2486 965 2524 cum
1000 2468 1326 2524 Baronibus
1351 2486 1421 2523 ex
1445 2468 1703 2524 exercitu
1724 2468 2026 2535 foederato,
2063 2468 2333 2540 pervenit
2352 2467 2427 2523 ad
2449 2467 2923 2538 Bourhgbrigge,

828 2552 930 2607 ubi
965 2560 1310 2624 repererunt
1342 2568 1618 2622 magnam
1651 2551 2048 2607 resistentiam
2099 2550 2118 2585 ¹
2142 2550 2216 2607 de
2264 2551 2610 2607 Borealibus
2661 2549 2924 2623 partibus
2947 2555 3049 2607 MS.
3066 2555 3167 2605 Bibl.

824 2641 1260 2707 congregatam.
1334 2634 1564 2707 Nempe
1618 2634 1694 2691 ad
1744 2635 1969 2691 dictum
2019 2634 2214 2691 locum
2268 2640 2658 2690 convenerant
2713 2631 2922 2688 Custos
2946 2623 3059 2687 Reg-
3082 2630 3125 2673 13

824 2720 1091 2785 Eboraci,
1131 2719 1417 2774 Dominus
1456 2717 1946 2789 Symon‘Warde,
1985 2725 2046 2775 et
2080 2719 2293 2775 Custos
2329 2718 2614 2783 Karleoli,
2641 2717 2925 2773 Dominus
2947 2689 3002 2739 E·
3023 2704 3082 2738 ἰ

824 2801 1092 2858 Andreas
1126 2803 1405 2867 Herkele,
1445 2820 1581 2858 cum
1617 2802 1926 2858 sufficienti
1961 2820 2138 2858 manu
2174 2802 2249 2858 ad
2283 2802 2666 2875 pugnandum
2700 2801 2927 2873 parati3

826 2887 931 2941 ubi
967 2905 1102 2943 cum
1157 2886 1446 2941 Dominus
1496 2886 1854 2942 Humfridus
1909 2886 1982 2942 de
2030 2887 2220 2953 Boura,
2279 2886 2489 2942 Comes
2541 2886 2928 2950 Herefordiae,

824 2976 1061 3041 pontem
1096 2971 1348 3026 transire
1395 2970 1699 3035 voluisset,
1739 2987 1776 3024 a
1812 2970 2062 3042 quodam
2101 2970 2210 3025 sub
2245 2976 2420 3042 ponte
2469 2971 2685 3027 latente
2734 2969 2936 3025 lancea

825 3055 1141 3111 transfixus
1177 3061 1288 3119 est,
1326 3060 1386 3111 et
1419 3060 1759 3127 peremptus
1795 3054 2034 3109 ibidem.
2073 3054 2325 3110 Thomas
2373 3072 2514 3110 vero
2567 3054 2640 3109 de
2687 3054 2934 3109 Laucas·

827 3138 961 3204 tria,
999 3156 1118 3194 non
1150 3138 1352 3194 valens
1390 3137 1679 3193 sustinere
1713 3137 1940 3211 pondus
1975 3137 2172 3210 proelii
2206 3138 2270 3193 in
2307 3155 2442 3194 eum
2476 3139 2654 3204 versi,
2704 3156 2814 3194 nec
2861 3138 2933 3192 de

827 3220 956 3276 loco
980 3221 1206 3293 fugere,
1235 3226 1439 3292 captus
1465 3227 1557 3276 est
1577 3221 1651 3276 ab
1675 3221 1914 3277 Andrea
1946 3221 2020 3276 de
2055 3220 2335 3287 Herkele‚
2365 3221 2621 3278 Custode
2645 3221 2927 3286 Karleoli,

826 3305 1017 3360 milite
1051 3304 1360 3360 mediocris
1396 3305 1664 3361 fortunas.
1740 3304 1912 3377 Capti
1949 3312 2086 3380 sunt
2119 3305 2297 3361 etiam
2322 3306 2395 3361 ab
2418 3306 2623 3361 eodem
2647 3306 2929 3362 Dominus

828 3387 1098 3460 Rogerus
1122 3387 1195 3443 de
1221 3387 1515 3454 Clifforde,
1544 3387 1832 3444 Dominus
1858 3388 1898 3443 J
1899 3389 2150 3444 ohannes
2176 3388 2249 3444 de
2272 3389 2618 3462 Mounbray,
2646 3390 2929 3445 Dominus

826 3472 1103 3529 Warinus
1139 3471 1213 3526 de
1248 3471 1471 3537 1nsula‚
1512 3489 1647 3528 cum
1682 3472 1885 3528 multis
1911 3473 2064 3538 aliis,
2104 3479 2165 3528 et
2200 3472 2437 3529 adducti
2461 3473 2537 3529 ad
2561 3473 2751 3546 Regis
2786 3492 2929 3546 prae·

827 3555 1075 3612 sentiam
1109 3554 1186 3610 ad
1219 3554 1467 3611 Pontem
1488 3554 1800 3623 Fractum3
1839 3555 1943 3610 ubi
1979 3555 2123 3621 Rex,
2162 3574 2298 3612 cum
2345 3556 2571 3614 duobus
2621 3557 2933 3631 Dispensa-

826 3639 1072 3704 toribus,
1110 3639 1367 3709 Hugone
1403 3639 1631 3695 seniore
1667 3646 1730 3695 et
1762 3639 2020 3711 Hugone
2049 3639 2304 3710 juniore,
2342 3641 2703 3698 morabatur.

493 3720 605 3772 The
621 3721 743 3774 Esrl
759 3724 807 3775 is
894 3723 978 3780 Et
1034 3740 1170 3779 cum
1228 3723 1480 3780 Thomas
1546 3722 1758 3780 Comes
1818 3722 2189 3780 introductus
2253 3724 2465 3781 fuisset
2514 3726 2578 3781 in
2623 3725 2848 3790 villam,
2897 3743 2931 3781 a

491 3790 801 3843 malmoed·
824 3813 947 3864 tota
1017 3812 1194 3879 gente
1272 3806 1503 3862 derisus
1571 3812 1682 3873 est,
1749 3814 1810 3863 et
1876 3807 2233 3864 acclamatus
2309 3812 2348 3836 “
2385 3808 2515 3864 Rex
2571 3810 2927 3874 Arthurus,”

822 3898 885 3949 et
930 3892 1192 3963 undique
1229 3891 1635 3947 subsannatus.
1734 3890 1902 3961 Quod
1958 3891 2360 3948 tantummodo
2411 3893 2575 3965 juste
2628 3893 2930 3950 dicebatur

824 3976 1111 4032 accidisse
1156 3975 1289 4040 sibi,
1340 3992 1411 4030 eo
1462 3974 1617 4046 quod
1675 3974 1804 4047 ipse
1862 3975 2094 4048 Regem
2149 3976 2281 4048 pari
2341 3976 2531 4032 forma
2588 3977 2926 4034 dehonesta-

495 4056 596 4107 His
618 4057 806 4111 former
823 4065 1008 4125 verat,
1095 4077 1230 4116 cum
1303 4058 1430 4114 Rex
1493 4075 1704 4131 parum
1778 4064 1910 4116 ante
1980 4078 2017 4114 a
2074 4060 2340 4129 partibus
2417 4061 2769 4118 Boreslibus
2841 4062 2925 4118 di-

492 4127 712 4176 conduct

494 4189 714 4241 towards

493 4258 580 4308 the
601 4258 765 4324 King.

823 4145 1116 4210 vertisset,
1144 4149 1207 4200 et
1226 4143 1490 4199 venisset
1521 4142 1597 4198 ad
1631 4141 1880 4199 Pontem
1916 4142 2215 4199 Fructum.
2288 4144 2445 4200 Nam
2474 4145 2750 4212 Thomas,
2788 4146 2927 4202 irre-

822 4234 1094 4285 verenter
1153 4226 1465 4300 egrediens
1526 4244 1664 4283 cum
1726 4227 1852 4283 suis
1913 4227 2269 4294 hominibus,
2331 4229 2478 4285 exiit
2538 4235 2800 4290 castrum
2857 4229 2929 4286 ad

893 4540 907 4570 ¹
933 4537 1098 4590 Dovn
1120 4545 1174 4589 to
1216 4536 1318 4588 this
1352 4536 1510 4603 point,
1545 4536 1631 4588 the
1664 4551 1834 4588 narra-
1921 4535 2219 4604 particulam
2262 4540 2433 4594 which
2477 4557 2563 4594 are
2604 4550 2698 4596 not
2754 4551 2809 4596 to
2865 4546 2928 4596 be

823 4619 930 4671 nive
966 4619 1295 4683 corresponds
1314 4616 1441 4667 with
1473 4616 1559 4667 the
1581 4617 1834 4684 language
1923 4619 2081 4669 found
2103 4620 2259 4682 there,
2281 4637 2378 4672 nor
2397 4622 2452 4671 in
2476 4622 2565 4674 the
2584 4639 2713 4692 very
2734 4625 2927 4677 similar

823 4701 885 4750 of
908 4698 994 4749 the
1014 4698 1228 4750 Record.
1308 4697 1357 4748 lt
1393 4712 1509 4748 nov
1529 4704 1695 4749 enters
1726 4698 1834 4748 into
1919 4707 2136 4751 account
2156 4699 2310 4767 given
2330 4703 2402 4767 by
2423 4701 2507 4753 De
2525 4703 2577 4754 la
2598 4703 2761 4755 Moor.

2946 1090 3055 1141 MS.
3071 1090 3164 1144 ΒΜ.

828 1215 956 1270 dics
1016 1215 1337 1278 continuos,
1413 1214 1723 1286 quominus
1785 1219 2022 1285 pontem
2082 1212 2254 1267 dictae
2311 1210 2471 1265 villae
2531 1209 2604 1264 de
2663 1209 2924 1263 Burtone
2946 1157 3131 1275 &fin
