3300 5617
729 751 818 820 96
1379 771 1637 822 'mom
1683 769 2151 822 wALsmonAM

866 1062 886 1102 ¹
913 1063 1174 1132 Littera
1220 1060 1757 1168 Commun-itatie
1797 1064 2081 1152 Anqlioe
2115 1064 2419 1132 Domino
2462 1064 2695 1153 Papus

392 1210 531 1264 AD·
560 1216 705 1264 ¹³01·
804 1218 1084 1275 “Sancta
1107 1217 1422 1274 Romana²
1427 1220 1562 1291 jure
1588 1219 1869 1284 Ecclesia,
1909 1238 2014 1292 per
2051 1220 2218 1291 cujus
2254 1221 2645 1276 ministerium
2681 1220 2826 1277 fides
2854 1232 3146 1302 Rishmger.

429 1306 704 1359 Iaetterad-
757 1301 1110 1359 ‘catholica
1162 1303 1223 1358 in
1276 1304 1399 1358 suis
1460 1304 1706 1368 actibus,
1771 1321 1905 1359 cum
1957 1321 2042 1367 ea,
2100 1310 2169 1359 ut
2227 1304 2473 1359 firmiter
2532 1304 2825 1360 credimus
2852 1299 2961 1351 MS.
2986 1302 3116 1356 Bibl.

394 1374 598 1424 dffld
619 1381 672 1425 “²
734 1390 770 1415 ‘⁸
810 1392 871 1441 et
905 1392 1185 1452 tenemus,
1225 1388 1559 1443 maturitate
1594 1387 1875 1459 procedit,
1906 1387 2061 1459 quod
2094 1387 2243 1441 nulli
2279 1387 2680 1459 praejudicare,
2721 1388 2827 1443 sed
2850 1366 2975 1483 ἓξὲ-
3002 1374 3061 1419 ¹³

392 1439 573 1624 ἓξὲξ
575 1441 771 1557 ‘’ssiu“
811 1470 1176 1541 singulorum
1222 1471 1362 1543 jura
1417 1471 1747 1526 conservari
1801 1470 1949 1526 velit
1996 1470 2198 1525 illaesa.
2313 1471 2463 1525 Sane
2514 1479 2826 1527 convocato
2932 1449 3004 1486 α’

592 1574 673 1639 910
734 1556 772 1582 “
809 1571 994 1626 nuper
1028 1572 1133 1626 per
1168 1555 1605 1610 serenissimum
1641 1554 1942 1609 dominum
1975 1561 2259 1618 nostrum,
2300 1553 2672 1618 Edwardum,
2712 1554 2824 1611 Dei

392 1572 613 1706 molgo-
734 1638 1003 1709 “gratia
1061 1638 1285 1710 Regem
1343 1638 1577 1710 Angliae
1637 1638 1947 1702 illustrem,
2025 1637 2416 1694 Parliamento
2477 1638 2631 1710 apud
2688 1637 2828 1695 Lin-

393 1705 539 1767 ¹⁸⁰⁶ss
554 1656 637 1757 8¹¹¹
733 1724 770 1750 ‘⁸
809 1721 1057 1777 colniam
1117 1722 1395 1793 generali,
1458 1723 1616 1777 idem
1676 1722 1943 1777 dominus
2002 1728 2197 1777 noster
2257 1722 2538 1793 quasdam
2598 1722 2825 1779 litteras

385 1772 770 1917 Εἱωὲῗέἓξχ
807 1805 1192 1877 Αρο61011666,
1229 1825 1373 1879 quas
1410 1824 1585 1879 super
1609 1807 1786 1862 certis
1820 1806 2074 1876 negotiis
2110 1806 2498 1861 conditionem
2521 1813 2581 1863 et
2604 1812 2822 1864 statum

391 1905 543 1957 „him
565 1891 975 1960 ω’16301
1000 1907 1071 1945 ex
1093 1897 1291 1947 vestra
1320 1897 1485 1964 parte
1525 1896 1844 1962 receperat,
1884 1891 1948 1945 in
1981 1890 2174 1946 medio
2211 1891 2471 1946 exhiberi
2508 1910 2575 1947 ac
2602 1892 2820 1947 seriose

392 1971 478 2023 the
491 1987 663 2024 crown
728 1976 766 2002 “
802 1974 970 2030 nobis
1005 1975 1147 2031 fecit
1182 1975 1405 2047 exponi.
1495 1973 1719 2043 Quibus
1756 1973 1972 2029 auditis
2009 1980 2070 2029 et
2104 1973 2445 2044 diligentius
2481 1974 2814 2041 intellectis,

388 2038 624 2158 {fug-⁰⁰²·
726 2060 763 2087 “
802 2065 924 2115 tam
944 2059 1208 2115 sensibus
1233 2058 1588 2123 admiranda,
1612 2077 1789 2130 quam
1803 2059 2082 2114 hactenus
2107 2057 2386 2123 inaudita,
2409 2060 2471 2114 in
2486 2060 2571 2114 eis
2590 2060 2815 2116 audivi·

724 2145 762 2172 ‘⁸
801 2160 934 2199 mus
963 2144 1263 2199 contineri.
1340 2142 1571 2199 Scimus
1608 2144 1782 2206 enim,
1823 2142 1999 2199 Pater
2036 2143 2418 2208 sanctissime,
2441 2149 2501 2199 et
2522 2145 2815 2199 notorium

722 2229 762 2255 ‘⁸
802 2233 896 2282 est
916 2227 979 2282 in
1001 2227 1264 2299 partibus
1300 2227 1533 2291 nostris,
1563 2245 1630 2282 ac
1666 2226 1960 2282 nonnullis
1985 2226 2117 2281 aliis
2140 2244 2258 2282 non
2283 2226 2569 2297 ignotum,
2599 2228 2757 2299 quod
2779 2246 2816 2284 a

722 2311 761 2337 “
798 2309 990 2382 prima
1020 2311 1383 2366 institutione
1436 2311 1605 2381 16301
1659 2309 1894 2386 Angliae
1929 2310 2125 2380 Reges
2163 2310 2424 2381 ejusdem
2460 2312 2649 2381 regni,
2691 2319 2813 2367 tam

717 2395 755 2422 “
793 2394 1153 2464 temporibus
1178 2394 1486 2449 Britonum
1523 2411 1701 2465 quam
1734 2393 2082 2464 Anglorum,
2126 2385 2394 2465 superius
2431 2402 2493 2450 et
2527 2395 2813 2451 directum

717 2478 755 2505 “
795 2475 1091 2531 dominum
1115 2477 1284 2548 regni
1311 2476 1521 2532 Scotiae
1544 2477 1877 2532 habuerunt
1900 2477 1962 2532 in
1995 2478 2378 2548 possessione,
2406 2478 2501 2533 vel
2526 2480 2815 2549 capitanei

715 2562 753 2589 ‘⁸
793 2560 1216 2632 superioritatis
1253 2565 1313 2615 et
1346 2561 1493 2616 recti
1530 2559 1773 2616 dominii
1802 2560 1988 2632 ipsius
2028 2560 2239 2616 Scotiae
2287 2562 2634 2616 successivis
2672 2568 2816 2616 tem-

714 2647 752 2673 “
791 2643 1028 2716 poribus
1076 2644 1426 2710 extiterunt;
1467 2662 1573 2700 nec
1623 2644 1764 2700 ullis
1819 2644 2177 2716 temporibus
2224 2645 2418 2715 ipsum
2465 2663 2717 2715 16301110
2753 2646 2813 2700 111

713 2731 750 2758 “
789 2728 1205 2800 temporalibus
1229 2729 1531 2801 pertinuit,
1559 2728 1657 2782 vel
1692 2728 1962 2799 pertinet,
1993 2729 2203 2799 quovis
2221 2727 2358 2799 jure
2382 2728 2457 2786 ad
2488 2728 2813 2784 Ecclesiam

710 2815 748 2840 ‘⁸
788 2812 1197 2885 supradictam.
1275 2811 1607 2881 Quinimmo
1632 2811 1788 2867 idem
1809 2828 2058 2881 regnum
2098 2811 2307 2867 Scotiae
2343 2812 2811 2882 progenitoribus

709 2898 748 2925 “
786 2895 928 2952 dicti
965 2896 1168 2968 Regis,
1206 2897 1422 2952 nostris
1460 2894 1725 2966 Regibus
1772 2894 2025 2966 Anglioe,
2067 2900 2242 2965 atque
2281 2894 2393 2949 sibi
2430 2894 2674 2960 feodale,
2715 2913 2810 2950 ex·

708 2983 746 3008 ‘⁶
787 2981 911 3037 titit
959 2980 1031 3036 ab
1082 2980 1338 3052 antiquo.
1439 2979 1568 3035 Neo
1624 2979 1804 3034 etiam
1846 2977 2042 3049 Reges
2092 2979 2399 3034 Scotorum
2452 2987 2512 3034 et
2563 2997 2811 3050 16301110

709 3067 748 3092 “
786 3064 919 3120 aliis
957 3082 1133 3136 quam
1168 3064 1435 3135 Regibus
1469 3062 1708 3133 Angliae
1746 3061 2113 3126 subsuerunt,
2159 3062 2254 3117 vel
2303 3062 2516 3133 subjici
2571 3080 2809 3118 consue·

706 3150 744 3176 ⁴‘
785 3155 1014 3212 verunt,
1068 3165 1258 3220 neque
1300 3146 1496 3218 Reges
1532 3146 1771 3217 Angliae
1828 3163 2003 3217 super
2048 3145 2286 3217 juribus
2339 3147 2462 3200 suis
2510 3147 2575 3200 in
2627 3163 2810 3217 regno

707 3235 744 3259 ‘⁴
783 3232 1079 3304 praedicto,
1134 3237 1238 3287 aut
1289 3231 1422 3286 aliis
1473 3231 1596 3285 suis
1650 3228 2070 3301 temporalibus
2121 3246 2317 3284 coram
2368 3228 2565 3300 aliquo
2607 3229 2807 3300 judice

705 3317 744 3344 ‘⁸
783 3315 1176 3371 ecclesiastico
1210 3313 1305 3370 vel
1343 3313 1628 3376 soeculari,
1677 3330 1749 3367 ex
1782 3312 2223 3384 praeeminentia
2275 3319 2461 3367 status
2498 3313 2589 3367 sui
2625 3314 2807 3384 regiae

705 3401 743 3427 ⁸‘
782 3398 1086 3469 dignitatis
1123 3403 1184 3453 et
1218 3397 1653 3454 consuetudinis
1689 3398 1915 3453 cunctis
1938 3395 2298 3468 temporibus
2322 3395 2807 3466 irrefragabiliter

704 3483 742 3509 ⁴⁴
781 3482 1119 3545 observatas,
1182 3481 1621 3553 responderunt,
1674 3486 1779 3536 aut
1826 3479 2176 3551 respondere
2235 3479 2539 3534 debebant.
2633 3479 2802 3535 Unde

704 3568 743 3595 “
782 3564 979 3620 habito
1029 3571 1281 3621 tractatu
1316 3573 1377 3620 et
1411 3563 1826 3618 deliberatione
1876 3562 2147 3633 diligenti
2186 3580 2361 3634 super
2410 3564 2696 3618 contentis
2742 3564 2803 3618 in

703 3651 742 3678 ‘⁸
777 3648 1027 3704 ⁸litteris
1077 3648 1288 3703 vestris
1338 3647 1694 3710 memoratis,
1735 3647 2077 3711 communis,
2118 3663 2375 3710 concors,
2417 3653 2479 3701 et
2512 3647 2802 3702 unanimis

702 3735 741 3762 ⁴⁸
780 3732 1038 3788 omnium
1087 3739 1351 3787 nostrum
1401 3736 1462 3785 et
1514 3730 1881 3800 singulorum
1931 3746 2246 3785 consensus
2284 3729 2415 3792 suit,
2462 3737 2522 3784 et
2557 3732 2672 3785 erit
2706 3732 2791 3784 in-

701 3819 739 3844 “
778 3832 1075 3878 0011611666,
1115 3814 1241 3869 Deo
1276 3813 1546 3885 propitio,
1601 3814 1663 3868 in
1718 3814 2023 3878 futurum3
2084 3812 2240 3883 quod
2288 3813 2567 3883 praefatus
2619 3813 2799 3869 domi

701 3903 740 3928 “
777 3917 889 3955 nus
938 3905 1134 3955 noster
1171 3895 1296 3952 Rex
1347 3913 1523 3968 super
1569 3896 1807 3969 juribus
1848 3897 2020 3967 regni
2076 3895 2307 3960 Scotiae,
2354 3902 2457 3952 aut
2491 3897 2626 3952 aliis
2677 3898 2799 3953 suis

700 3987 739 4012 “
776 3963 1212 4053 temporalibus,
1251 3979 1583 4035 nullatenus
1619 3980 1966 4070 respondeat
1993 3978 2356 4051 judicialiter
2385 3998 2580 4035 coram
2610 3981 2794 4048 vobis,

699 4069 737 4094 “
776 4084 881 4123 neo
910 4066 1202 4138 judicium
1240 4063 1447 4120 subeat
1482 4081 1713 4136 quoquo
1722 4064 1937 4128 modu,
1978 4071 2081 4118 aut
2108 4064 2248 4134 jura
2283 4082 2390 4119 sua
2422 4065 2701 4136 praedicta
2736 4066 2798 4121 in

699 4241 756 4250 ..ι-.-
791 4239 1280 4249 —---.—----—
1321 4238 2223 4245 ffi———ffi-—m

760 4375 774 4407 2
810 4375 939 4426 Also
994 4374 1147 4440 given
1191 4373 1247 4424 in
1301 4369 1692 4438 nemingburgh
1796 4370 2215 4436 Hemingburgh3
2258 4371 2380 4436 jure
2421 4369 2475 4420 in
2509 4369 2797 4435 Rishanger

691 4456 778 4518 (or
794 4454 1174 4518 Hemingford),
1207 4453 1278 4504 11.
1322 4468 1406 4517 pp.
1445 4454 1692 4510 209-213,
1792 4451 1895 4504 and
1917 4451 2028 4501 MS.
2054 4451 2187 4499 Bibl.
2212 4451 2338 4515 Reg.
2368 4455 2428 4500 1³
2468 4450 2529 4500 Ε.
2568 4450 2658 4510 ix„
2693 4451 2794 4500 and

694 4533 801 4595 (ed.
840 4531 1151 4593 Hamilton,)
1201 4533 1305 4583 and
1357 4530 1603 4582 Mauhev
1638 4529 1702 4578 os
1792 4529 1844 4579 in
1868 4530 1955 4579 the
1975 4529 2175 4593 printed
2197 4537 2345 4580 texts.

701 4611 1075 4672 westminster,
1098 4628 1147 4678 p.
1171 4612 1400 4674 448(6(1.
1427 4613 1600 4674 1601).
1856 4610 1876 4639 ⁸
1910 4609 2139 4659 Inserted
2183 4608 2237 4657 in
2282 4625 2313 4659 a
2358 4609 2485 4659 later
2519 4610 2673 4666 hand,
2706 4608 2791 4658 the

756 4692 778 4721 ²
809 4693 899 4742 An
959 4705 1098 4742 error
1153 4691 1233 4742 ibt
1297 4699 1462 4750 nater,
1516 4706 1573 4741 ss
1635 4690 1690 4739 in
1738 4715 1744 4752 :
1790 4687 2029 4740 von-dhis
2050 4688 2204 4754 being
2224 4688 2405 4739 elided.
