<?xml version="1.0" encoding="UTF-8"?>
<!DOCTYPE html PUBLIC "-//W3C//DTD XHTML 1.0 Transitional//EN"
    "http://www.w3.org/TR/xhtml1/DTD/xhtml1-transitional.dtd">
<html xmlns="http://www.w3.org/1999/xhtml" xml:lang="en" lang="en">
 <head>
  <title>
</title>
<meta http-equiv="Content-Type" content="text/html;charset=utf-8" />
  <meta name='ocr-system' content='tesseract 3.04.00' />
  <meta name='ocr-capabilities' content='ocr_page ocr_carea ocr_par ocr_line ocrx_word'/>
</head>
<body>
  <div class='ocr_page' id='page_1' title='image "./thomaewalsingha00unkngoog_0583.png"; bbox 0 0 3300 5617; ppageno 0'>
   <div class='ocr_carea' id='block_1_1' title="bbox 1097 815 2532 877">
    <p class='ocr_par' dir='ltr' id='par_1_1' title="bbox 1097 815 2532 877">
     <span class='ocr_line' id='line_1_1' title="bbox 1097 815 2532 877; baseline 0.002 -3"><span class='ocrx_word' id='word_1_1' title='bbox 1097 822 1426 874; x_wconf 76' lang='lat' dir='ltr'><strong>msromA</strong></span> <span class='ocrx_word' id='word_1_2' title='bbox 1467 822 1880 875; x_wconf 71' lang='lat' dir='ltr'>ANGLICANA.</span> <span class='ocrx_word' id='word_1_3' title='bbox 2415 815 2532 877; x_wconf 81' lang='grc'><strong>46]</strong></span> 
     </span>
    </p>
   </div>
   <div class='ocr_carea' id='block_1_2' title="bbox 298 997 2881 1071">
    <p class='ocr_par' dir='ltr' id='par_1_2' title="bbox 298 997 2881 1071">
     <span class='ocr_line' id='line_1_2' title="bbox 298 997 2881 1071; baseline 0.001 -20"><span class='ocrx_word' id='word_1_4' title='bbox 298 1016 314 1028; x_wconf 89' lang='grc'><em>·</em></span> <span class='ocrx_word' id='word_1_5' title='bbox 376 1054 387 1067; x_wconf 69' lang='lat'>‚</span> <span class='ocrx_word' id='word_1_6' title='bbox 460 1000 497 1025; x_wconf 90' lang='lat'><strong>“</strong></span> <span class='ocrx_word' id='word_1_7' title='bbox 537 997 662 1062; x_wconf 88' lang='lat' dir='ltr'><strong>filii,</strong></span> <span class='ocrx_word' id='word_1_8' title='bbox 704 997 847 1070; x_wconf 89' lang='lat' dir='ltr'><strong>quid</strong></span> <span class='ocrx_word' id='word_1_9' title='bbox 883 1004 991 1063; x_wconf 89' lang='lat' dir='ltr'><strong>est,</strong></span> <span class='ocrx_word' id='word_1_10' title='bbox 1032 999 1188 1070; x_wconf 89' lang='lat' dir='ltr'><strong>quod</strong></span> <span class='ocrx_word' id='word_1_11' title='bbox 1225 997 1547 1071; x_wconf 75' lang='lat' dir='ltr'>proponitis</span> <span class='ocrx_word' id='word_1_12' title='bbox 1596 997 1830 1056; x_wconf 76' lang='lat' dir='ltr'><strong>faeere?</strong></span> <span class='ocrx_word' id='word_1_13' title='bbox 1902 997 2069 1069; x_wconf 84' lang='lat' dir='ltr'><strong>Quod</strong></span> <span class='ocrx_word' id='word_1_14' title='bbox 2108 1002 2200 1053; x_wconf 89' lang='lat' dir='ltr'><strong>est</strong></span> <span class='ocrx_word' id='word_1_15' title='bbox 2241 1004 2547 1070; x_wconf 89' lang='lat' dir='ltr'><strong>peceatum</strong></span> <span class='ocrx_word' id='word_1_16' title='bbox 2570 1010 2881 1065; x_wconf 80' lang='lat' dir='ltr'>A.D.1381.</span> 
     </span>
    </p>
   </div>
   <div class='ocr_carea' id='block_1_3' title="bbox 437 1082 2869 3511">
    <p class='ocr_par' dir='ltr' id='par_1_3' title="bbox 456 1082 2843 1410">
     <span class='ocr_line' id='line_1_3' title="bbox 458 1082 2806 1156; baseline 0.003 -20"><span class='ocrx_word' id='word_1_17' title='bbox 458 1085 494 1109; x_wconf 77' lang='lat'><strong>‘⁶</strong></span> <span class='ocrx_word' id='word_1_18' title='bbox 533 1100 729 1137; x_wconf 89' lang='lat' dir='ltr'><strong>meum</strong></span> <span class='ocrx_word' id='word_1_19' title='bbox 778 1082 933 1154; x_wconf 91' lang='lat' dir='ltr'><strong>quod</strong></span> <span class='ocrx_word' id='word_1_20' title='bbox 969 1082 1032 1138; x_wconf 90' lang='lat' dir='ltr'><strong>in</strong></span> <span class='ocrx_word' id='word_1_21' title='bbox 1077 1101 1183 1139; x_wconf 84' lang='lat' dir='ltr'><strong>vos</strong></span> <span class='ocrx_word' id='word_1_22' title='bbox 1229 1083 1511 1149; x_wconf 87' lang='lat' dir='ltr'><strong>commisi,</strong></span> <span class='ocrx_word' id='word_1_23' title='bbox 1559 1089 1800 1156; x_wconf 89' lang='lat' dir='ltr'><strong>propter</strong></span> <span class='ocrx_word' id='word_1_24' title='bbox 1845 1083 2004 1155; x_wconf 90' lang='lat' dir='ltr'><strong>quod</strong></span> <span class='ocrx_word' id='word_1_25' title='bbox 2040 1101 2135 1138; x_wconf 89' lang='lat' dir='ltr'><strong>me</strong></span> <span class='ocrx_word' id='word_1_26' title='bbox 2182 1082 2364 1138; x_wconf 83' lang='lat' dir='ltr'><strong>vultis</strong></span> <span class='ocrx_word' id='word_1_27' title='bbox 2401 1082 2548 1137; x_wconf 88' lang='lat' dir='ltr'><strong>occi·</strong></span> <span class='ocrx_word' id='word_1_28' title='bbox 2573 1099 2806 1156; x_wconf 82' lang='lat' dir='ltr'><strong>expostu-</strong></span> 
     </span>
     <span class='ocr_line' id='line_1_4' title="bbox 458 1157 2842 1241; baseline 0 -20"><span class='ocrx_word' id='word_1_29' title='bbox 458 1170 495 1195; x_wconf 91' lang='lat'><strong>“</strong></span> <span class='ocrx_word' id='word_1_30' title='bbox 535 1165 715 1222; x_wconf 78' lang='lat' dir='ltr'><strong>dere?</strong></span> <span class='ocrx_word' id='word_1_31' title='bbox 788 1166 1128 1224; x_wconf 79' lang='lat' dir='ltr'><strong>Cavendum</strong></span> <span class='ocrx_word' id='word_1_32' title='bbox 1161 1167 1327 1223; x_wconf 78' lang='lat' dir='ltr'><strong>vobis</strong></span> <span class='ocrx_word' id='word_1_33' title='bbox 1366 1174 1474 1232; x_wconf 90' lang='lat' dir='ltr'><strong>est,</strong></span> <span class='ocrx_word' id='word_1_34' title='bbox 1524 1184 1618 1233; x_wconf 90' lang='lat' dir='ltr'><strong>ne,</strong></span> <span class='ocrx_word' id='word_1_35' title='bbox 1658 1185 1753 1223; x_wconf 87' lang='lat' dir='ltr'><strong>me</strong></span> <span class='ocrx_word' id='word_1_36' title='bbox 1804 1169 2128 1234; x_wconf 79' lang='lat' dir='ltr'><strong>interfecte,</strong></span> <span class='ocrx_word' id='word_1_37' title='bbox 2181 1167 2282 1241; x_wconf 92' lang='lat' dir='ltr'><strong>qui</strong></span> <span class='ocrx_word' id='word_1_38' title='bbox 2326 1172 2543 1240; x_wconf 88' lang='lat' dir='ltr'><strong>pastor,</strong></span> <span class='ocrx_word' id='word_1_39' title='bbox 2573 1157 2697 1236; x_wconf 52' lang='lat' dir='ltr'><strong>lata}</strong></span> <span class='ocrx_word' id='word_1_40' title='bbox 2720 1160 2842 1209; x_wconf 78' lang='lat' dir='ltr'><strong>with</strong></span> 
     </span>
     <span class='ocr_line' id='line_1_5' title="bbox 457 1224 2843 1341; baseline 0.001 -36"><span class='ocrx_word' id='word_1_41' title='bbox 457 1253 494 1277; x_wconf 79' lang='lat'><strong>‘⁶</strong></span> <span class='ocrx_word' id='word_1_42' title='bbox 532 1251 830 1323; x_wconf 66' lang='lat' dir='ltr'><strong>praelatus,</strong></span> <span class='ocrx_word' id='word_1_43' title='bbox 883 1258 942 1306; x_wconf 90' lang='lat' dir='ltr'><strong>et</strong></span> <span class='ocrx_word' id='word_1_44' title='bbox 987 1250 1498 1323; x_wconf 84' lang='lat' dir='ltr'><strong>Archiepiscopus,</strong></span> <span class='ocrx_word' id='word_1_45' title='bbox 1538 1257 1736 1307; x_wconf 82' lang='lat' dir='ltr'><strong>vester</strong></span> <span class='ocrx_word' id='word_1_46' title='bbox 1773 1271 1922 1318; x_wconf 87' lang='lat' dir='ltr'><strong>sum,</strong></span> <span class='ocrx_word' id='word_1_47' title='bbox 1974 1254 2172 1309; x_wconf 83' lang='lat' dir='ltr'><strong>veniat</strong></span> <span class='ocrx_word' id='word_1_48' title='bbox 2218 1269 2394 1323; x_wconf 89' lang='lat' dir='ltr'><strong>super</strong></span> <span class='ocrx_word' id='word_1_49' title='bbox 2440 1270 2545 1307; x_wconf 82' lang='lat' dir='ltr'><strong>vos</strong></span> <span class='ocrx_word' id='word_1_50' title='bbox 2571 1224 2656 1274; x_wconf 54' lang='grc' dir='ltr'><strong>ὼε</strong></span> <span class='ocrx_word' id='word_1_51' title='bbox 2669 1240 2843 1341; x_wconf 46' lang='lat'><strong>3⁸⁰¹*</strong></span> 
     </span>
     <span class='ocr_line' id='line_1_6' title="bbox 456 1306 2729 1410; baseline 0.001 -22"><span class='ocrx_word' id='word_1_52' title='bbox 456 1336 494 1365; x_wconf 85' lang='lat'><strong>“</strong></span> <span class='ocrx_word' id='word_1_53' title='bbox 533 1334 857 1405; x_wconf 79' lang='lat' dir='ltr'>indignatio</span> <span class='ocrx_word' id='word_1_54' title='bbox 885 1335 1036 1408; x_wconf 85' lang='lat' dir='ltr'><strong>justi</strong></span> <span class='ocrx_word' id='word_1_55' title='bbox 1069 1335 1337 1400; x_wconf 81' lang='lat' dir='ltr'><strong>vindicis,</strong></span> <span class='ocrx_word' id='word_1_56' title='bbox 1387 1336 1484 1390; x_wconf 85' lang='lat' dir='ltr'><strong>vel</strong></span> <span class='ocrx_word' id='word_1_57' title='bbox 1531 1342 1689 1391; x_wconf 89' lang='lat' dir='ltr'><strong>certe</strong></span> <span class='ocrx_word' id='word_1_58' title='bbox 1735 1354 1842 1410; x_wconf 88' lang='lat' dir='ltr'><strong>pro</strong></span> <span class='ocrx_word' id='word_1_59' title='bbox 1888 1337 1995 1393; x_wconf 90' lang='lat' dir='ltr'><strong>tali</strong></span> <span class='ocrx_word' id='word_1_60' title='bbox 2042 1337 2194 1393; x_wconf 86' lang='lat' dir='ltr'><strong>facto</strong></span> <span class='ocrx_word' id='word_1_61' title='bbox 2240 1342 2367 1392; x_wconf 87' lang='lat' dir='ltr'><strong>tota</strong></span> <span class='ocrx_word' id='word_1_62' title='bbox 2412 1354 2546 1409; x_wconf 82' lang='lat' dir='ltr'><strong>sup-</strong></span> <span class='ocrx_word' id='word_1_63' title='bbox 2570 1306 2665 1356; x_wconf 64' lang='lat' dir='ltr'><strong>gen</strong></span> <span class='ocrx_word' id='word_1_64' title='bbox 2718 1330 2729 1345; x_wconf 84' lang='lat'>&#39;</span> 
     </span>
    </p>

    <p class='ocr_par' dir='ltr' id='par_1_4' title="bbox 455 1418 1449 1491">
     <span class='ocr_line' id='line_1_7' title="bbox 455 1418 1449 1491; baseline 0.001 -17"><span class='ocrx_word' id='word_1_65' title='bbox 455 1421 494 1450; x_wconf 76' lang='lat'><strong>‘⁴</strong></span> <span class='ocrx_word' id='word_1_66' title='bbox 532 1425 780 1491; x_wconf 86' lang='lat' dir='ltr'><strong>ponatur</strong></span> <span class='ocrx_word' id='word_1_67' title='bbox 811 1418 1034 1491; x_wconf 82' lang='lat' dir='ltr'><strong>Anglia</strong></span> <span class='ocrx_word' id='word_1_68' title='bbox 1067 1419 1449 1475; x_wconf 87' lang='lat' dir='ltr'><strong>Interdict0.”</strong></span> 
     </span>
    </p>

    <p class='ocr_par' dir='ltr' id='par_1_5' title="bbox 437 1502 2869 3511">
     <span class='ocr_line' id='line_1_8' title="bbox 520 1502 2860 1577; baseline 0.001 -17"><span class='ocrx_word' id='word_1_69' title='bbox 520 1503 640 1560; x_wconf 86' lang='lat' dir='ltr'><strong>Vix</strong></span> <span class='ocrx_word' id='word_1_70' title='bbox 683 1503 808 1559; x_wconf 81' lang='lat' dir='ltr'><strong>haec</strong></span> <span class='ocrx_word' id='word_1_71' title='bbox 854 1504 1035 1560; x_wconf 83' lang='lat' dir='ltr'><strong>verba</strong></span> <span class='ocrx_word' id='word_1_72' title='bbox 1080 1502 1247 1559; x_wconf 87' lang='lat' dir='ltr'><strong>finire</strong></span> <span class='ocrx_word' id='word_1_73' title='bbox 1306 1504 1514 1577; x_wconf 87' lang='lat' dir='ltr'><strong>potuit,</strong></span> <span class='ocrx_word' id='word_1_74' title='bbox 1577 1510 1890 1576; x_wconf 73' lang='lat' dir='ltr'><strong>antequam</strong></span> <span class='ocrx_word' id='word_1_75' title='bbox 1942 1504 2245 1561; x_wconf 87' lang='lat' dir='ltr'><strong>horrisono</strong></span> <span class='ocrx_word' id='word_1_76' title='bbox 2291 1505 2543 1561; x_wconf 89' lang='lat' dir='ltr'><strong>clamore</strong></span> <span class='ocrx_word' id='word_1_77' title='bbox 2568 1510 2651 1561; x_wconf 83' lang='lat' dir='ltr'><strong>He</strong></span> <span class='ocrx_word' id='word_1_78' title='bbox 2672 1510 2717 1561; x_wconf 82' lang='lat' dir='ltr'><strong>is</strong></span> <span class='ocrx_word' id='word_1_79' title='bbox 2740 1512 2860 1564; x_wconf 79' lang='lat' dir='ltr'><strong>then</strong></span> 
     </span>
     <span class='ocr_line' id='line_1_9' title="bbox 447 1578 2760 1661; baseline 0 -17"><span class='ocrx_word' id='word_1_80' title='bbox 447 1593 897 1661; x_wconf 74' lang='lat' dir='ltr'><strong>perstreperent,</strong></span> <span class='ocrx_word' id='word_1_81' title='bbox 942 1605 1004 1644; x_wconf 89' lang='lat' dir='ltr'><strong>se</strong></span> <span class='ocrx_word' id='word_1_82' title='bbox 1040 1606 1148 1644; x_wconf 89' lang='lat' dir='ltr'><strong>nec</strong></span> <span class='ocrx_word' id='word_1_83' title='bbox 1194 1587 1581 1645; x_wconf 67' lang='lat' dir='ltr'><strong>Interdictum</strong></span> <span class='ocrx_word' id='word_1_84' title='bbox 1615 1589 1842 1653; x_wconf 88' lang='lat' dir='ltr'><strong>timere,</strong></span> <span class='ocrx_word' id='word_1_85' title='bbox 1891 1606 1999 1644; x_wconf 90' lang='lat' dir='ltr'><strong>nec</strong></span> <span class='ocrx_word' id='word_1_86' title='bbox 2045 1589 2302 1660; x_wconf 62' lang='lat' dir='ltr'><strong>Papam</strong></span> <span class='ocrx_word' id='word_1_87' title='bbox 2354 1590 2544 1644; x_wconf 88' lang='lat' dir='ltr'><strong>solum</strong></span> <span class='ocrx_word' id='word_1_88' title='bbox 2568 1578 2760 1644; x_wconf 65' lang='lat' dir='ltr'><strong>emelly</strong></span> 
     </span>
     <span class='ocr_line' id='line_1_10' title="bbox 448 1646 2816 1762; baseline -0.001 -32"><span class='ocrx_word' id='word_1_89' title='bbox 448 1689 753 1745; x_wconf 88' lang='lat' dir='ltr'><strong>superesse</strong></span> <span class='ocrx_word' id='word_1_90' title='bbox 788 1672 904 1728; x_wconf 90' lang='lat' dir='ltr'><strong>sibi</strong></span> <span class='ocrx_word' id='word_1_91' title='bbox 938 1677 1008 1727; x_wconf 89' lang='lat' dir='ltr'><strong>ut</strong></span> <span class='ocrx_word' id='word_1_92' title='bbox 1039 1671 1255 1726; x_wconf 89' lang='lat' dir='ltr'><strong>collum</strong></span> <span class='ocrx_word' id='word_1_93' title='bbox 1283 1672 1605 1738; x_wconf 88' lang='lat' dir='ltr'><strong>submittat,</strong></span> <span class='ocrx_word' id='word_1_94' title='bbox 1645 1672 1749 1744; x_wconf 90' lang='lat' dir='ltr'><strong>qui</strong></span> <span class='ocrx_word' id='word_1_95' title='bbox 1780 1672 1964 1728; x_wconf 80' lang='lat' dir='ltr'><strong>salsus</strong></span> <span class='ocrx_word' id='word_1_96' title='bbox 2000 1672 2192 1729; x_wconf 84' lang='lat' dir='ltr'><strong>fuerat</strong></span> <span class='ocrx_word' id='word_1_97' title='bbox 2224 1673 2543 1729; x_wconf 85' lang='lat' dir='ltr'><strong>communi·</strong></span> <span class='ocrx_word' id='word_1_98' title='bbox 2566 1646 2816 1762; x_wconf 51' lang='lat' dir='ltr'><strong>mfffffif-d‘</strong></span> 
     </span>
     <span class='ocr_line' id='line_1_11' title="bbox 449 1727 2772 1830; baseline -0 -16"><span class='ocrx_word' id='word_1_99' title='bbox 449 1758 558 1814; x_wconf 85' lang='lat' dir='ltr'><strong>tati</strong></span> <span class='ocrx_word' id='word_1_100' title='bbox 605 1764 665 1812; x_wconf 89' lang='lat' dir='ltr'><strong>ct</strong></span> <span class='ocrx_word' id='word_1_101' title='bbox 710 1756 880 1827; x_wconf 86' lang='lat' dir='ltr'><strong>regni</strong></span> <span class='ocrx_word' id='word_1_102' title='bbox 936 1756 1213 1829; x_wconf 80' lang='lat' dir='ltr'><strong>proditor,</strong></span> <span class='ocrx_word' id='word_1_103' title='bbox 1265 1756 1478 1828; x_wconf 76' lang='lat' dir='ltr'><strong>gladiis</strong></span> <span class='ocrx_word' id='word_1_104' title='bbox 1527 1757 1964 1830; x_wconf 86' lang='lat' dir='ltr'><strong>amputandum.</strong></span> <span class='ocrx_word' id='word_1_105' title='bbox 2040 1757 2297 1813; x_wconf 83' lang='lat' dir='ltr'><strong>Cernens</strong></span> <span class='ocrx_word' id='word_1_106' title='bbox 2347 1764 2542 1813; x_wconf 90' lang='lat' dir='ltr'><strong>autem</strong></span> <span class='ocrx_word' id='word_1_107' title='bbox 2566 1727 2772 1830; x_wconf 37' lang='lat' dir='ltr'><strong>{¹:320ss</strong></span> 
     </span>
     <span class='ocr_line' id='line_1_12' title="bbox 447 1840 2541 1913; baseline -0.001 -13"><span class='ocrx_word' id='word_1_108' title='bbox 447 1841 939 1913; x_wconf 80' lang='lat' dir='ltr'><strong>Archiepiscopus</strong></span> <span class='ocrx_word' id='word_1_109' title='bbox 976 1840 1088 1896; x_wconf 86' lang='lat' dir='ltr'><strong>sibi</strong></span> <span class='ocrx_word' id='word_1_110' title='bbox 1126 1847 1373 1895; x_wconf 89' lang='lat' dir='ltr'><strong>mortem</strong></span> <span class='ocrx_word' id='word_1_111' title='bbox 1410 1840 1798 1897; x_wconf 79' lang='lat' dir='ltr'><strong>indubitatam</strong></span> <span class='ocrx_word' id='word_1_112' title='bbox 1837 1840 2159 1908; x_wconf 88' lang='lat' dir='ltr'><strong>imminere,</strong></span> <span class='ocrx_word' id='word_1_113' title='bbox 2198 1860 2306 1897; x_wconf 90' lang='lat' dir='ltr'><strong>nec</strong></span> <span class='ocrx_word' id='word_1_114' title='bbox 2341 1861 2541 1913; x_wconf 89' lang='lat' dir='ltr'><strong>super-</strong></span> 
     </span>
     <span class='ocr_line' id='line_1_13' title="bbox 450 1924 2538 1997; baseline 0 -16"><span class='ocrx_word' id='word_1_115' title='bbox 450 1944 581 1981; x_wconf 83' lang='lat' dir='ltr'><strong>esse</strong></span> <span class='ocrx_word' id='word_1_116' title='bbox 613 1926 771 1983; x_wconf 85' lang='lat' dir='ltr'><strong>viam</strong></span> <span class='ocrx_word' id='word_1_117' title='bbox 813 1924 1113 1988; x_wconf 86' lang='lat' dir='ltr'><strong>evadendi,</strong></span> <span class='ocrx_word' id='word_1_118' title='bbox 1157 1930 1290 1997; x_wconf 85' lang='lat' dir='ltr'><strong>post</strong></span> <span class='ocrx_word' id='word_1_119' title='bbox 1330 1924 1503 1997; x_wconf 88' lang='lat' dir='ltr'><strong>plura</strong></span> <span class='ocrx_word' id='word_1_120' title='bbox 1549 1925 1663 1997; x_wconf 78' lang='lat' dir='ltr'><strong>pise</strong></span> <span class='ocrx_word' id='word_1_121' title='bbox 1711 1925 2126 1981; x_wconf 81' lang='lat' dir='ltr'><strong>exhortationis</strong></span> <span class='ocrx_word' id='word_1_122' title='bbox 2176 1926 2538 1990; x_wconf 85' lang='lat' dir='ltr'><strong>documenta,</strong></span> 
     </span>
     <span class='ocr_line' id='line_1_14' title="bbox 449 2009 2545 2083; baseline 0 -17"><span class='ocrx_word' id='word_1_123' title='bbox 449 2018 582 2083; x_wconf 89' lang='lat' dir='ltr'><strong>post</strong></span> <span class='ocrx_word' id='word_1_124' title='bbox 618 2010 933 2083; x_wconf 80' lang='lat' dir='ltr'><strong>praedicata</strong></span> <span class='ocrx_word' id='word_1_125' title='bbox 965 2010 1145 2065; x_wconf 77' lang='lat' dir='ltr'><strong>verba</strong></span> <span class='ocrx_word' id='word_1_126' title='bbox 1179 2010 1475 2074; x_wconf 87' lang='lat' dir='ltr'><strong>salutaria,</strong></span> <span class='ocrx_word' id='word_1_127' title='bbox 1516 2015 1585 2064; x_wconf 88' lang='lat' dir='ltr'><strong>ut</strong></span> <span class='ocrx_word' id='word_1_128' title='bbox 1618 2016 1746 2065; x_wconf 86' lang='lat' dir='ltr'><strong>erat</strong></span> <span class='ocrx_word' id='word_1_129' title='bbox 1779 2009 1873 2064; x_wconf 81' lang='lat' dir='ltr'><strong>vir</strong></span> <span class='ocrx_word' id='word_1_130' title='bbox 1914 2010 2444 2081; x_wconf 86' lang='lat' dir='ltr'><strong>eloquentissimus,</strong></span> <span class='ocrx_word' id='word_1_131' title='bbox 2484 2018 2545 2068; x_wconf 90' lang='lat' dir='ltr'><strong>et</strong></span> 
     </span>
     <span class='ocr_line' id='line_1_15' title="bbox 446 2093 2540 2167; baseline -0 -16"><span class='ocrx_word' id='word_1_132' title='bbox 446 2094 978 2167; x_wconf 78' lang='lat' dir='ltr'><strong>incomparabiliter</strong></span> <span class='ocrx_word' id='word_1_133' title='bbox 999 2093 1158 2149; x_wconf 87' lang='lat' dir='ltr'><strong>ultra</strong></span> <span class='ocrx_word' id='word_1_134' title='bbox 1184 2111 1382 2149; x_wconf 90' lang='lat' dir='ltr'><strong>omnes</strong></span> <span class='ocrx_word' id='word_1_135' title='bbox 1406 2093 1578 2165; x_wconf 85' lang='lat' dir='ltr'><strong>regni</strong></span> <span class='ocrx_word' id='word_1_136' title='bbox 1602 2094 1892 2164; x_wconf 88' lang='lat' dir='ltr'><strong>sapientes</strong></span> <span class='ocrx_word' id='word_1_137' title='bbox 1926 2095 2173 2164; x_wconf 88' lang='lat' dir='ltr'><strong>sapiens,</strong></span> <span class='ocrx_word' id='word_1_138' title='bbox 2206 2096 2540 2160; x_wconf 86' lang='lat' dir='ltr'><strong>novissime,</strong></span> 
     </span>
     <span class='ocr_line' id='line_1_16' title="bbox 446 2178 2542 2251; baseline 0 -17"><span class='ocrx_word' id='word_1_139' title='bbox 446 2186 580 2251; x_wconf 89' lang='lat' dir='ltr'><strong>post</strong></span> <span class='ocrx_word' id='word_1_140' title='bbox 613 2178 918 2234; x_wconf 79' lang='lat' dir='ltr'><strong>remissam</strong></span> <span class='ocrx_word' id='word_1_141' title='bbox 955 2178 1293 2250; x_wconf 83' lang='lat' dir='ltr'><strong>spiculatori</strong></span> <span class='ocrx_word' id='word_1_142' title='bbox 1331 2178 1435 2249; x_wconf 90' lang='lat' dir='ltr'><strong>qui</strong></span> <span class='ocrx_word' id='word_1_143' title='bbox 1470 2195 1605 2233; x_wconf 89' lang='lat' dir='ltr'><strong>eum</strong></span> <span class='ocrx_word' id='word_1_144' title='bbox 1640 2178 2034 2233; x_wconf 80' lang='lat' dir='ltr'><strong>decollatums</strong></span> <span class='ocrx_word' id='word_1_145' title='bbox 2076 2184 2221 2243; x_wconf 89' lang='lat' dir='ltr'><strong>erat,</strong></span> <span class='ocrx_word' id='word_1_146' title='bbox 2263 2186 2542 2250; x_wconf 87' lang='lat' dir='ltr'><strong>quantum</strong></span> 
     </span>
     <span class='ocr_line' id='line_1_17' title="bbox 445 2261 2541 2335; baseline -0 -16"><span class='ocrx_word' id='word_1_147' title='bbox 445 2265 506 2319; x_wconf 93' lang='lat' dir='ltr'><strong>in</strong></span> <span class='ocrx_word' id='word_1_148' title='bbox 543 2264 669 2335; x_wconf 89' lang='lat' dir='ltr'><strong>ipso</strong></span> <span class='ocrx_word' id='word_1_149' title='bbox 705 2263 835 2326; x_wconf 83' lang='lat' dir='ltr'><strong>fuit,</strong></span> <span class='ocrx_word' id='word_1_150' title='bbox 875 2261 1151 2317; x_wconf 83' lang='lat' dir='ltr'><strong>offensam</strong></span> <span class='ocrx_word' id='word_1_151' title='bbox 1185 2262 1345 2317; x_wconf 88' lang='lat' dir='ltr'><strong>necis</strong></span> <span class='ocrx_word' id='word_1_152' title='bbox 1383 2280 1523 2326; x_wconf 79' lang='lat' dir='ltr'><strong>suae,</strong></span> <span class='ocrx_word' id='word_1_153' title='bbox 1552 2267 1621 2317; x_wconf 95' lang='lat' dir='ltr'><strong>ut</strong></span> <span class='ocrx_word' id='word_1_154' title='bbox 1648 2261 1821 2333; x_wconf 91' lang='lat' dir='ltr'><strong>plene</strong></span> <span class='ocrx_word' id='word_1_155' title='bbox 1846 2262 2145 2317; x_wconf 82' lang='lat' dir='ltr'><strong>videretur</strong></span> <span class='ocrx_word' id='word_1_156' title='bbox 2182 2262 2541 2318; x_wconf 84' lang='lat' dir='ltr'><strong>Salvatorem</strong></span> 
     </span>
     <span class='ocr_line' id='line_1_18' title="bbox 443 2344 2540 2418; baseline 0 -15"><span class='ocrx_word' id='word_1_157' title='bbox 443 2346 742 2403; x_wconf 88' lang='lat' dir='ltr'><strong>moriendo</strong></span> <span class='ocrx_word' id='word_1_158' title='bbox 804 2347 991 2418; x_wconf 89' lang='lat' dir='ltr'><strong>sequi,</strong></span> <span class='ocrx_word' id='word_1_159' title='bbox 1056 2344 1200 2417; x_wconf 76' lang='lat' dir='ltr'><strong>¹qui</strong></span> <span class='ocrx_word' id='word_1_160' title='bbox 1265 2347 1504 2402; x_wconf 83' lang='lat' dir='ltr'><strong>Patrem</strong></span> <span class='ocrx_word' id='word_1_161' title='bbox 1562 2364 1671 2417; x_wconf 92' lang='lat' dir='ltr'><strong>pro</strong></span> <span class='ocrx_word' id='word_1_162' title='bbox 1730 2347 2201 2417; x_wconf 85' lang='lat' dir='ltr'><strong>persecutoribus</strong></span> <span class='ocrx_word' id='word_1_163' title='bbox 2261 2349 2540 2413; x_wconf 84' lang='lat' dir='ltr'><strong>exoravit,</strong></span> 
     </span>
     <span class='ocr_line' id='line_1_19' title="bbox 445 2429 2543 2501; baseline 0 -15"><span class='ocrx_word' id='word_1_164' title='bbox 445 2432 607 2486; x_wconf 86' lang='lat' dir='ltr'><strong>flexis</strong></span> <span class='ocrx_word' id='word_1_165' title='bbox 666 2431 914 2501; x_wconf 83' lang='lat' dir='ltr'><strong>genibus</strong></span> <span class='ocrx_word' id='word_1_166' title='bbox 973 2430 1188 2485; x_wconf 88' lang='lat' dir='ltr'><strong>collum</strong></span> <span class='ocrx_word' id='word_1_167' title='bbox 1235 2429 1469 2485; x_wconf 83' lang='lat' dir='ltr'><strong>ferienti</strong></span> <span class='ocrx_word' id='word_1_168' title='bbox 1529 2431 1853 2501; x_wconf 86' lang='lat' dir='ltr'><strong>supposuit.</strong></span> <span class='ocrx_word' id='word_1_169' title='bbox 1927 2431 2247 2485; x_wconf 87' lang='lat' dir='ltr'><strong>Percussus</strong></span> <span class='ocrx_word' id='word_1_170' title='bbox 2294 2448 2435 2486; x_wconf 79' lang='lat' dir='ltr'><strong>vero</strong></span> <span class='ocrx_word' id='word_1_171' title='bbox 2482 2432 2543 2487; x_wconf 93' lang='lat' dir='ltr'><strong>in</strong></span> 
     </span>
     <span class='ocr_line' id='line_1_20' title="bbox 444 2512 2544 2586; baseline 0 -17"><span class='ocrx_word' id='word_1_172' title='bbox 444 2516 594 2570; x_wconf 89' lang='lat' dir='ltr'><strong>collo</strong></span> <span class='ocrx_word' id='word_1_173' title='bbox 649 2514 859 2578; x_wconf 89' lang='lat' dir='ltr'><strong>securi,</strong></span> <span class='ocrx_word' id='word_1_174' title='bbox 924 2514 1028 2569; x_wconf 90' lang='lat' dir='ltr'><strong>sed</strong></span> <span class='ocrx_word' id='word_1_175' title='bbox 1085 2531 1199 2569; x_wconf 89' lang='lat' dir='ltr'><strong>non</strong></span> <span class='ocrx_word' id='word_1_176' title='bbox 1258 2512 1532 2579; x_wconf 88' lang='lat' dir='ltr'><strong>letaliter,</strong></span> <span class='ocrx_word' id='word_1_177' title='bbox 1596 2514 1864 2586; x_wconf 88' lang='lat' dir='ltr'><strong>apposita</strong></span> <span class='ocrx_word' id='word_1_178' title='bbox 1921 2532 2099 2570; x_wconf 89' lang='lat' dir='ltr'><strong>manu</strong></span> <span class='ocrx_word' id='word_1_179' title='bbox 2145 2514 2396 2579; x_wconf 81' lang='lat' dir='ltr'><strong>vulneri,</strong></span> <span class='ocrx_word' id='word_1_180' title='bbox 2461 2516 2544 2570; x_wconf 87' lang='lat' dir='ltr'><strong>ita</strong></span> 
     </span>
     <span class='ocr_line' id='line_1_21' title="bbox 444 2597 2543 2669; baseline -0 -14"><span class='ocrx_word' id='word_1_181' title='bbox 444 2599 591 2655; x_wconf 85' lang='lat' dir='ltr'><strong>dixit</strong></span> <span class='ocrx_word' id='word_1_182' title='bbox 616 2597 930 2665; x_wconf 79' lang='lat' dir='ltr'><strong>;—“‘·&#39;Ah!</strong></span> <span class='ocrx_word' id='word_1_183' title='bbox 969 2597 1046 2653; x_wconf 88' lang='lat' dir='ltr'><strong>ah</strong></span> <span class='ocrx_word' id='word_1_184' title='bbox 1069 2597 1083 2653; x_wconf 79' lang='lat' dir='ltr'><strong>l</strong></span> <span class='ocrx_word' id='word_1_185' title='bbox 1110 2597 1147 2622; x_wconf 91' lang='lat'><strong>”</strong></span> <span class='ocrx_word' id='word_1_186' title='bbox 1191 2598 1403 2669; x_wconf 89' lang='lat' dir='ltr'><strong>inquit,</strong></span> <span class='ocrx_word' id='word_1_187' title='bbox 1459 2601 1496 2624; x_wconf 90' lang='lat'>“</span> <span class='ocrx_word' id='word_1_188' title='bbox 1523 2614 1731 2652; x_wconf 88' lang='lat' dir='ltr'><strong>manus</strong></span> <span class='ocrx_word' id='word_1_189' title='bbox 1770 2597 2008 2653; x_wconf 90' lang='lat' dir='ltr'><strong>Domini</strong></span> <span class='ocrx_word' id='word_1_190' title='bbox 2044 2598 2194 2654; x_wconf 89' lang='lat' dir='ltr'><strong>est.&#39;’</strong></span> <span class='ocrx_word' id='word_1_191' title='bbox 2266 2599 2543 2654; x_wconf 86' lang='lat' dir='ltr'><strong>Nondum</strong></span> 
     </span>
     <span class='ocr_line' id='line_1_22' title="bbox 443 2679 2542 2754; baseline 0 -16"><span class='ocrx_word' id='word_1_192' title='bbox 443 2701 678 2738; x_wconf 86' lang='lat' dir='ltr'><strong>manum</strong></span> <span class='ocrx_word' id='word_1_193' title='bbox 716 2683 787 2738; x_wconf 89' lang='lat' dir='ltr'><strong>de</strong></span> <span class='ocrx_word' id='word_1_194' title='bbox 824 2682 951 2737; x_wconf 92' lang='lat' dir='ltr'><strong>loco</strong></span> <span class='ocrx_word' id='word_1_195' title='bbox 988 2679 1205 2736; x_wconf 89' lang='lat' dir='ltr'><strong>doloris</strong></span> <span class='ocrx_word' id='word_1_196' title='bbox 1255 2686 1570 2745; x_wconf 83' lang='lat' dir='ltr'><strong>amoverat,</strong></span> <span class='ocrx_word' id='word_1_197' title='bbox 1610 2687 1673 2736; x_wconf 92' lang='lat' dir='ltr'><strong>et</strong></span> <span class='ocrx_word' id='word_1_198' title='bbox 1708 2681 1962 2737; x_wconf 87' lang='lat' dir='ltr'><strong>secundo</strong></span> <span class='ocrx_word' id='word_1_199' title='bbox 2003 2700 2338 2754; x_wconf 87' lang='lat' dir='ltr'><strong>percussus,</strong></span> <span class='ocrx_word' id='word_1_200' title='bbox 2384 2702 2542 2738; x_wconf 88' lang='lat' dir='ltr'><strong>sum-</strong></span> 
     </span>
     <span class='ocr_line' id='line_1_23' title="bbox 442 2765 2538 2838; baseline 0 -15"><span class='ocrx_word' id='word_1_201' title='bbox 442 2768 743 2823; x_wconf 83' lang='lat' dir='ltr'><strong>mitatibus</strong></span> <span class='ocrx_word' id='word_1_202' title='bbox 792 2766 1113 2838; x_wconf 83' lang='lat' dir='ltr'><strong>digitorum</strong></span> <span class='ocrx_word' id='word_1_203' title='bbox 1162 2765 1495 2837; x_wconf 88' lang='lat' dir='ltr'><strong>amputatis,</strong></span> <span class='ocrx_word' id='word_1_204' title='bbox 1548 2771 1609 2821; x_wconf 88' lang='lat' dir='ltr'><strong>et</strong></span> <span class='ocrx_word' id='word_1_205' title='bbox 1655 2766 2001 2821; x_wconf 82' lang='lat' dir='ltr'><strong>arteriarum</strong></span> <span class='ocrx_word' id='word_1_206' title='bbox 2051 2773 2236 2837; x_wconf 86' lang='lat' dir='ltr'><strong>parte,</strong></span> <span class='ocrx_word' id='word_1_207' title='bbox 2289 2768 2538 2833; x_wconf 88' lang='lat' dir='ltr'><strong>cecidit;</strong></span> 
     </span>
     <span class='ocr_line' id='line_1_24' title="bbox 442 2849 2540 2921; baseline 0 -15"><span class='ocrx_word' id='word_1_208' title='bbox 442 2851 546 2906; x_wconf 89' lang='lat' dir='ltr'><strong>sed</strong></span> <span class='ocrx_word' id='word_1_209' title='bbox 567 2850 825 2906; x_wconf 89' lang='lat' dir='ltr'><strong>nondum</strong></span> <span class='ocrx_word' id='word_1_210' title='bbox 848 2850 1144 2913; x_wconf 87' lang='lat' dir='ltr'><strong>occubuit,</strong></span> <span class='ocrx_word' id='word_1_211' title='bbox 1186 2849 1369 2904; x_wconf 89' lang='lat' dir='ltr'><strong>donec</strong></span> <span class='ocrx_word' id='word_1_212' title='bbox 1393 2855 1598 2905; x_wconf 84' lang='lat' dir='ltr'><strong>octavo</strong></span> <span class='ocrx_word' id='word_1_213' title='bbox 1631 2849 1756 2905; x_wconf 89' lang='lat' dir='ltr'><strong>ictu</strong></span> <span class='ocrx_word' id='word_1_214' title='bbox 1788 2850 2203 2906; x_wconf 84' lang='lat' dir='ltr'><strong>miserabiliter</strong></span> <span class='ocrx_word' id='word_1_215' title='bbox 2234 2852 2540 2921; x_wconf 72' lang='lat' dir='ltr'><strong>mutilatus</strong></span> 
     </span>
     <span class='ocr_line' id='line_1_25' title="bbox 441 2933 2539 3008; baseline 0.001 -19"><span class='ocrx_word' id='word_1_216' title='bbox 441 2935 503 2990; x_wconf 93' lang='lat' dir='ltr'><strong>in</strong></span> <span class='ocrx_word' id='word_1_217' title='bbox 549 2934 699 2990; x_wconf 94' lang='lat' dir='ltr'><strong>collo</strong></span> <span class='ocrx_word' id='word_1_218' title='bbox 742 2939 803 2989; x_wconf 90' lang='lat' dir='ltr'><strong>et</strong></span> <span class='ocrx_word' id='word_1_219' title='bbox 848 2934 911 2988; x_wconf 92' lang='lat' dir='ltr'><strong>in</strong></span> <span class='ocrx_word' id='word_1_220' title='bbox 951 2934 1160 3006; x_wconf 87' lang='lat' dir='ltr'><strong>capite,</strong></span> <span class='ocrx_word' id='word_1_221' title='bbox 1206 2933 1469 3004; x_wconf 83' lang='lat' dir='ltr'><strong>dignum,</strong></span> <span class='ocrx_word' id='word_1_222' title='bbox 1514 2940 1583 2989; x_wconf 87' lang='lat' dir='ltr'><strong>ut</strong></span> <span class='ocrx_word' id='word_1_223' title='bbox 1623 2934 1936 2999; x_wconf 86' lang='lat' dir='ltr'><strong>credimus,</strong></span> <span class='ocrx_word' id='word_1_224' title='bbox 1988 2935 2337 3008; x_wconf 84' lang='lat' dir='ltr'><strong>martyrium</strong></span> <span class='ocrx_word' id='word_1_225' title='bbox 2385 2954 2539 2992; x_wconf 88' lang='lat' dir='ltr'><strong>com-</strong></span> 
     </span>
     <span class='ocr_line' id='line_1_26' title="bbox 437 3017 2859 3092; baseline 0.004 -20"><span class='ocrx_word' id='word_1_226' title='bbox 437 3018 735 3090; x_wconf 79' lang='lat' dir='ltr'><strong>plevisset.</strong></span> <span class='ocrx_word' id='word_1_227' title='bbox 789 3018 829 3073; x_wconf 83' lang='lat' dir='ltr'><strong>J</strong></span> <span class='ocrx_word' id='word_1_228' title='bbox 831 3018 991 3074; x_wconf 87' lang='lat' dir='ltr'><strong>acuit</strong></span> <span class='ocrx_word' id='word_1_229' title='bbox 1023 3017 1241 3073; x_wconf 88' lang='lat' dir='ltr'><strong>ibidem</strong></span> <span class='ocrx_word' id='word_1_230' title='bbox 1288 3036 1498 3091; x_wconf 89' lang='lat' dir='ltr'><strong>corpus</strong></span> <span class='ocrx_word' id='word_1_231' title='bbox 1536 3018 1665 3090; x_wconf 86' lang='lat' dir='ltr'><strong>ejus</strong></span> <span class='ocrx_word' id='word_1_232' title='bbox 1713 3018 2080 3074; x_wconf 87' lang='lat' dir='ltr'><strong>inhumatum</strong></span> <span class='ocrx_word' id='word_1_233' title='bbox 2121 3026 2242 3076; x_wconf 89' lang='lat' dir='ltr'><strong>toto</strong></span> <span class='ocrx_word' id='word_1_234' title='bbox 2290 3020 2394 3077; x_wconf 90' lang='lat' dir='ltr'><strong>illo</strong></span> <span class='ocrx_word' id='word_1_235' title='bbox 2441 3023 2536 3077; x_wconf 93' lang='lat' dir='ltr'><strong>die</strong></span> <span class='ocrx_word' id='word_1_236' title='bbox 2560 3025 2859 3092; x_wconf 80' lang='lat' dir='ltr'><strong>Indignities</strong></span> 
     </span>
     <span class='ocr_line' id='line_1_27' title="bbox 438 3095 2823 3179; baseline 0.001 -19"><span class='ocrx_word' id='word_1_237' title='bbox 438 3103 706 3167; x_wconf 88' lang='lat' dir='ltr'><strong>Veneris,</strong></span> <span class='ocrx_word' id='word_1_238' title='bbox 765 3103 827 3159; x_wconf 92' lang='lat' dir='ltr'><strong>in</strong></span> <span class='ocrx_word' id='word_1_239' title='bbox 882 3120 997 3174; x_wconf 88' lang='lat' dir='ltr'><strong>quo</strong></span> <span class='ocrx_word' id='word_1_240' title='bbox 1056 3103 1172 3158; x_wconf 82' lang='lat' dir='ltr'><strong>suit</strong></span> <span class='ocrx_word' id='word_1_241' title='bbox 1231 3102 1449 3159; x_wconf 84' lang='lat' dir='ltr'><strong>festum</strong></span> <span class='ocrx_word' id='word_1_242' title='bbox 1505 3102 1705 3158; x_wconf 83' lang='lat' dir='ltr'><strong>Sancti</strong></span> <span class='ocrx_word' id='word_1_243' title='bbox 1766 3103 1993 3168; x_wconf 87' lang='lat' dir='ltr'><strong>Basilii,</strong></span> <span class='ocrx_word' id='word_1_244' title='bbox 2045 3111 2106 3161; x_wconf 89' lang='lat' dir='ltr'><strong>et</strong></span> <span class='ocrx_word' id='word_1_245' title='bbox 2150 3105 2214 3160; x_wconf 89' lang='lat' dir='ltr'><strong>in</strong></span> <span class='ocrx_word' id='word_1_246' title='bbox 2260 3095 2749 3179; x_wconf 69' lang='lat' dir='ltr'><strong>crastino‚,⁰ffered</strong></span> <span class='ocrx_word' id='word_1_247' title='bbox 2770 3104 2823 3147; x_wconf 62' lang='lat'><strong>10</strong></span> 
     </span>
     <span class='ocr_line' id='line_1_28' title="bbox 438 3161 2816 3259; baseline 0.001 -17"><span class='ocrx_word' id='word_1_248' title='bbox 438 3188 666 3243; x_wconf 88' lang='lat' dir='ltr'><strong>nemine</strong></span> <span class='ocrx_word' id='word_1_249' title='bbox 705 3187 854 3243; x_wconf 90' lang='lat' dir='ltr'><strong>illud</strong></span> <span class='ocrx_word' id='word_1_250' title='bbox 900 3187 1147 3243; x_wconf 88' lang='lat' dir='ltr'><strong>audente</strong></span> <span class='ocrx_word' id='word_1_251' title='bbox 1183 3187 1414 3243; x_wconf 83' lang='lat' dir='ltr'><strong>tradere</strong></span> <span class='ocrx_word' id='word_1_252' title='bbox 1464 3186 1799 3259; x_wconf 64' lang='lat' dir='ltr'><strong>sepulturae,</strong></span> <span class='ocrx_word' id='word_1_253' title='bbox 1838 3193 2077 3259; x_wconf 89' lang='lat' dir='ltr'><strong>propter</strong></span> <span class='ocrx_word' id='word_1_254' title='bbox 2123 3195 2345 3245; x_wconf 90' lang='lat' dir='ltr'><strong>metum</strong></span> <span class='ocrx_word' id='word_1_255' title='bbox 2392 3191 2537 3246; x_wconf 87' lang='lat' dir='ltr'><strong>irra-</strong></span> <span class='ocrx_word' id='word_1_256' title='bbox 2559 3161 2646 3211; x_wconf 64' lang='lat' dir='ltr'><strong>the</strong></span> <span class='ocrx_word' id='word_1_257' title='bbox 2667 3164 2816 3230; x_wconf 61' lang='lat' dir='ltr'><strong>body·</strong></span> 
     </span>
     <span class='ocr_line' id='line_1_29' title="bbox 438 3271 2803 3345; baseline 0.001 -19"><span class='ocrx_word' id='word_1_258' title='bbox 438 3272 731 3327; x_wconf 86' lang='lat' dir='ltr'><strong>tionabilis</strong></span> <span class='ocrx_word' id='word_1_259' title='bbox 790 3271 957 3341; x_wconf 75' lang='lat' dir='ltr'><strong>vulgi</strong></span> <span class='ocrx_word' id='word_1_260' title='bbox 1004 3271 1262 3342; x_wconf 88' lang='lat' dir='ltr'><strong>undique</strong></span> <span class='ocrx_word' id='word_1_261' title='bbox 1311 3271 1739 3327; x_wconf 85' lang='lat' dir='ltr'><strong>debacchantis.</strong></span> <span class='ocrx_word' id='word_1_262' title='bbox 1836 3272 2157 3328; x_wconf 87' lang='lat' dir='ltr'><strong>Pereussor</strong></span> <span class='ocrx_word' id='word_1_263' title='bbox 2215 3274 2342 3345; x_wconf 88' lang='lat' dir='ltr'><strong>ejus</strong></span> <span class='ocrx_word' id='word_1_264' title='bbox 2403 3292 2538 3329; x_wconf 80' lang='lat' dir='ltr'><strong>mox</strong></span> <span class='ocrx_word' id='word_1_265' title='bbox 2562 3288 2660 3338; x_wconf 66' lang='lat'>115⁸</span> <span class='ocrx_word' id='word_1_266' title='bbox 2683 3305 2803 3340; x_wconf 62' lang='lat'><strong>2¹0-</strong></span> 
     </span>
     <span class='ocr_line' id='line_1_30' title="bbox 437 3355 2810 3437; baseline 0.001 -26"><span class='ocrx_word' id='word_1_267' title='bbox 437 3357 694 3411; x_wconf 84' lang='lat' dir='ltr'><strong>divinam</strong></span> <span class='ocrx_word' id='word_1_268' title='bbox 724 3356 906 3411; x_wconf 87' lang='lat' dir='ltr'><strong>sensit</strong></span> <span class='ocrx_word' id='word_1_269' title='bbox 933 3355 1233 3418; x_wconf 89' lang='lat' dir='ltr'><strong>ultionem,</strong></span> <span class='ocrx_word' id='word_1_270' title='bbox 1273 3355 1336 3410; x_wconf 89' lang='lat' dir='ltr'><strong>in</strong></span> <span class='ocrx_word' id='word_1_271' title='bbox 1370 3355 1584 3410; x_wconf 86' lang='lat' dir='ltr'><strong>furiam</strong></span> <span class='ocrx_word' id='word_1_272' title='bbox 1621 3360 1786 3411; x_wconf 85' lang='lat' dir='ltr'><strong>actus</strong></span> <span class='ocrx_word' id='word_1_273' title='bbox 1818 3361 1878 3411; x_wconf 92' lang='lat' dir='ltr'><strong>et</strong></span> <span class='ocrx_word' id='word_1_274' title='bbox 1907 3357 2168 3413; x_wconf 62' lang='lat' dir='ltr'><strong>caecitate</strong></span> <span class='ocrx_word' id='word_1_275' title='bbox 2199 3375 2532 3430; x_wconf 78' lang='lat' dir='ltr'><strong>percussus,</strong></span> <span class='ocrx_word' id='word_1_276' title='bbox 2562 3357 2810 3437; x_wconf 48' lang='lat' dir='ltr'><strong>cptioner·</strong></span> 
     </span>
     <span class='ocr_line' id='line_1_31' title="bbox 437 3425 2869 3511; baseline 0.002 -17"><span class='ocrx_word' id='word_1_277' title='bbox 437 3439 686 3509; x_wconf 80' lang='lat' dir='ltr'><strong>Quidam</strong></span> <span class='ocrx_word' id='word_1_278' title='bbox 722 3440 901 3496; x_wconf 89' lang='lat' dir='ltr'><strong>etiam</strong></span> <span class='ocrx_word' id='word_1_279' title='bbox 948 3457 1019 3494; x_wconf 85' lang='lat' dir='ltr'><strong>ex</strong></span> <span class='ocrx_word' id='word_1_280' title='bbox 1053 3439 1410 3493; x_wconf 90' lang='lat' dir='ltr'><strong>rusticorum</strong></span> <span class='ocrx_word' id='word_1_281' title='bbox 1444 3438 1633 3503; x_wconf 86' lang='lat' dir='ltr'><strong>turba,</strong></span> <span class='ocrx_word' id='word_1_282' title='bbox 1688 3439 2003 3511; x_wconf 84' lang='lat' dir='ltr'><strong>instigatus</strong></span> <span class='ocrx_word' id='word_1_283' title='bbox 2051 3442 2316 3506; x_wconf 86' lang='lat' dir='ltr'><strong>avaritia,</strong></span> <span class='ocrx_word' id='word_1_284' title='bbox 2366 3448 2534 3498; x_wconf 85' lang='lat' dir='ltr'><strong>nocte</strong></span> <span class='ocrx_word' id='word_1_285' title='bbox 2558 3425 2869 3500; x_wconf 59' lang='lat' dir='ltr'><strong>Y¹⁸¹t⁰dw¹th</strong></span> 
     </span>
    </p>
   </div>
   <div class='ocr_carea' id='block_1_4' title="bbox 434 3490 2845 3680">
    <p class='ocr_par' dir='ltr' id='par_1_6' title="bbox 434 3490 2845 3680">
     <span class='ocr_line' id='line_1_32' title="bbox 436 3490 2845 3608; baseline 0.001 -30"><span class='ocrx_word' id='word_1_286' title='bbox 436 3530 714 3596; x_wconf 88' lang='lat' dir='ltr'><strong>sequente</strong></span> <span class='ocrx_word' id='word_1_287' title='bbox 763 3524 892 3596; x_wconf 90' lang='lat' dir='ltr'><strong>ejus</strong></span> <span class='ocrx_word' id='word_1_288' title='bbox 940 3523 1398 3587; x_wconf 88' lang='lat' dir='ltr'><strong>decollationem,</strong></span> <span class='ocrx_word' id='word_1_289' title='bbox 1460 3523 1713 3579; x_wconf 86' lang='lat' dir='ltr'><strong>latenter</strong></span> <span class='ocrx_word' id='word_1_290' title='bbox 1772 3524 2019 3580; x_wconf 86' lang='lat' dir='ltr'><strong>accessit</strong></span> <span class='ocrx_word' id='word_1_291' title='bbox 2065 3524 2139 3579; x_wconf 86' lang='lat' dir='ltr'><strong>ad</strong></span> <span class='ocrx_word' id='word_1_292' title='bbox 2186 3543 2416 3598; x_wconf 88' lang='lat' dir='ltr'><strong>corpus,</strong></span> <span class='ocrx_word' id='word_1_293' title='bbox 2468 3532 2535 3583; x_wconf 88' lang='lat' dir='ltr'><strong>ut</strong></span> <span class='ocrx_word' id='word_1_294' title='bbox 2557 3490 2845 3608; x_wconf 49' lang='grc' dir='ltr'><strong>ζῗῗιξζᾶ,</strong></span> 
     </span>
     <span class='ocr_line' id='line_1_33' title="bbox 434 3607 2682 3680; baseline -0.001 -16"><span class='ocrx_word' id='word_1_295' title='bbox 434 3609 732 3673; x_wconf 87' lang='lat' dir='ltr'><strong>annulum,</strong></span> <span class='ocrx_word' id='word_1_296' title='bbox 773 3609 876 3680; x_wconf 89' lang='lat' dir='ltr'><strong>qui</strong></span> <span class='ocrx_word' id='word_1_297' title='bbox 916 3608 979 3662; x_wconf 90' lang='lat' dir='ltr'><strong>in</strong></span> <span class='ocrx_word' id='word_1_298' title='bbox 1025 3608 1215 3679; x_wconf 85' lang='lat' dir='ltr'><strong>digito</strong></span> <span class='ocrx_word' id='word_1_299' title='bbox 1262 3607 1390 3679; x_wconf 87' lang='lat' dir='ltr'><strong>ejus</strong></span> <span class='ocrx_word' id='word_1_300' title='bbox 1438 3607 1650 3672; x_wconf 85' lang='lat' dir='ltr'><strong>fuerat,</strong></span> <span class='ocrx_word' id='word_1_301' title='bbox 1703 3608 1920 3664; x_wconf 81' lang='lat' dir='ltr'><strong>furtive</strong></span> <span class='ocrx_word' id='word_1_302' title='bbox 1967 3608 2318 3665; x_wconf 85' lang='lat' dir='ltr'><strong>detraheret.</strong></span> <span class='ocrx_word' id='word_1_303' title='bbox 2556 3637 2682 3673; x_wconf 66' lang='lat'><strong>00⁸0,</strong></span> 
     </span>
    </p>
   </div>
   <div class='ocr_carea' id='block_1_5' title="bbox 425 3692 2870 4443">
    <p class='ocr_par' dir='ltr' id='par_1_7' title="bbox 425 3692 2870 4443">
     <span class='ocr_line' id='line_1_34' title="bbox 503 3692 2792 3765; baseline 0.002 -17"><span class='ocrx_word' id='word_1_304' title='bbox 503 3693 755 3762; x_wconf 78' lang='lat' dir='ltr'><strong>Quidam</strong></span> <span class='ocrx_word' id='word_1_305' title='bbox 789 3693 1048 3765; x_wconf 86' lang='lat' dir='ltr'><strong>insuper,</strong></span> <span class='ocrx_word' id='word_1_306' title='bbox 1089 3710 1125 3747; x_wconf 89' lang='lat' dir='ltr'><strong>a</strong></span> <span class='ocrx_word' id='word_1_307' title='bbox 1157 3692 1362 3747; x_wconf 89' lang='lat' dir='ltr'><strong>multis</strong></span> <span class='ocrx_word' id='word_1_308' title='bbox 1400 3692 1565 3748; x_wconf 89' lang='lat' dir='ltr'><strong>annis</strong></span> <span class='ocrx_word' id='word_1_309' title='bbox 1603 3710 1813 3756; x_wconf 65' lang='lat' dir='ltr'><strong>caecus,</strong></span> <span class='ocrx_word' id='word_1_310' title='bbox 1854 3710 2029 3764; x_wconf 89' lang='lat' dir='ltr'><strong>quem</strong></span> <span class='ocrx_word' id='word_1_311' title='bbox 2066 3693 2224 3748; x_wconf 88' lang='lat' dir='ltr'><strong>idem</strong></span> <span class='ocrx_word' id='word_1_312' title='bbox 2258 3694 2530 3749; x_wconf 85' lang='lat' dir='ltr'><strong>Pontifex</strong></span> <span class='ocrx_word' id='word_1_313' title='bbox 2555 3700 2792 3753; x_wconf 72' lang='lat' dir='ltr'><strong>Mil-acles</strong></span> 
     </span>
     <span class='ocr_line' id='line_1_35' title="bbox 433 3769 2822 3848; baseline -0 -15"><span class='ocrx_word' id='word_1_314' title='bbox 433 3778 536 3833; x_wconf 91' lang='lat' dir='ltr'><strong>diu</strong></span> <span class='ocrx_word' id='word_1_315' title='bbox 558 3795 631 3832; x_wconf 76' lang='lat' dir='ltr'><strong>ex</strong></span> <span class='ocrx_word' id='word_1_316' title='bbox 654 3777 1023 3848; x_wconf 81' lang='lat' dir='ltr'><strong>eleemosyna</strong></span> <span class='ocrx_word' id='word_1_317' title='bbox 1057 3795 1166 3831; x_wconf 89' lang='lat' dir='ltr'><strong>sua</strong></span> <span class='ocrx_word' id='word_1_318' title='bbox 1189 3782 1633 3841; x_wconf 83' lang='lat' dir='ltr'><strong>sustentaverat,</strong></span> <span class='ocrx_word' id='word_1_319' title='bbox 1663 3775 1865 3832; x_wconf 86' lang='lat' dir='ltr'><strong>audita</strong></span> <span class='ocrx_word' id='word_1_320' title='bbox 1887 3783 2074 3833; x_wconf 88' lang='lat' dir='ltr'><strong>morte</strong></span> <span class='ocrx_word' id='word_1_321' title='bbox 2099 3778 2226 3848; x_wconf 87' lang='lat' dir='ltr'><strong>ejus</strong></span> <span class='ocrx_word' id='word_1_322' title='bbox 2251 3784 2312 3834; x_wconf 87' lang='lat' dir='ltr'><strong>et</strong></span> <span class='ocrx_word' id='word_1_323' title='bbox 2334 3796 2526 3843; x_wconf 87' lang='lat' dir='ltr'><strong>causa,</strong></span> <span class='ocrx_word' id='word_1_324' title='bbox 2556 3769 2751 3832; x_wconf 78' lang='lat' dir='ltr'><strong>alleged</strong></span> <span class='ocrx_word' id='word_1_325' title='bbox 2770 3776 2822 3819; x_wconf 87' lang='lat' dir='ltr'><strong>to</strong></span> 
     </span>
     <span class='ocr_line' id='line_1_36' title="bbox 433 3836 2831 3951; baseline -0 -34"><span class='ocrx_word' id='word_1_326' title='bbox 433 3862 783 3917; x_wconf 87' lang='lat' dir='ltr'><strong>fiducialiter</strong></span> <span class='ocrx_word' id='word_1_327' title='bbox 824 3860 996 3933; x_wconf 84' lang='lat' dir='ltr'><strong>petiit</strong></span> <span class='ocrx_word' id='word_1_328' title='bbox 1036 3880 1073 3916; x_wconf 89' lang='lat' dir='ltr'><strong>a</strong></span> <span class='ocrx_word' id='word_1_329' title='bbox 1107 3860 1234 3916; x_wconf 89' lang='lat' dir='ltr'><strong>Deo</strong></span> <span class='ocrx_word' id='word_1_330' title='bbox 1280 3879 1386 3932; x_wconf 88' lang='lat' dir='ltr'><strong>per</strong></span> <span class='ocrx_word' id='word_1_331' title='bbox 1432 3860 1560 3933; x_wconf 88' lang='lat' dir='ltr'><strong>ejus</strong></span> <span class='ocrx_word' id='word_1_332' title='bbox 1609 3861 1822 3916; x_wconf 85' lang='lat' dir='ltr'><strong>merita</strong></span> <span class='ocrx_word' id='word_1_333' title='bbox 1868 3861 1981 3917; x_wconf 91' lang='lat' dir='ltr'><strong>sibi</strong></span> <span class='ocrx_word' id='word_1_334' title='bbox 2041 3862 2234 3917; x_wconf 83' lang='lat' dir='ltr'><strong>visum</strong></span> <span class='ocrx_word' id='word_1_335' title='bbox 2275 3862 2525 3928; x_wconf 89' lang='lat' dir='ltr'><strong>restitui,</strong></span> <span class='ocrx_word' id='word_1_336' title='bbox 2555 3836 2686 3885; x_wconf 62' lang='lat' dir='ltr'>have</span> <span class='ocrx_word' id='word_1_337' title='bbox 2708 3837 2831 3951; x_wconf 43' lang='grc' dir='ltr'><strong>δέξω</strong></span> 
     </span>
     <span class='ocr_line' id='line_1_37' title="bbox 433 3911 2870 4032; baseline -0 -26"><span class='ocrx_word' id='word_1_338' title='bbox 433 3956 494 4006; x_wconf 88' lang='lat' dir='ltr'><strong>et</strong></span> <span class='ocrx_word' id='word_1_339' title='bbox 525 3951 720 4006; x_wconf 80' lang='lat' dir='ltr'><strong>visum</strong></span> <span class='ocrx_word' id='word_1_340' title='bbox 767 3949 1008 4019; x_wconf 89' lang='lat' dir='ltr'><strong>recepit.</strong></span> <span class='ocrx_word' id='word_1_341' title='bbox 1085 3949 1158 4003; x_wconf 92' lang='lat' dir='ltr'><strong>In</strong></span> <span class='ocrx_word' id='word_1_342' title='bbox 1194 3948 1498 4021; x_wconf 87' lang='lat' dir='ltr'><strong>sepultura</strong></span> <span class='ocrx_word' id='word_1_343' title='bbox 1533 3967 1658 4013; x_wconf 88' lang='lat' dir='ltr'><strong>sna,</strong></span> <span class='ocrx_word' id='word_1_344' title='bbox 1711 3949 1950 4021; x_wconf 87' lang='lat' dir='ltr'><strong>quidam</strong></span> <span class='ocrx_word' id='word_1_345' title='bbox 1987 3949 2058 4004; x_wconf 90' lang='lat' dir='ltr'><strong>de</strong></span> <span class='ocrx_word' id='word_1_346' title='bbox 2102 3949 2373 4015; x_wconf 83' lang='lat' dir='ltr'><strong>Doveria,</strong></span> <span class='ocrx_word' id='word_1_347' title='bbox 2426 3951 2527 4022; x_wconf 89' lang='lat' dir='ltr'><strong>qui</strong></span> <span class='ocrx_word' id='word_1_348' title='bbox 2552 3911 2785 4032; x_wconf 46' lang='lat' dir='ltr'><strong>{¹3:1⁸}ss</strong></span> <span class='ocrx_word' id='word_1_349' title='bbox 2790 3969 2870 4019; x_wconf 63' lang='lat' dir='ltr'><strong>hig</strong></span> 
     </span>
     <span class='ocr_line' id='line_1_38' title="bbox 425 4032 2743 4106; baseline 0 -16"><span class='ocrx_word' id='word_1_350' title='bbox 425 4035 552 4106; x_wconf 83' lang='lat' dir='ltr'><strong>jam</strong></span> <span class='ocrx_word' id='word_1_351' title='bbox 587 4035 733 4090; x_wconf 88' lang='lat' dir='ltr'><strong>duos</strong></span> <span class='ocrx_word' id='word_1_352' title='bbox 782 4051 962 4088; x_wconf 88' lang='lat' dir='ltr'><strong>annos</strong></span> <span class='ocrx_word' id='word_1_353' title='bbox 1012 4033 1074 4088; x_wconf 91' lang='lat' dir='ltr'><strong>in</strong></span> <span class='ocrx_word' id='word_1_354' title='bbox 1119 4032 1380 4088; x_wconf 59' lang='lat' dir='ltr'><strong>caecitate</strong></span> <span class='ocrx_word' id='word_1_355' title='bbox 1428 4033 1757 4098; x_wconf 85' lang='lat' dir='ltr'><strong>transierat,</strong></span> <span class='ocrx_word' id='word_1_356' title='bbox 1808 4051 1912 4105; x_wconf 90' lang='lat' dir='ltr'><strong>per</strong></span> <span class='ocrx_word' id='word_1_357' title='bbox 1959 4032 2154 4088; x_wconf 78' lang='lat' dir='ltr'><strong>visum</strong></span> <span class='ocrx_word' id='word_1_358' title='bbox 2201 4034 2529 4090; x_wconf 88' lang='lat' dir='ltr'><strong>admonitus</strong></span> <span class='ocrx_word' id='word_1_359' title='bbox 2556 4034 2743 4086; x_wconf 75' lang='lat' dir='ltr'><strong>mex-its.</strong></span> 
     </span>
     <span class='ocr_line' id='line_1_39' title="bbox 433 4117 2531 4190; baseline 0 -16"><span class='ocrx_word' id='word_1_360' title='bbox 433 4120 508 4174; x_wconf 84' lang='lat' dir='ltr'><strong>ad</strong></span> <span class='ocrx_word' id='word_1_361' title='bbox 544 4137 753 4190; x_wconf 86' lang='lat' dir='ltr'><strong>corpus</strong></span> <span class='ocrx_word' id='word_1_362' title='bbox 788 4117 968 4182; x_wconf 82' lang='lat' dir='ltr'><strong>venit,</strong></span> <span class='ocrx_word' id='word_1_363' title='bbox 1009 4123 1070 4173; x_wconf 88' lang='lat' dir='ltr'><strong>et</strong></span> <span class='ocrx_word' id='word_1_364' title='bbox 1104 4134 1173 4171; x_wconf 84' lang='lat' dir='ltr'><strong>ea</strong></span> <span class='ocrx_word' id='word_1_365' title='bbox 1208 4122 1376 4173; x_wconf 89' lang='lat' dir='ltr'><strong>nocte</strong></span> <span class='ocrx_word' id='word_1_366' title='bbox 1423 4117 1620 4172; x_wconf 87' lang='lat' dir='ltr'><strong>lumen</strong></span> <span class='ocrx_word' id='word_1_367' title='bbox 1671 4117 1783 4172; x_wconf 88' lang='lat' dir='ltr'><strong>sibi</strong></span> <span class='ocrx_word' id='word_1_368' title='bbox 1821 4117 2117 4173; x_wconf 81' lang='lat' dir='ltr'><strong>redditum</strong></span> <span class='ocrx_word' id='word_1_369' title='bbox 2153 4117 2277 4173; x_wconf 83' lang='lat' dir='ltr'><strong>fore</strong></span> <span class='ocrx_word' id='word_1_370' title='bbox 2313 4120 2531 4188; x_wconf 87' lang='lat' dir='ltr'><strong>gaude-</strong></span> 
     </span>
     <span class='ocr_line' id='line_1_40' title="bbox 434 4201 2532 4274; baseline 0 -16"><span class='ocrx_word' id='word_1_371' title='bbox 434 4205 552 4258; x_wconf 89' lang='lat' dir='ltr'><strong>bat.</strong></span> <span class='ocrx_word' id='word_1_372' title='bbox 627 4202 847 4257; x_wconf 85' lang='lat' dir='ltr'><strong>Mulier</strong></span> <span class='ocrx_word' id='word_1_373' title='bbox 882 4201 1167 4274; x_wconf 82' lang='lat' dir='ltr'><strong>quaedam,</strong></span> <span class='ocrx_word' id='word_1_374' title='bbox 1208 4219 1342 4273; x_wconf 77' lang='lat' dir='ltr'><strong>quoe</strong></span> <span class='ocrx_word' id='word_1_375' title='bbox 1377 4201 1747 4273; x_wconf 84' lang='lat' dir='ltr'><strong>impregnata</strong></span> <span class='ocrx_word' id='word_1_376' title='bbox 1782 4201 1976 4258; x_wconf 82' lang='lat' dir='ltr'><strong>fuerat</strong></span> <span class='ocrx_word' id='word_1_377' title='bbox 2011 4208 2073 4258; x_wconf 88' lang='lat' dir='ltr'><strong>et</strong></span> <span class='ocrx_word' id='word_1_378' title='bbox 2120 4221 2325 4274; x_wconf 87' lang='lat' dir='ltr'><strong>parere</strong></span> <span class='ocrx_word' id='word_1_379' title='bbox 2368 4203 2532 4258; x_wconf 89' lang='lat' dir='ltr'><strong>nullo</strong></span> 
     </span>
     <span class='ocr_line' id='line_1_41' title="bbox 433 4285 2534 4359; baseline 0 -17"><span class='ocrx_word' id='word_1_380' title='bbox 433 4288 606 4342; x_wconf 89' lang='lat' dir='ltr'><strong>modo</strong></span> <span class='ocrx_word' id='word_1_381' title='bbox 640 4292 884 4359; x_wconf 87' lang='lat' dir='ltr'><strong>poterat,</strong></span> <span class='ocrx_word' id='word_1_382' title='bbox 924 4287 1218 4359; x_wconf 88' lang='lat' dir='ltr'><strong>postulato</strong></span> <span class='ocrx_word' id='word_1_383' title='bbox 1254 4286 1381 4358; x_wconf 86' lang='lat' dir='ltr'><strong>ejus</strong></span> <span class='ocrx_word' id='word_1_384' title='bbox 1420 4285 1654 4349; x_wconf 83' lang='lat' dir='ltr'><strong>auxilie,</strong></span> <span class='ocrx_word' id='word_1_385' title='bbox 1707 4285 1909 4340; x_wconf 90' lang='lat' dir='ltr'><strong>eodem</strong></span> <span class='ocrx_word' id='word_1_386' title='bbox 1946 4285 2041 4341; x_wconf 85' lang='lat' dir='ltr'><strong>die</strong></span> <span class='ocrx_word' id='word_1_387' title='bbox 2084 4286 2407 4343; x_wconf 86' lang='lat' dir='ltr'><strong>deliberata</strong></span> <span class='ocrx_word' id='word_1_388' title='bbox 2441 4294 2534 4343; x_wconf 84' lang='lat' dir='ltr'><strong>est</strong></span> 
     </span>
     <span class='ocr_line' id='line_1_42' title="bbox 436 4369 2530 4443; baseline -0 -15"><span class='ocrx_word' id='word_1_389' title='bbox 436 4374 508 4428; x_wconf 93' lang='lat' dir='ltr'><strong>de</strong></span> <span class='ocrx_word' id='word_1_390' title='bbox 543 4372 732 4427; x_wconf 88' lang='lat' dir='ltr'><strong>tribus</strong></span> <span class='ocrx_word' id='word_1_391' title='bbox 768 4370 1045 4426; x_wconf 87' lang='lat' dir='ltr'><strong>masculis</strong></span> <span class='ocrx_word' id='word_1_392' title='bbox 1087 4370 1368 4443; x_wconf 83' lang='lat' dir='ltr'><strong>puerulis,</strong></span> <span class='ocrx_word' id='word_1_393' title='bbox 1420 4370 1524 4441; x_wconf 86' lang='lat' dir='ltr'><strong>qui</strong></span> <span class='ocrx_word' id='word_1_394' title='bbox 1572 4386 1771 4424; x_wconf 86' lang='lat' dir='ltr'><strong>omnes</strong></span> <span class='ocrx_word' id='word_1_395' title='bbox 1818 4369 2097 4442; x_wconf 86' lang='lat' dir='ltr'><strong>baptizati</strong></span> <span class='ocrx_word' id='word_1_396' title='bbox 2146 4377 2300 4427; x_wconf 86' lang='lat' dir='ltr'><strong>sunt.</strong></span> <span class='ocrx_word' id='word_1_397' title='bbox 2374 4372 2530 4427; x_wconf 84' lang='lat' dir='ltr'><strong>Mul·</strong></span> 
     </span>
    </p>
   </div>
   <div class='ocr_carea' id='block_1_6' title="bbox 433 4453 2530 4530">
    <p class='ocr_par' dir='ltr' id='par_1_8' title="bbox 433 4453 2530 4530">
     <span class='ocr_line' id='line_1_43' title="bbox 433 4453 2530 4530; baseline 0.001 -18"><span class='ocrx_word' id='word_1_398' title='bbox 433 4464 608 4530; x_wconf 84' lang='lat' dir='ltr'><strong>taque</strong></span> <span class='ocrx_word' id='word_1_399' title='bbox 644 4456 1059 4513; x_wconf 87' lang='lat' dir='ltr'><strong>miraculorum</strong></span> <span class='ocrx_word' id='word_1_400' title='bbox 1096 4455 1265 4526; x_wconf 84' lang='lat' dir='ltr'><strong>signa</strong></span> <span class='ocrx_word' id='word_1_401' title='bbox 1300 4455 1417 4510; x_wconf 90' lang='lat' dir='ltr'><strong>alia</strong></span> <span class='ocrx_word' id='word_1_402' title='bbox 1449 4459 1584 4526; x_wconf 89' lang='lat' dir='ltr'><strong>post</strong></span> <span class='ocrx_word' id='word_1_403' title='bbox 1630 4453 1759 4524; x_wconf 88' lang='lat' dir='ltr'><strong>ejus</strong></span> <span class='ocrx_word' id='word_1_404' title='bbox 1795 4462 2040 4510; x_wconf 88' lang='lat' dir='ltr'><strong>mortem</strong></span> <span class='ocrx_word' id='word_1_405' title='bbox 2077 4455 2357 4512; x_wconf 86' lang='lat' dir='ltr'><strong>divinitus</strong></span> <span class='ocrx_word' id='word_1_406' title='bbox 2393 4466 2530 4515; x_wconf 90' lang='lat' dir='ltr'><strong>sunt</strong></span> 
     </span>
    </p>
   </div>
   <div class='ocr_carea' id='block_1_7' title="bbox 501 4680 2525 4831">
    <p class='ocr_par' dir='ltr' id='par_1_9' title="bbox 501 4680 2525 4831">
     <span class='ocr_line' id='line_1_44' title="bbox 505 4680 2525 4749; baseline 0.001 -15"><span class='ocrx_word' id='word_1_407' title='bbox 505 4686 519 4716; x_wconf 83' lang='lat'>¹</span> <span class='ocrx_word' id='word_1_408' title='bbox 542 4686 631 4749; x_wconf 78' lang='lat' dir='ltr'><strong>qui</strong></span> <span class='ocrx_word' id='word_1_409' title='bbox 649 4683 861 4735; x_wconf 82' lang='lat' dir='ltr'><strong>omitted</strong></span> <span class='ocrx_word' id='word_1_410' title='bbox 877 4682 931 4733; x_wconf 91' lang='lat' dir='ltr'><strong>in</strong></span> <span class='ocrx_word' id='word_1_411' title='bbox 948 4682 1035 4734; x_wconf 81' lang='lat' dir='ltr'><strong>the</strong></span> <span class='ocrx_word' id='word_1_412' title='bbox 1057 4681 1259 4747; x_wconf 80' lang='lat' dir='ltr'><strong>printed</strong></span> <span class='ocrx_word' id='word_1_413' title='bbox 1282 4689 1432 4733; x_wconf 82' lang='lat' dir='ltr'><strong>texts.</strong></span> <span class='ocrx_word' id='word_1_414' title='bbox 1530 4680 1590 4732; x_wconf 81' lang='grc' dir='ltr'><strong>Ε.</strong></span> <span class='ocrx_word' id='word_1_415' title='bbox 1614 4680 1687 4733; x_wconf 86' lang='lat' dir='ltr'><strong>ix.</strong></span> <span class='ocrx_word' id='word_1_416' title='bbox 1713 4701 1725 4731; x_wconf 75' lang='grc' dir='ltr'><strong><em>ε</em></strong></span> <span class='ocrx_word' id='word_1_417' title='bbox 1762 4680 1861 4741; x_wconf 73' lang='lat' dir='ltr'><strong>Ale,</strong></span> <span class='ocrx_word' id='word_1_418' title='bbox 1885 4680 1967 4742; x_wconf 81' lang='grc' dir='ltr'><strong>αΙι,</strong></span> <span class='ocrx_word' id='word_1_419' title='bbox 1983 4681 2040 4732; x_wconf 90' lang='lat' dir='ltr'><strong>in</strong></span> <span class='ocrx_word' id='word_1_420' title='bbox 2058 4682 2144 4733; x_wconf 87' lang='lat' dir='ltr'><strong>the</strong></span> <span class='ocrx_word' id='word_1_421' title='bbox 2161 4684 2358 4748; x_wconf 82' lang='lat' dir='ltr'><strong>printed</strong></span> <span class='ocrx_word' id='word_1_422' title='bbox 2373 4692 2525 4736; x_wconf 81' lang='lat' dir='ltr'><strong>texts.</strong></span> 
     </span>
     <span class='ocr_line' id='line_1_45' title="bbox 501 4762 1433 4831; baseline -0.005 -14"><span class='ocrx_word' id='word_1_423' title='bbox 501 4766 522 4798; x_wconf 69' lang='lat'>²</span> <span class='ocrx_word' id='word_1_424' title='bbox 545 4763 591 4817; x_wconf 77' lang='lat' dir='ltr'><strong><em>A</em></strong></span> <span class='ocrx_word' id='word_1_425' title='bbox 618 4780 652 4814; x_wconf 81' lang='lat' dir='ltr'><strong>a</strong></span> <span class='ocrx_word' id='word_1_426' title='bbox 675 4763 732 4818; x_wconf 87' lang='lat' dir='ltr'><strong>in</strong></span> <span class='ocrx_word' id='word_1_427' title='bbox 754 4763 882 4831; x_wconf 79' lang='lat' dir='ltr'><strong>orig.</strong></span> <span class='ocrx_word' id='word_1_428' title='bbox 905 4764 1007 4813; x_wconf 84' lang='lat' dir='ltr'><strong>and</strong></span> <span class='ocrx_word' id='word_1_429' title='bbox 1040 4762 1177 4812; x_wconf 90' lang='lat' dir='ltr'><strong>Bibl.</strong></span> <span class='ocrx_word' id='word_1_430' title='bbox 1213 4762 1343 4827; x_wconf 81' lang='lat' dir='ltr'><strong>Reg.</strong></span> <span class='ocrx_word' id='word_1_431' title='bbox 1373 4766 1433 4812; x_wconf 82' lang='lat'><strong>13</strong></span> 
     </span>
    </p>
   </div>
  </div>
 </body>
</html>
