3300 5617
808 746 937 813 166
1458 758 1719 809 ‘mom
1764 755 2238 808 wmmem

467 954 607 1007 A.D.
646 960 791 1009 1322.
885 948 1011 1004 Rex
1059 949 1246 1021 igitur
1298 946 1488 1003 elatus
1536 945 1612 1001 de
1658 951 1823 1003 tauta
1869 946 2135 1013 victoria,
2181 944 2308 1018 (qui
2357 943 2555 1018 potius
2605 943 2909 1018 gemuisse
2929 946 3208 1014 Trukdove,

478 1040 785 1105 Expedition
811 1034 1094 1090 debuerat
1128 1034 1202 1088 de
1235 1038 1400 1088 tanta
1443 1031 1732 1087 nobilium
1777 1032 1954 1087 turba
2000 1031 2153 1087 male
2201 1036 2524 1102 perempta,
2578 1031 2721 1103 quia
2769 1037 2910 1086 wne
2933 1031 3019 1081 PP-
3043 1021 3116 1075 ⁶³,
3134 1024 3198 1068 64.

473 1107 674 1171 ssgfinsst
808 1123 925 1178 fuit
958 1139 1095 1178 vere
1130 1120 1342 1185 victus,
1396 1119 1627 1191 quando
1668 1125 1759 1176 tob
1791 1119 1938 1176 Vissste
1983 1119 2301 1191 prudentes
2350 1116 2616 1188 militem)
2668 1118 2912 1189 muegit
2929 1082 3181 1228 ἓξὲξ·

475 1175 733 1228 ὃοοὼῃᾶ·
805 1206 1127 1262 exercitum
1178 1204 1392 1260 fortem
1438 1203 1615 1259 nimis
1677 1208 1739 1259 et
1783 1220 2065 1275 magnum
2125 1207 2329 1259 contra
2376 1201 2602 1267 Scotos,
2654 1207 2910 1273 quantus
2926 1216 2994 1268 Ε,
3014 1232 3083 1267 11,

805 1310 842 1347 a
884 1290 1063 1360 longo
1109 1294 1372 1360 tempore
1416 1305 1534 1344 non
1579 1292 1674 1343 est
1718 1286 1902 1343 visus.
2001 1287 2116 1356 Qui
2175 1287 2398 1357 absque
2444 1286 2803 1342 victualibus
2847 1285 2910 1342 iu

804 1375 975 1446 gravi
1022 1389 1414 1444 pomposaque
1461 1371 1839 1428 multitudine
1896 1371 1963 1426 in
2020 1370 2367 1427 Borealibus
2427 1370 2717 1426 adunatus
2778 1387 2909 1441 pm·-

804 1458 982 1523 tibus‚
1026 1457 1295 1529 pervenit
1346 1455 1421 1511 ad
1474 1455 1705 1526 Regem
1754 1455 1830 1511 ad
1881 1455 2088 1512 villam
2141 1455 2215 1511 de
2263 1454 2437 1512 Novo
2487 1455 2698 1511 Castro
2734 1469 2912 1530 super

805 1543 1047 1613 Tynam.
1148 1540 1295 1595 Inde
1336 1539 1465 1594 Rex
1508 1538 1805 1595 hostiliter
1851 1539 2147 1611 profectus
2195 1544 2288 1594 est
2331 1539 2398 1594 in
2443 1537 2460 1570 ¹
2483 1537 2699 1604 Scotia,
2752 1538 2910 1594 lento

806 1644 1018 1698 gressu
1075 1624 1429 1696 permetiens
1489 1623 1772 1694 quasdam
1829 1628 2027 1694 partes
2085 1622 2250 1678 illius
2307 1622 2660 1694 provinciae3
2739 1623 2910 1694 cujus

806 1710 1060 1766 adventu
1112 1708 1487 1781 praecognito,
1547 1706 1709 1763 Secti
1761 1707 1914 1762 bona
1964 1725 2074 1762 sua
2121 1724 2257 1763 cum
2289 1706 2637 1764 necessariis
2674 1706 2751 1762 ad
2784 1706 2912 1763 loca

807 1794 1027 1850 tutiora
1083 1795 1610 1862 comportaverunt,
1675 1791 1971 1861 fugientes
2029 1790 2106 1846 ad
2150 1789 2173 1823 ²
2187 1796 2434 1856 montes,
2499 1805 2757 1856 nemora,
2814 1790 2910 1846 vel

808 1877 1085 1950 paludes:
1141 1876 1344 1946 sicque
1368 1874 1637 1944 contigit,
1664 1880 1735 1931 ut
1773 1892 1908 1931 cum
1946 1874 2074 1931 Rex
2109 1874 2234 1932 suis
2270 1875 2495 1931 nullam
2516 1874 2910 1931 resistentiam

808 1960 1115 2025 inveniret,
1175 1959 1457 2030 nullaque
1514 1959 1797 2014 victualia
1866 1958 2173 2030 reperiret,
2237 1959 2343 2014 sed
2402 1958 2601 2013 omnia
2657 1958 2905 2023 deserta,

808 2050 1069 2110 vacuata,
1130 2042 1397 2099 'vastata
1455 2042 1785 2114 perpendit,
1848 2042 2211 2116 consumptis
2282 2043 2473 2114 igitur
2529 2042 2904 2109 victualibus,

806 2139 926 2185 tam
949 2146 1056 2200 per
1077 2134 1298 2184 terram
1320 2143 1497 2199 quam
1532 2143 1639 2197 per
1673 2143 1835 2182 mare
1858 2143 1967 2198 pro
1994 2127 2253 2183 exercitu
2276 2127 2671 2198 comportatis,
2699 2144 2911 2198 magna

807 2231 943 2284 pars
967 2213 1275 2277 exercitae,
1303 2212 1456 2267 fame
1494 2215 1556 2266 et
1589 2207 1786 2265 inedia
1816 2211 2121 2276 tabefacta,
2164 2210 2468 2283 ⁴protinus
2506 2215 2600 2267 est
2634 2211 2904 2267 extincta.

808 2296 976 2366 Quia,
1016 2302 1191 2369 prout
1224 2295 1370 2351 dicit
1403 2294 1694 2365 vegetius
1740 2294 1828 2349 ,De
1873 2294 1957 2350 Re
2003 2294 2279 2360 Militan’,
2335 2297 2375 2323 ‘⁸
2394 2294 2625 2365 Saepius
2665 2296 2910 2367 penuria

813 2384 851 2409 ‘⁸
891 2398 1067 2452 quam
1119 2397 1321 2451 pugna
1378 2379 1673 2435 consumit
1718 2378 2058 2445 exercitum,
2109 2384 2171 2435 et
2215 2379 2373 2435 ferro
2420 2379 2679 2434 severior
2727 2380 2907 2434 fames

474 2467 717 2518 Unfortu-
813 2467 852 2493 “
890 2464 1041 2520 est.'’
1129 2462 1388 2518 Gemens
1435 2467 1634 2518 autem
1681 2461 1809 2517 Rex
1854 2462 2087 2535 plebem
2127 2479 2297 2518 suam
2338 2462 2534 2534 perire
2570 2468 2694 2518 tam
2735 2463 2907 2518 mise-

470 2541 588 2584 moe
602 2534 785 2587 Μῶα*
809 2548 1091 2614 rabiliter,
1196 2546 1397 2602 dolens
1484 2547 1724 2601 domum
1824 2546 2178 2617 regreditur,
2264 2547 2482 2602 infecto
2565 2563 2906 2618 quocunque

473 2600 679 2653 ‘hm
806 2632 1045 2705 negotio
1090 2632 1408 2687 fructuoso.
1508 2629 1778 2701 Cumque
1827 2630 2001 2685 multi
2061 2629 2135 2685 de
2193 2629 2381 2701 Regis
2429 2631 2692 2686 exercitu
2736 2629 2757 2662 ⁵
2777 2647 2905 2701 per·

807 2716 1105 2773 venissent
1162 2714 1238 2770 ad
1295 2713 1551 2787 propria,
1614 2721 1677 2768 et
1735 2718 2072 2786 gustassent
2128 2713 2291 2769 cibos
2338 2713 2589 2779 avidius,
2639 2730 2772 2768 mox
2813 2713 2906 2771 vel

808 2800 1061 2872 diruptis
1134 2797 1464 2854 visceribus
1544 2797 1963 2863 moriebantur,
2043 2804 2165 2863 aut,
2252 2803 2598 2868 consumpta
2676 2803 2903 2863 natura,

809 2901 1040 2954 semper
1085 2881 1411 2938 imbecilles
1459 2885 1522 2936 et
1566 2879 1791 2935 debiles
1836 2886 2302 2952 permanserunt,
2351 2880 2511 2937 vires
2557 2881 2907 2953 praehabitas

807 2984 1151 3038 recuperare
1198 2983 1315 3020 non
1348 2964 1628 3020 valentes.

475 3052 617 3168 535
637 3051 750 3168 {1¹⁴³ss
807 3050 1583 3202 130‘3-32135112,⁶131*{⁰022¹‘2¹3{
1617 3046 2910 3202 ffifflfiessffiffissfflffiffi

474 3185 713 3304 ξὲοἶὼθ
811 3218 988 3281 Scoti,
1028 3234 1134 3288 per
1168 3217 1559 3287 exploratores
1593 3214 1847 3286 perfidos
1884 3232 2030 3286 quos
2064 3215 2356 3272 habeth
2377 3216 2678 3288 Anglicos,
2719 3217 2906 3273 edocti

809 3302 881 3357 de
935 3301 1120 3373 Regis
1173 3300 1327 3355 male
1381 3305 1554 3355 cauta
1599 3298 2135 3370 perhendinatione,
2180 3300 2438 3372 ingressi
2480 3307 2619 3357 sunt
2659 3318 2906 3373 regnum

808 3385 1021 3450 subito,
1047 3384 1068 3416 ⁸
1086 3389 1385 3457 sperantes
1410 3383 1640 3455 Regem
1665 3383 1965 3438 incautum
1988 3401 2196 3456 capere
2218 3383 2315 3440 vel
2338 3390 2498 3440 certe
2521 3385 2828 3456 perimere,
2856 3386 2906 3441 si

810 3471 1042 3525 fortuna
1063 3469 1334 3526 favisset:
1377 3466 1498 3531 sed,
1522 3466 1648 3522 Deo
1670 3467 1920 3533 volente,
1942 3467 2086 3532 Rex,
2106 3469 2490 3540 praemunitus
2514 3469 2588 3525 de
2604 3470 2906 3526 Scotorum

808 3553 1225 3618 molitionibus,
1263 3552 1510 3608 recessit
1542 3569 1579 3606 a
1611 3551 1773 3618 loco;
1814 3568 1990 3622 quem
2023 3552 2189 3608 velut
2222 3552 2548 3622 fugientem
2584 3553 2745 3611 Secti
2779 3573 2905 3627 per-

810 3638 998 3694 secuti
1034 3643 1173 3692 sunt
1193 3653 1382 3707 usque
1405 3636 1482 3692 ad
1521 3634 1880 3691 Abbathiam
1919 3635 1994 3690 de
2032 3635 2300 3707 Bylaud;
2341 3637 2446 3693 sed
2479 3655 2590 3694 nec
2623 3638 2709 3693 ibi
2745 3645 2906 3695 tutus

813 3724 976 3778 locus
1015 3721 1168 3792 Regi
1206 3721 1415 3785 fuerat,
1460 3726 1701 3793 propter
1740 3720 2049 3775 Scotorum
2070 3719 2428 3777 violentiam.
2521 3722 2904 3792 Quamobrem

814 3807 960 3872 Rex,
986 3806 1086 3860 vix
1108 3804 1356 3876 arreptis
1379 3803 1578 3869 armis,
1605 3803 1765 3875 fugit
1785 3804 2117 3860 Eboracum
2140 3804 2429 3870 celeriter,
2468 3807 2747 3863 thesauro
2780 3826 2902 3872 su0‚

813 3889 1185 3954 victualibus,
1207 3892 1269 3943 et
1287 3887 1658 3953 utensilibus,
1675 3887 1989 3959 direptioni
2009 3885 2288 3945 'relictis
2353 3889 2515 3945 Scoti
2535 3907 2696 3954 vero,
2713 3891 2907 3946 viden·

811 3980 903 4031 tes
938 3974 1065 4030 vias
1100 3990 1237 4029 suas
1260 3972 1611 4043 prosperari,
1636 3972 1886 4042 patriam
1908 3978 2325 4043 pervagantur,
2352 3974 2547 4029 omnia
2567 3975 2725 4030 ferro
2746 3975 2904 4030 flam-

810 4075 1024 4131 maque
1045 4061 1359 4122 vastantes,
1386 4060 1449 4111 et
1469 4056 1730 4128 captivos
1752 4055 1970 4112 multos
1994 4073 2195 4112 seeum
2215 4058 2548 4125 trahentem
2585 4058 2743 4115 inter
2764 4075 2905 4131 quos

878 4319 893 4349 ¹
920 4318 1133 4370 Sentium
1154 4318 1211 4367 in
1230 4316 1319 4367 the
1334 4314 1535 4382 printed
1554 4322 1704 4368 texts.
1903 4315 1960 4367 in
1982 4315 2097 4369 MS.
2120 4317 2257 4369 Bibl.
2279 4317 2405 4385 Reg.
2433 4323 2494 4370 13
2515 4317 2579 4370 Ε.
2601 4319 2677 4373 ix.

878 4394 1524 4462 ’Appmntlyexpanded
1561 4393 1818 4446 fiomthe
1968 4397 2906 4466 ‘pmaissetiuofig.3byinad·

813 4477 846 4505 “
868 4473 939 4525 ad
973 4471 1080 4526 toea
1118 4481 1225 4526 tnta
1266 4471 1656 4542 eonfinyientibss
1673 4473 1706 4500 ”
1764 4475 1828 4526 of
1902 4483 2152 4530 verteme.

815 4553 1128 4606 Trokelove.
1965 4559 1987 4587 ⁸
2007 4557 2121 4608 The
2155 4556 2408 4624 lauguage
2442 4558 2506 4609 os
2541 4555 2843 4612 'rmkelove
2861 4560 2908 4612 is

880 4639 900 4668 ³
920 4644 969 4686 et
988 4643 1185 4686 vastata
1204 4634 1260 4685 in
1282 4636 1369 4686 the
1390 4636 1591 4701 printed
1613 4641 1760 4686 texts.
1900 4636 2156 4702 amplifled
2177 4636 2311 4687 bere.
2793 4687 2806 4696 ,

880 4719 901 4747 ⁴
912 4716 1111 4783 patius
1146 4716 1204 4766 in
1226 4715 1523 4769 Trokelowe
1544 4738 1560 4778 ς
1584 4717 1815 4783 pretim
1967 4721 1986 4746 '
2006 4716 2194 4770 relecta
2207 4717 2264 4768 iu
2277 4718 2406 4785 orig.
2416 4740 2432 4781 ς
2449 4719 2521 4785 by
2536 4717 2905 4772 inadvertcnce.
