3300 5617
823 778 954 841 350
1501 790 1762 841 'raom
1807 790 2277 845 waismcmiu

490 981 865 1050 A‚D‚1377‚“
902 980 1215 1050 praefatum
1257 980 1296 1034 J
1300 979 1583 1034 ohannem
1622 985 1793 1044 artet,
1857 981 1978 1035 acsi
2023 981 2138 1037 sibi
2198 982 2584 1053 personaliter
2630 982 2924 1038 insinuata
2943 994 3141 1053 Msjffl

824 1067 863 1091 “
902 1070 962 1120 et
1006 1065 1276 1120 intimata
1329 1064 1559 1129 suisset,
1599 1064 2028 1120 Constitutione
2078 1084 2424 1138 quacunque
2471 1068 2767 1123 contraria
2812 1085 2922 1122 non
2943 1063 3047 1125 Bes-
3069 1071 3109 1115 ¹³

824 1151 861 1173 “
901 1148 1183 1203 obstante.
1283 1148 1457 1203 Diem
1510 1165 1654 1203 vero
1704 1149 2018 1213 citationis,
2076 1155 2138 1204 et
2190 1150 2455 1216 sormam,
2520 1158 2582 1207 et
2641 1151 2923 1223 quicquid
2944 1129 3069 1181 1⁴:⁴¹¹·

825 1239 862 1262 “
902 1236 1160 1291 feceritis
1213 1236 1276 1290 in
1329 1234 1648 1308 praedictis,
1691 1237 1861 1293 nobis
1916 1255 2020 1309 per
2055 1244 2283 1294 vestras
2318 1239 2570 1304 litteras,
2609 1239 2626 1273 ¹
2655 1238 2920 1311 [vestris]

825 1322 863 1347 “
903 1320 1118 1389 sigillis
1155 1319 1427 1383 munitas,
1455 1322 1666 1374 harum
1693 1321 1906 1376 seriem
1943 1323 2321 1387 continentes,
2356 1323 2607 1378 fideliter
2641 1328 2704 1379 et
2728 1341 2925 1395 quam·

825 1406 863 1430 “
902 1404 1077 1458 citius
1102 1404 1370 1475 poteritis
1394 1404 1668 1459 intimare
1693 1406 1931 1461 curetis.
2008 1406 2161 1461 Data
2202 1406 2407 1461 Romae
2460 1407 2616 1479 apud
2654 1407 2924 1463 Sanctam

826 1490 865 1515 “
903 1487 1152 1544 Mariam
1177 1487 1485 1561 Maiorem,
1513 1487 1857 1545 'undecimo
1882 1489 2183 1547 Kalendas
2210 1491 2249 1546 J
2251 1491 2396 1559 unii,
2426 1509 2574 1549 auno
2612 1491 2922 1566 septimo.’'

487 1794 607 1845 Buu
630 1795 690 1845 of
894 1781 933 1807 “
958 1778 1407 1837 Venerabilibus
1488 1779 1789 1846 fratribus,
1869 1779 2328 1855 Archiepiscopo
2390 1781 2806 1839 Cantuariensi
2868 1790 2926 1840 et

489 1864 627 1925 Pope
650 1862 777 1914 Gre-
824 1867 862 1890 “
900 1864 1190 1937 Episcopo
1229 1864 1641 1929 Londoniensi,
1684 1864 1954 1932 salutem,
1995 1872 2107 1921 etc.
2184 1867 2458 1938 Regnum
2503 1867 2763 1939 Angliae,
2803 1869 2924 1939 glo·

486 1944 615 1994 8⁰¹5
632 1930 797 1979 3¹³⁰
824 1951 861 1975 “
899 1949 1123 2004 riosum
1158 1966 1366 2021 nempe
1401 1950 1665 2021 potentia
1700 1955 1760 2005 et
1796 1949 2153 2006 abundantia
2187 1951 2552 2016 facultatum,
2581 1952 2685 2007 sed
2710 1952 2914 2022 glorio·

488 1996 764 2126 ffighffgccff
825 2034 863 2058 “
903 2031 1025 2088 sius
1062 2033 1279 2104 pietate
1316 2032 1473 2115 fidei,
1517 2039 1579 2089 et
1615 2033 1813 2089 Sacrze
1849 2034 2093 2104 Paginae
2130 2035 2398 2090 claritate
2435 2054 2765 2101 coruscum,
2795 2055 2921 2091 con-

485 2129 798 2197 canterbury
826 2119 863 2143 “
904 2117 1097 2172 suevit
1117 2118 1279 2172 viros
1303 2117 1624 2189 producere
1641 2117 1992 2173 Divinarum
2019 2117 2458 2191 Scripturarum
2483 2126 2645 2175 recta
2680 2122 2923 2176 scientia

825 2204 837 2227 6

487 2197 590 2274 διξὰ
849 2204 862 2227 ‘
902 2201 1199 2273 praeditos,
1245 2201 1584 2257 maturitate
1624 2219 1857 2271 graveS,
1887 2201 2193 2258 devotione
2229 2203 2560 2275 praeclarOS,
2589 2209 2651 2260 et
2689 2206 2920 2276 pugiles

486 2263 769 2392 32¹3sz
824 2288 860 2312 ‘⁴
900 2285 1036 2340 fidei
1093 2285 1444 2349 orthodoxae,
1497 2291 1557 2341 et
1610 2285 1714 2357 qui
1763 2303 1879 2340 nou
1933 2285 2123 2341 solum
2178 2288 2465 2358 proprios,
2525 2287 2628 2343 sed
2682 2288 2918 2352 alienon,

487 2397 750 2463 enjoining
821 2373 858 2396 ‘⁶
897 2369 1142 2442 populos
1177 2369 1541 2425 documentis
1577 2370 1945 2425 instruebant
1965 2370 2311 2437 verissimiS,
2339 2379 2399 2426 et
2429 2373 2492 2426 in
2522 2373 2922 2427 mandatorum

487 2463 598 2513 that
615 2465 743 2530 Wy-
822 2457 857 2480 ‘⁴
900 2454 1135 2510 Domini
1172 2455 1441 2510 semitam
1495 2454 1847 2526 dirigebant.
1923 2455 2003 2510 Et
2050 2456 2205 2510 sicut
2241 2473 2312 2510 ex
2347 2456 2558 2511 effectu
2593 2456 2924 2527 contingen·

486 2530 583 2579 elif
605 2533 667 2581 be
700 2549 778 2582 81·-
822 2540 860 2565 “
900 2538 1050 2593 tium
1072 2538 1352 2610 temporis
1391 2538 1621 2609 antiqui
1646 2538 1968 2609 colligitur,
1999 2537 2142 2595 dicti
2178 2541 2352 2610 regni
2387 2540 2683 2596 Praesules
2710 2541 2774 2595 in
2802 2560 2921 2612 spe·

486 2601 653 2713 {²⁸2³}
674 2601 775 2649 and
820 2625 857 2648 ‘⁴
898 2622 1032 2677 cula
1084 2621 1496 2679 sollicitudinis
1544 2623 1742 2694 positi,
1783 2624 2049 2694 proprias
2087 2625 2359 2680 excubias
2397 2631 2732 2682 exercentes
2771 2627 2921 2682 solli·

488 2679 712 2797 ςξξωᾏζ.
821 2709 858 2733 “
898 2708 1032 2771 cite,
1072 2725 1187 2762 non
1234 2707 1651 2778 permittebant
1694 2706 1933 2778 aliquod
1968 2708 2112 2763 oriri
2149 2727 2474 2773 erroneum,
2522 2711 2678 2781 quod
2733 2724 2924 2782 posset.

821 2795 857 2817 ‘⁴
897 2792 1132 2846 inficere
1168 2810 1306 2848 oves
1341 2810 1496 2857 suaa,
1526 2791 1629 2847 sed
1668 2791 1720 2845 si
1756 2792 2011 2847 oriretur
2047 2794 2272 2848 zizania
2307 2812 2377 2848 ex
2414 2794 2638 2849 inimici
2673 2795 2920 2850 hominis

821 2880 858 2902 “
899 2877 1280 2949 inspersione,
1344 2875 1509 2930 illam
1583 2876 1854 2947 protinus
1933 2876 2280 2942 evellebant,
2334 2879 2635 2933 crescebat
2691 2881 2922 2934 assidue

821 2965 857 2989 “
897 2979 1113 3034 purum
1160 2961 1447 3023 triticum,
1489 2961 1553 3015 in
1588 2959 1965 3015 Dominicum
2007 2961 2286 3016 horreum
2321 2962 2707 3019 inferendum.
2788 2964 2917 3029 Sed,

820 3049 856 3072 ‘⁴
897 3046 1046 3117 proh
1087 3044 1284 3099 dolor!
1348 3060 1503 3098 nunc
1561 3042 1912 3115 ³appareret
1962 3044 2119 3115 quod
2177 3045 2241 3101 iu
2301 3046 2430 3118 ipso
2499 3064 2684 3117 regno
2742 3049 2922 3104 officio

820 3132 856 3156 “
896 3129 1129 3199 vigiles,
1183 3127 1549 3199 negligentia
1583 3144 1725 3182 vero
1779 3127 2030 3194 desideS,
2089 3147 2204 3184 non
2258 3130 2550 3186 circuiunt
2602 3132 2916 3197 civitatem,

820 3218 857 3239 “
896 3213 1038 3267 dum
1074 3213 1271 3267 hostes
1308 3211 1725 3283 ingrediuntur
1763 3211 1824 3267 iu
1861 3230 2008 3276 eam,
2054 3213 2382 3269 animarum
2417 3214 2760 3271 thesaurum
2797 3235 2921 3289 pre·

821 3300 859 3323 “
899 3297 1287 3352 tiosissimum
1351 3295 1372 3326 ⁴
1392 3295 1733 3366 praedaturi.
1835 3294 2099 3364 Quorum
2149 3297 2401 3353 latentes
2471 3298 2800 3369 ingressus,
2868 3307 2924 3356 et

822 3385 858 3407 “
899 3386 1161 3452 patentes
1198 3396 1538 3450 aggressus,
1576 3379 1745 3450 prius
1783 3380 2114 3435 sentiuntur
2148 3381 2212 3436 in
2247 3381 2451 3446 Roma,
2491 3382 2920 3456 intercapedine

822 3469 858 3492 “
897 3465 1076 3536 longa
1110 3470 1353 3528 remota,
1384 3481 1561 3535 quam
1599 3463 1685 3518 eis
1722 3463 1786 3517 in
1819 3463 2043 3535 Anglia
2077 3466 2407 3522 resistatur.
2486 3468 2637 3525 Sane
2662 3469 2917 3540 plurium

822 3553 859 3576 ‘⁴
900 3548 1014 3603 fide
1062 3548 1376 3618 dignorum
1430 3546 1858 3617 significatione
1913 3547 2228 3603 admodum
2263 3550 2528 3607 dolenter
2563 3553 2914 3619 audivimus,

822 3638 859 3660 “
902 3631 1057 3703 quod
1110 3631 1149 3686 J
1153 3631 1407 3686 ohannes
1446 3630 1722 3702 Wyclyffi
1780 3630 1997 3686 Rector
2057 3633 2320 3689 ecclesiae
2381 3636 2454 3690 de
2511 3635 2914 3700 Luttelworth.

821 3720 859 3744 “
902 3716 1188 3772 Dioecesis
1246 3714 1693 3780 Lincolnieusis,
1759 3714 1953 3771 Sacrae
2016 3715 2257 3787 Pagina}
2311 3718 2634 3785 Professor,
2697 3722 2916 3777 utinam

822 3806 860 3830 “
898 3820 1014 3857 non
1048 3799 1337 3870 Magister
1358 3798 1664 3864 Ermrmn,
1706 3799 1768 3853 in
1804 3799 1968 3854 illam
2003 3800 2410 3857 detestabilem
2444 3805 2743 3859 vesaniam
2781 3806 2919 3860 dici·

822 3891 859 3915 “
899 3894 998 3942 tur
1034 3892 1254 3941 temere
1290 3883 1647 3954 prorupisse,
1680 3882 1835 3953 quod
1871 3885 2179 3940 nonnullas
2205 3886 2640 3959 Propositiones
2678 3896 2738 3945 et
2776 3889 2916 3945 Con-

822 3976 859 3999 “
899 3970 1189 4025 clusiones
1242 3984 1516 4023 erroneas
1568 3972 1630 4023 et
1680 3967 1878 4031 falsae,
1936 3969 2001 4025 in
2051 3969 2166 4024 fide
2219 3971 2372 4027 male
2435 3979 2724 4041 sonantes,
2792 3994 2917 4047 quae

822 4060 859 4084 “
900 4061 1120 4112 statum
1170 4052 1351 4109 totius
1423 4051 1707 4108 Ecclesiae
1779 4053 2118 4109 subvertere
2171 4061 2232 4110 et
2291 4073 2568 4113 enervare
2617 4066 2913 4123 conantur,

821 4143 857 4167 “
900 4154 1265 4211 quarumque
1290 4136 1521 4207 aliquae,
1550 4136 1691 4191 licet
1726 4136 2021 4209 aliquibus
2059 4138 2411 4211 quibusdam
2445 4143 2686 4197 mutatis
2721 4145 2917 4198 termi-

820 4228 857 4251 “
896 4224 1007 4288 nia,
1037 4223 1252 4278 sentire
1276 4221 1551 4277 videntur
1576 4238 1881 4292 perversas
1921 4224 2219 4293 opiniones
2263 4230 2323 4280 et
2361 4225 2684 4281 doctrinam
2726 4228 2915 4283 indoc-

819 4313 856 4337 “
898 4315 1018 4364 tam
1036 4308 1322 4363 damnatae
1338 4305 1635 4362 memoriae
1659 4305 1927 4363 Marcelli
1952 4308 2024 4363 de
2049 4308 2253 4363 Padua
2276 4314 2337 4364 et
2361 4309 2400 4363 J
2402 4309 2645 4365 ohannis
2669 4311 2741 4366 de
2770 4312 2915 4367 Gan·

820 4399 856 4423 “
898 4394 1070 4458 dun0,
1101 4409 1350 4465 quorum
1371 4391 1525 4445 liber
1559 4407 1666 4465 per
1690 4391 1879 4447 felicis
1903 4391 2322 4449 recordationis
2349 4393 2388 4449 J
2392 4395 2674 4450 ohannem
2698 4396 2910 4469 Papam

890 4681 903 4711 ¹
932 4678 1175 4742 supplied
1200 4677 1331 4727 from
1352 4677 1486 4728 Bibl.
1512 4676 1637 4742 Reg.
1667 4680 1727 4725 13
1761 4676 1823 4727 Ε.
1915 4682 2065 4728 texts.

822 4761 892 4811 ix.
964 4757 1189 4810 Omitted
1212 4757 1265 4806 in
1291 4756 1376 4807 the
1396 4756 1598 4822 printed
1619 4762 1770 4807 texts,
1982 4758 2001 4785 ³
2022 4765 2236 4821 apparet
2256 4757 2308 4808 iu
2333 4759 2419 4809 the
2440 4759 2639 4824 printed
2657 4768 2810 4811 texts.

885 4842 904 4869 '²
928 4837 1004 4888 ΙῙ.
1048 4834 1376 4887 Calendarum
1415 4835 1469 4884 in
1513 4834 1598 4885 the
1622 4835 1823 4898 printed
1981 4836 2001 4867 ⁴
2020 4835 2310 4899 praedantur
2331 4837 2386 4887 in
2420 4838 2506 4889 the
2543 4839 2738 4903 printed
2770 4845 2910 4890 texts,
