3300 5617
1150 840 1476 891 msromA
1522 840 1933 890 ANGLmANA.
2503 825 2589 894 57

503 1029 543 1055 ‘⁶
581 1033 643 1083 et
663 1026 1055 1099 possessiones
1091 1026 1351 1082 ¹nostras
1384 1026 1539 1082 infra
1571 1043 1821 1098 regnum
1855 1024 2175 1088 2nostrum,
2205 1014 2341 1079 'sine
2376 1025 2591 1079 nostris
2619 1032 2758 1085 A.D.
2783 1037 2924 1084 1296.

443 1079 458 1092 ·
503 1115 543 1138 “
581 1110 900 1177 demeritis,
953 1110 1316 1183 occupand03
1378 1111 1529 1166 bona
1573 1117 1775 1166 nostra
1822 1110 1845 1142 ³
1859 1118 1920 1166 et
1953 1108 2319 1165 subditorum
2369 1115 2592 1164 nostro-

503 1199 543 1224 “
581 1213 731 1261 rum,
769 1201 892 1251 tam
940 1213 1046 1267 per
1096 1201 1316 1251 terram
1359 1212 1534 1266 quam
1586 1213 1693 1266 per
1743 1211 1921 1258 mare,
1959 1192 2290 1265 ⁴rapiendo,
2331 1198 2392 1248 et
2441 1192 2594 1247 infra

502 1282 542 1305 “
579 1297 827 1350 regnum
884 1285 1149 1334 vestrum
1206 1277 1585 1350 receptand03
1661 1282 2029 1342 mercatores,
2092 1281 2154 1331 et
2218 1276 2365 1332 alios
2423 1275 2593 1346 regni

501 1366 542 1416 ’ἕ
579 1363 763 1418 nostri
820 1362 1061 1426 incolas,
1124 1360 1468 1427 occidend03
1537 1361 1919 1433 hominesque
1991 1366 2220 1416 nostros
2280 1360 2354 1414 de
2413 1377 2596 1429 regno

501 1449 541 1472 ‘⁴
578 1451 776 1502 nostro
808 1445 830 1477 ⁶
844 1444 1130 1500 violenter
1176 1443 1530 1510 abducend0,
1569 1445 1844 1516 ipsosque
1903 1444 2121 1500 ibidem
2170 1442 2479 1500 detinendo
2539 1450 2600 1496 et

502 1533 539 1556 “
575 1528 1016 1595 incarcerando;
1056 1546 1232 1599 super
1258 1528 1471 1600 quibus
1506 1527 1890 1583 reformandis
1913 1529 2155 1583 nuncibs
2179 1533 2407 1583 nostros
2445 1543 2599 1597 saepe

503 1617 542 1639 ‘⁸
580 1612 1040 1668 transmisimus:
1107 1630 1238 1683 quae
1272 1629 1389 1667 non
1423 1611 1612 1667 adhuc
1665 1612 1856 1666 solum
1905 1617 2207 1667 remanent
2255 1612 2595 1672 incorrecta,

503 1701 542 1723 ‘⁴
579 1715 786 1753 verum
820 1697 999 1751 etiam
1049 1695 1121 1750 de
1172 1695 1268 1750 die
1302 1695 1366 1750 in
1415 1695 1571 1749 diem
1624 1712 1730 1767 per
1766 1713 1870 1751 vos
1920 1701 1983 1751 et
2028 1701 2256 1752 vestros
2305 1695 2600 1767 prioribus

503 1784 542 1806 ‘⁴
579 1780 871 1836 deteriora
918 1778 1323 1834 cumulantur:
1362 1796 1467 1834 vos
1510 1795 1762 1850 namque
1805 1778 1950 1849 jam,
2005 1797 2140 1834 cum
2191 1778 2600 1834 innumerabili

504 1867 541 1890 ‘⁴
580 1863 953 1919 multitudine
992 1867 1366 1928 armatorum,
1407 1868 1602 1918 vestro
1656 1864 1916 1917 exercitu
1966 1862 2233 1934 ⁶publice
2270 1869 2599 1924 convocato,

503 1951 540 1974 ‘⁶
579 1946 653 2002 ad
689 1946 1172 2002 exhaeredandum
1219 1963 1324 2001 nos
1377 1950 1438 2001 et
1485 1946 1656 2016 regni
1706 1947 1891 2001 nostri
1941 1946 2181 2011 incolas,
2236 1947 2381 2002 fines
2433 1945 2601 2016 regui

504 2035 540 2057 “
579 2031 762 2086 nostri
797 2029 1091 2086 hostiliter
1126 2029 1489 2094 accessistis;
1545 2034 1606 2083 et
1642 2029 1798 2084 ultra
1831 2029 2288 2100 progredientes,
2323 2030 2385 2084 in
2419 2047 2603 2100 regno

504 2117 542 2140 ‘⁴
580 2119 776 2169 nostro
825 2119 1054 2184 strages
1114 2119 1179 2168 et
1224 2112 1508 2176 incendia,
1571 2130 1794 2168 necnon
1852 2112 2106 2168 insultus
2157 2119 2218 2168 ct
2274 2113 2603 2168 invasiones

505 2200 542 2223 ‘⁴
580 2197 883 2261 violentas,
922 2201 1045 2251 tam
1095 2213 1200 2268 per
1249 2201 1468 2250 terram
1505 2213 1685 2265 quam
1735 2213 1843 2267 per
1883 2214 2063 2261 mare,
2102 2196 2479 2252 commisistis
2515 2195 2601 2249 in-

505 2285 542 2309 “
580 2282 851 2336 humane.
873 2279 1085 2335 —Nos
1132 2277 1318 2335 dictas
1371 2278 1637 2350 injurias,
1693 2285 2078 2351 contemptus,
2126 2279 2148 2318 ⁷
2163 2286 2224 2335 et
2263 2280 2605 2351 gravamina

505 2369 543 2392 ‘⁴
582 2372 644 2421 et
689 2364 918 2428 damna,
957 2381 1181 2419 necnon
1217 2370 1278 2419 et
1309 2363 1555 2419 hostiles
1602 2364 2089 2435 impugnationes,
2131 2363 2380 2420 ulterius
2430 2364 2605 2419 susti·

505 2453 543 2475 ‘⁴
580 2465 716 2504 nere
752 2465 866 2503 non
900 2448 1199 2512 valentes3
1252 2463 1359 2502 nec
1393 2447 1457 2501 in
1490 2446 1774 2503 fidelitate
1810 2452 1871 2501 et
1904 2447 2177 2519 homagio
2211 2455 2424 2512 vestro,
2465 2447 2606 2501 licet

506 2536 544 2559 “
585 2549 689 2603 per
722 2531 1039 2586 violentam
1078 2531 1557 2601 ⁸impressionem
1593 2530 1942 2602 impressam
1978 2531 2238 2596 extortis,
2279 2530 2599 2597 manendo;

505 2621 542 2643 ‘⁶
580 2622 781 2671 eontra
813 2615 954 2670 ”nos
1006 2615 1184 2670 etiam
1237 2613 1314 2669 ad
1348 2613 1746 2669 defensionem
1795 2621 2053 2670 nostram
2095 2620 2156 2669 et
2189 2616 2358 2686 regni
2393 2616 2599 2679 nostri,

507 2704 544 2726 ‘⁴
582 2700 749 2771 cujus
785 2698 1107 2754 defensioni
1142 2704 1206 2753 et
1237 2697 1473 2752 tuitioni
1496 2698 1730 2753 vinculo
1758 2697 2080 2768 juramenti
2116 2716 2318 2754 sumus
2354 2698 2599 2762 astricti,

507 2790 544 2811 ‘⁶
582 2801 685 2840 nos
708 2782 971 2839 volentes
1008 2782 1257 2852 erigere,
1285 2781 1628 2837 fidelitatem
1665 2788 1728 2837 et
1761 2781 2119 2853 homagium,
2154 2780 2195 2814 ¹⁰
2211 2789 2330 2837 tam
2366 2801 2402 2837 a
2434 2782 2602 2837 nobis

508 2871 545 2895 “
584 2884 759 2939 quam
801 2867 874 2921 ab
911 2866 1045 2922 aliis
1097 2865 1542 2936 quibuscunque
1592 2866 1764 2936 regni
1817 2865 2003 2921 nostri
2053 2865 2279 2930 incolis,
2333 2865 2603 2921 fidelibus

507 2957 544 2979 ‘⁴
581 2952 813 3016 nostris,
852 2951 1078 3006 ratione
1111 2959 1403 3005 terrarum
1439 2967 1585 3020 quas
1622 2947 1660 2981 ¹¹
1681 2950 1743 3004 in
1777 2958 1972 3005 vestro
2007 2967 2189 3021 regno
2223 2950 2512 3015 tenebant,
2541 2955 2603 3004 et

509 3039 545 3062 ‘⁸
582 3035 761 3091 etiam
795 3035 1021 3090 ratione
1055 3033 1314 3104 menagii
1357 3050 1463 3087 seu
1498 3033 1842 3089 retentionis
1865 3041 2096 3098 vestrae,
2137 3035 2367 3089 nomine
2401 3039 2600 3088 nostro

509 3122 545 3146 “
583 3137 651 3174 ac
708 3118 941 3174 nomine
992 3115 1308 3173 eorundem
1354 3116 1615 3172 omnium
1670 3123 1731 3172 et
1783 3116 2166 3187 singulorum,
2204 3117 2369 3172 vobis
2409 3115 2602 3172 reddi-

508 3206 545 3229 “
582 3221 713 3258 mus
748 3219 854 3274 per
888 3199 1271 3273 praesentes.”

496 3331 501 3336 .
572 3286 696 3341 Rex
729 3283 983 3356 Angliae,
1011 3283 1214 3340 audita
1233 3284 1507 3356 praesenti
1542 3283 1758 3349 littera,
1800 3281 1839 3315 ¹²
1855 3283 2308 3355 resignationem
2341 3283 2599 3357 homagii

505 3371 597 3426 sui
631 3369 888 3434 admisit,
929 3375 992 3424 et
1025 3368 1388 3424 Cancellario
1411 3369 1693 3440 praecepit
1714 3367 1862 3424 hanc
1898 3368 2156 3423 litteram
2190 3369 2496 3440 registrari
2526 3368 2601 3424 ad

505 3460 841 3527 perpetuam
875 3453 1235 3508 memoriam.
2485 3489 2490 3494 -

572 3538 817 3594 Interim
842 3537 1101 3593 Comites
1127 3536 1358 3602 scotiae,
1397 3536 1680 3592 nominati
1717 3536 2006 3608 superius,
2046 3535 2086 3569 ¹³
2099 3554 2472 3608 cumeorum
2506 3555 2598 3593 co-
2627 3549 2864 3617 Englmd

504 3623 708 3679 mitiva
753 3621 910 3694 apud
943 3628 1202 3678 castrum
1256 3620 1328 3676 de
1364 3620 1749 3677 Rodeworthe
1801 3620 2129 3687 coadunati,
2165 3623 2413 3693 profecti
2462 3628 2600 3678 sunt
2625 3632 2682 3669 ¹²⁸
2862 3623 2930 3686 b5

506 3707 567 3762 in
588 3706 885 3778 Angliam,
913 3713 975 3762 et
996 3711 1291 3762 vastantes
1316 3706 1511 3760 omnia
1545 3704 1704 3761 caede
1728 3710 1789 3760 et
1809 3704 2095 3771 incendic,
2125 3724 2312 3777 usque
2335 3706 2412 3762 ad
2432 3706 2597 3762 Prio-
2627 3684 2713 3736 ΨΘ
2834 3693 2896 3739 ⁸⁸·

936 3891 1013 3898 ———
2171 3893 2188 3896 Δ-
2209 3892 2594 3902 -·-·-—-——--

572 4012 585 4041 ¹
604 4017 796 4062 met-as
826 4017 874 4061 et
906 4017 1171 4061 nouom-m
1206 4008 1359 4076 infin,
1394 4010 1500 4077 Ry-
1662 4011 1683 4041 ⁸
1695 4013 2047 4077 oppressionem
2119 4020 2325 4065 vestram
2377 4014 2594 4076 extortis,

506 4106 624 4142 mer.
1593 4090 1800 4156 Rymer.

575 4172 595 4202 ²
607 4179 810 4221 vestrum
831 4170 888 4221 in
909 4170 1114 4237 Rymer.
1659 4172 1680 4201 ⁹
1699 4187 1782 4221 vos
1802 4171 1858 4221 in
1880 4172 2085 4238 Rymer.

571 4250 592 4280 ⁸
606 4250 736 4300 acin
756 4250 844 4301 the
865 4250 1064 4316 printed
1085 4257 1237 4302 texts.
1664 4252 1701 4281 ¹⁰
1718 4249 2014 4317 vobissacta
2037 4261 2134 4303 tam
2156 4255 2210 4304 in
2234 4254 2439 4321 Rymer.

571 4331 590 4361 ⁴
605 4329 837 4396 capiendo
856 4329 912 4380 in
935 4331 1141 4397 Rymer.
1664 4331 1695 4360 ¹¹
1713 4331 1764 4380 in
1786 4348 1929 4397 reyno
1948 4340 2108 4383 norb-o
2129 4333 2188 4384 de
2209 4333 2344 4386 nobis
2358 4336 2595 4399 mebant,

570 4407 823 4460 ’violenter
843 4411 895 4460 ιἰι
917 4427 1111 4476 teyntuna
1129 4418 1335 4462 vestrum
1351 4410 1504 4462 abdu-
1594 4410 1802 4476 Rymer.

502 4488 662 4551 mdo,
695 4490 901 4555 Rymer.
1666 4492 1705 4521 ¹²
1718 4491 2038 4557 miynatione
2059 4492 2113 4543 in
2140 4494 2407 4547 Camden’s
2442 4502 2551 4548 text
2576 4517 2591 4559 1

569 4567 825 4634 ‘pubplice
845 4568 899 4620 in
921 4568 1048 4636 orig.
1596 4570 1930 4637 erroneously.

571 4650 650 4698 'et
670 4648 884 4699 omitted
916 4649 971 4700 iu
1005 4648 1093 4701 the
1128 4649 1327 4715 printed
1359 4657 1507 4712 texts,
1667 4649 1790 4700 ”ad
1817 4650 1873 4700 iu
1896 4651 2041 4718 orig„
2064 4654 2165 4704 and
2197 4653 2253 4704 in
2274 4654 2361 4706 the
2394 4651 2595 4721 printed

504 4728 603 4780 and
622 4727 680 4778 in
701 4723 909 4794 Rymer.
1599 4730 1765 4792 textu
1798 4725 2054 4784 corrected
2074 4733 2207 4784 from
2228 4731 2525 4806 Rishanger.
