3300 5617
1128 812 1461 866 ms'romA
1503 810 1921 865 ANGLICANA.
2101 885 2111 898 α
2495 800 2581 864 85

163 984 438 1066 magef-
476 996 715 1056 Domini
784 997 962 1071 Papae
1021 996 1323 1065 liberatus,
1382 996 1628 1070 jubetur
1688 1017 1809 1056 una
1883 1015 2020 1055 cum
2072 996 2284 1054 nuncio
2346 996 2583 1054 Domini
2607 1002 2744 1056 AJ).
2772 1009 2914 1057 1301.

164 1053 270 1198 {2532
285 1055 415 1174 ¹¹33b1·
472 1084 651 1156 Papae
711 1093 962 1155 regnum
1039 1100 1321 1139 evacuare
1409 1083 1570 1139 infra
1639 1090 1867 1140 certum
1936 1082 2252 1140 terminum
2322 1100 2358 1137 a
2417 1082 2582 1154 Rege

164 1186 211 1236 E.
230 1201 303 1239 ιι,
470 1169 792 1240 praeflxum.
866 1167 1045 1239 Papa,
1072 1167 1289 1223 talibus
1336 1168 1503 1223 novis
1558 1173 1954 1240 exasperatus,
2003 1184 2204 1223 omnes
2251 1166 2493 1238 gratias,
2545 1184 2583 1222 a

471 1271 536 1308 se
576 1252 671 1309 vel
731 1251 855 1308 suis
919 1251 1443 1323 praedecessoribus
1515 1269 1818 1308 concessas
1883 1252 2243 1308 Francorum
2292 1250 2576 1321 Regibus,

470 1336 786 1401 revocavit,
836 1341 900 1392 et
943 1335 1006 1390 in
1053 1335 1303 1390 eundem
1361 1351 1565 1406 regem
1613 1336 1731 1391 cito
1786 1342 1919 1407 post
1966 1335 2577 1391 excommunicationis
2603 1340 2728 1392 And
2761 1342 2806 1392 is
2828 1359 2917 1394 ex·

471 1420 818 1477 sententiam
880 1419 1231 1475 fulminavit.
1331 1418 1518 1488 Quam
1564 1425 1762 1475 tamen
1826 1419 1980 1491 Regi
2027 1437 2197 1475 nemo
2262 1437 2441 1474 ausus
2490 1424 2582 1475 est
2604 1411 2880 1459 mummi·

469 1505 765 1570 nunciare,
815 1503 912 1560 vel
960 1504 1023 1559 in
1058 1521 1243 1575 regno
1283 1502 1548 1559 Franciae
1596 1503 1915 1576 publicare.
1991 1503 2159 1560 Fecit
2205 1504 2386 1560 etiam
2409 1503 2581 1559 citari
2605 1492 2664 1529 ⁰⁸

470 1589 741 1661 praelatos
788 1605 985 1644 omnes
1032 1587 1105 1642 de
1151 1605 1335 1659 regno
1382 1587 1665 1652 Franciae,
1714 1604 1937 1643 necnon
1993 1593 2057 1643 et
2112 1605 2311 1643 omnes
2359 1587 2582 1658 Magis-

470 1680 591 1728 tros
633 1673 695 1727 in
740 1671 1060 1743 Theologia
1105 1676 1166 1727 et
1212 1672 1274 1725 in
1323 1670 1363 1725 J
1365 1687 1489 1736 ure,
1539 1676 1662 1725 tam
1698 1670 1989 1726 Canonico
2036 1689 2214 1743 quam
2262 1670 2460 1736 civili,
2513 1678 2582 1727 ut

470 1775 664 1812 coram
712 1773 780 1811 eo
827 1755 1029 1811 Romae
1077 1755 1140 1810 in
1204 1754 1490 1810 Kalendis
1554 1755 1909 1811 Novembris
1956 1759 2377 1827 comparerent.
2454 1755 2581 1810 Rex

469 1858 607 1895 vero
654 1839 922 1895 Francioe
980 1839 1216 1912 publico
1264 1838 1582 1911 prohibuit
1645 1838 1855 1902 edict0‚
1915 1855 1990 1893 ne
2038 1840 2172 1910 quis
2218 1856 2431 1894 aurum
2479 1839 2574 1894 vel
2602 1848 2779 1915 Philip

470 1931 797 1994 argentum,
848 1941 953 1981 seu
999 1940 1222 1978 merces
1272 1939 1667 1995 quascunque,
1725 1928 2051 1994 asportaret
2084 1922 2156 1977 de
2203 1940 2387 1994 regno
2436 1941 2574 1990 su03
2603 1917 2869 1974 retaliatcs.

471 2008 579 2063 sub
639 2008 1034 2064 forisfactione
1070 2008 1329 2063 omnium
1364 2008 1666 2071 bonorum,
1717 2006 1946 2078 adjecta
1980 2007 2359 2063 nihilominus
2405 2025 2580 2079 poena

470 2091 673 2163 gravi:
702 2093 843 2148 fecit
864 2092 1044 2148 etiam
1065 2108 1264 2147 omnes
1289 2091 1478 2147 exitus
1502 2096 1565 2147 et
1587 2090 1860 2146 introitus
1885 2089 2103 2161 ubique
2127 2091 2579 2163 diligentissime

474 2176 775 2231 custodiri.

540 2260 626 2315 Eo
672 2267 951 2333 tempore,
1013 2259 1177 2332 Papa
1237 2258 1595 2330 legitimavit
1656 2258 1806 2314 filios
1875 2258 2116 2324 Sanctii,
2186 2258 2372 2333 Regis
2439 2259 2579 2317 Oas-
2602 2254 2893 2352 &ciffflrd

470 2345 659 2442 tella-33
730 2346 899 2417 cujus
965 2345 1407 2416 primogenitus,
1502 2343 1519 2375 ¹
1534 2342 1886 2408 Ferrandus,
1972 2344 2227 2400 obtinuit
2328 2362 2579 2417 regnum
2600 2359 2822 2460 &⁸333-

465 2436 666 2501 patns.
2599 2458 2735 2503 tima.

535 2513 660 2568 Rex
719 2511 956 2585 Anglioe
1020 2512 1129 2569 sub
1189 2512 1307 2568 hiis
1370 2512 1576 2568 diebus
1638 2511 2103 2569 Barliamentum
2164 2513 2357 2569 tenuit
2404 2514 2574 2571 Stan·
2600 2523 2914 2575 Parliament

466 2597 686 2663 sordiae,
743 2597 819 2652 ad
866 2597 1023 2668 quod
1068 2601 1462 2653 convenerunt
1510 2596 1767 2652 Comites
1816 2603 1876 2652 et
1922 2598 2198 2662 Barones,
2246 2616 2380 2653 cum
2404 2599 2573 2670 equis
2600 2596 2654 2640 Β*
2675 2590 2840 2641 Sssm·

467 2689 527 2738 et
593 2682 807 2748 armis;
887 2700 975 2746 ec,
1047 2685 1224 2754 prout
1291 2680 1610 2744 dicebatur,
1685 2681 1999 2753 preposite,
2050 2687 2119 2736 ut
2176 2682 2574 2738 executionem
2600 2656 2730 2706 ἰωὰ·

466 2765 698 2822 Chartae
740 2765 814 2822 de
857 2766 1116 2830 Foresta,
1142 2766 1424 2821 hactenus
1448 2764 1709 2829 dilatam,
1750 2769 2161 2837 extorquerent
2194 2765 2270 2820 ad
2309 2766 2567 2836 plenum.
2598 2764 2823 2818 Edward

465 2849 590 2904 Rex
636 2856 851 2915 autem,
917 2867 1118 2906 eorum
1184 2849 1522 2905 instantiam
1572 2855 1634 2904 et
1695 2849 2196 2921 importunitatem
2244 2849 2567 2915 attendens,
2598 2834 2890 2950 ffinciligtlffl

465 2951 665 2989 eorum
710 2934 996 2991 voluntati
1038 2934 1100 2989 in
1147 2933 1415 2989 omnibus
1455 2931 1882 2989 condescendit.
2657 2915 2685 2950 Θ
2720 2916 2788 2950 ¹¹⁰
2843 2918 2910 2952 ΕΒ·

532 3021 756 3078 Eodem
791 3040 959 3088 anno,
998 3021 1163 3094 Papa
1197 3021 1535 3077 Bonisacius
1585 3020 1802 3076 direxit
1849 3021 2079 3078 litteras
2129 3021 2283 3094 Regi
2332 3021 2568 3096 Angliae
2595 3028 2735 3093 Pope
2752 3030 2911 3081 Boni·

464 3106 858 3172 secundariae,
898 3108 960 3161 in
997 3105 1210 3177 quibus
1248 3105 1503 3162 asseruit
1535 3121 1789 3176 regnum
1826 3105 2039 3161 Scotiae
2064 3105 2140 3161 ad
2159 3106 2262 3177 jus
2286 3106 2565 3163 Romanae
2594 3095 2705 3146 sm
2727 3097 2908 3150 clssimss

463 3189 485 3223 ²
502 3190 793 3247 Ecclesiae
842 3191 1156 3262 pertinere,
1199 3189 1425 3262 Regem
1483 3186 1719 3260 Angliae
1783 3188 2130 3261 subjectioni
2185 3189 2314 3262 ejus
2366 3197 2564 3247 contra
2596 3162 2853 3282 ἓξῗξέῧῆ.

461 3275 653 3331 Deum
690 3281 752 3333 et
779 3275 1097 3347 justitiam,
1155 3280 1217 3330 et
1250 3274 1314 3329 in
1348 3273 1738 3345 praejudicum
1790 3272 1961 3330 Sedis
2012 3273 2386 3346 Apostolicae,
2426 3294 2563 3331 ven·
2593 3297 2655 3344 01·
2680 3296 2766 3347 the

461 3359 691 3425 dicare;
744 3359 1001 3415 rationes
1038 3359 1302 3430 allegans
1354 3356 1735 3428 subscriptas.
1809 3356 2030 3424 Primo,
2085 3358 2226 3428 quia
2265 3376 2403 3414 cum
2439 3359 2564 3414 Rex
2593 3362 2809 3414 Romish

462 3444 776 3508 Henricus,
814 3450 982 3515 pater
1004 3443 1199 3509 istius,
1223 3442 1508 3498 auxilium
1531 3441 1879 3498 obtinuisset
1902 3442 1963 3496 in
1986 3459 2175 3498 werra
2224 3461 2332 3499 sua
2367 3451 2567 3499 contra
2592 3428 2811 3481 Chmh·

464 3528 779 3598 Symonem
829 3527 904 3583 de
950 3527 1152 3583 Monte
1205 3525 1370 3582 Forti
1421 3544 1459 3582 a
1506 3525 1673 3597 Rege
1730 3526 2038 3582 Scotorum
2087 3525 2436 3594 Alexandm,
2489 3546 2563 3582 ne
2592 3535 2835 3587 Grounds

461 3610 572 3666 hoc
608 3610 894 3667 auxilium
923 3610 1060 3684 jure
1097 3610 1474 3681 subjectionis
1511 3609 1846 3681 cujuslibet,
1903 3615 2006 3665 aut
2058 3610 2261 3676 debiti,
2314 3613 2563 3682 petitum
2587 3602 2793 3653 themo?-

463 3699 568 3750 aut
623 3695 953 3767 praestitum
1011 3700 1333 3767 putaretur,
1397 3693 1554 3749 idem
1614 3693 1911 3749 Hem-icus
1973 3710 2079 3766 per
2136 3693 2365 3751 litteras
2427 3714 2562 3752 suas

462 3785 728 3851 patentes
779 3779 1136 3851 recognovit,
1189 3797 1305 3834 non
1355 3795 1427 3832 ex
1479 3777 1677 3834 debito
1724 3778 2036 3850 recepisse,
2091 3779 2196 3834 sed
2249 3795 2320 3833 ex
2369 3781 2564 3851 gratia

463 3862 725 3935 speciali.
817 3862 989 3928 Item,
1054 3861 1129 3918 ad
1187 3861 1616 3918 coronationem
1674 3860 1852 3933 hujus
1914 3861 2098 3934 Regis
2157 3868 2397 3919 vocatus
2456 3881 2563 3936 per

465 3947 709 4013 litteras,
777 3953 847 4003 ut
892 3947 949 4001 ei
1015 3946 1390 4019 praesentiam
1441 3943 1814 4000 amicabilem
1886 3945 1949 4001 in
2012 3946 2194 4001 tantis
2259 3946 2561 4003 solemniis

463 4031 687 4087 amicus
735 4030 1051 4096 exhiberet,
1099 4047 1216 4086 non
1260 4029 1425 4085 venit
1464 4046 1536 4083 ex
1571 4028 1785 4093 debit0,
1825 4028 1929 4084 sed
1964 4046 2035 4083 ex
2071 4029 2264 4102 gratia
2301 4030 2560 4102 speciali.

465 4114 637 4183 Item,
699 4132 807 4187 pro
863 4114 1040 4172 terris
1099 4114 1172 4170 de
1221 4112 1481 4185 'l'yndale
1536 4119 1598 4168 et
1648 4112 1925 4179 Penreth,
1980 4114 2044 4168 in
2091 4131 2274 4186 regno
2325 4115 2562 4189 Anglioe

533 4497 547 4530 ⁸
583 4499 666 4564 By
682 4496 1334 4564 asingnlarinadvertence,
1356 4495 1459 4548 this
1559 4497 1614 4546 in
1639 4495 1726 4547 the
1756 4496 1959 4562 printed
1990 4504 2140 4563 texts,
2174 4499 2230 4549 in
2263 4499 2566 4567 Rishanger,

468 4580 603 4630 word
646 4594 857 4645 appears
901 4578 957 4628 in
1002 4579 1087 4629 the
1133 4577 1350 4644 original
1405 4593 1461 4628 as
1559 4578 1662 4628 and
1682 4577 1795 4628 MS.
1820 4577 1956 4628 Bibl.
1980 4578 2106 4645 Reg.
2136 4585 2195 4630 13
2219 4579 2280 4632 E.
2302 4580 2373 4632 ix.

454 4659 550 4722 ser
604 4658 674 4722 fit
721 4657 942 4709 raudus.-
1005 4658 1047 4709 it
1082 4657 1128 4709 is
1173 4655 1463 4709 Fen-andus
1628 4658 1648 4687 ²
1684 4655 1910 4708 Omitted
1930 4656 1986 4707 in
2010 4657 2271 4711 Camden’s
2292 4666 2416 4711 text.
