3300 5617
1112 797 1441 852 HISTORIA
1483 796 1896 851 ANGLIOANA.
2427 787 2561 850 223

302 992 316 1005 ·
378 1029 392 1044 .
455 984 580 1040 illis
615 984 882 1057 partibus
916 1001 1106 1056 usque
1141 986 1217 1040 ad
1252 1003 1427 1041 suum
1472 987 1788 1042 transitum
1835 983 2208 1052 morabatur3
2262 982 2367 1038 ubi
2401 983 2561 1040 Wa‘l-
2583 982 2717 1036 ΑΒ.
2749 992 2891 1040 1338.

452 1069 559 1123 lici
597 1065 784 1125 multa
817 1069 1031 1124 damna
1062 1070 1329 1125 fecerunt
1380 1087 1486 1141 per
1523 1071 1687 1126 illam
1736 1087 1999 1135 moram3
2058 1069 2161 1139 qui
2210 1067 2369 1122 noxii
2422 1073 2560 1124 sunt
2581 1052 2850 1147 {omont

455 1153 696 1223 ubique.
2580 1152 2642 1245 *33³5
2661 1154 2741 1196 the

527 1237 782 1303 Interea,
820 1255 956 1294 cum
990 1237 1331 1294 nunciatum
1366 1239 1578 1294 fuisset
1625 1238 1778 1294 Duci
1818 1237 2105 1304 Bavariae,
2136 1236 2238 1308 qui
2263 1253 2325 1292 se
2362 1234 2559 1307 appel·
2583 1203 2892 1327 ὦὲδὲθῃρθ

451 1321 602 1376 lavit
659 1323 1103 1394 Imperatorem,
1175 1322 1333 1395 quod
1397 1324 1522 1377 Rex
1580 1323 1816 1393 Angliae
1871 1322 2223 1387 advenisset,
2281 1320 2558 1376 accersiri
2582 1342 2804 1391 between

453 1424 591 1460 eum
643 1407 845 1477 jussit,
909 1413 970 1461 et
1029 1408 1187 1461 circa
1238 1406 1539 1461 Kalendas
1589 1405 1854 1478 Augusti
1905 1406 2163 1461 occurrit
2226 1405 2341 1460 sibi
2387 1405 2560 1476 juxta
2583 1408 2800 1458 Edu-ard

453 1490 774 1555 Coloniam,
833 1491 936 1545 ubi
987 1509 1123 1546 cum
1174 1491 1429 1547 maximo
1488 1497 1776 1562 apparatu
1822 1498 1883 1545 et
1935 1490 2129 1561 gloria
2182 1507 2244 1545 se
2302 1490 2558 1545 invicem
2582 1477 2683 1526 and
2705 1476 2860 1526 L⁰¹¹¹⁸

451 1574 801 1630 salutarunt.
902 1575 1153 1644 Quidam
1205 1580 1404 1630 autem
1462 1563 1748 1638 ferebant,
1797 1574 1952 1645 quod
2002 1575 2266 1629 Bavarus
2318 1573 2560 1644 indigne
2583 1542 2644 1593 σε
2658 1542 2894 1596 Banna·

451 1659 697 1725 ferebat,
738 1659 895 1729 quod
947 1659 1076 1714 Rex
1109 1658 1345 1731 Angliae
1380 1676 1497 1714 non
1534 1676 1597 1715 se
1634 1658 1912 1713 submisit
1960 1655 2037 1713 ad
2089 1658 2289 1714 oscula
2342 1658 2560 1729 pedum

454 1760 713 1798 suorum.
792 1742 904 1798 Cui
940 1761 1288 1816 responsum
1324 1743 1457 1808 fuit,
1492 1741 1649 1814 quod
1685 1741 1811 1797 Rex
1834 1741 2070 1814 Angliae
2100 1748 2228 1798 erat
2262 1742 2556 1808 inunctus,

454 1833 518 1881 et
550 1827 725 1882 habet
759 1828 943 1883 vitam
981 1835 1043 1884 et
1094 1828 1427 1883 membrum
1475 1827 1541 1882 in
1589 1832 1898 1906 potestate,
1918 1844 2043 1893 sua,
2083 1833 2146 1883 et
2190 1827 2410 1883 idcirco
2444 1844 2562 1882 non

453 1909 630 1966 debet
682 1929 745 1966 se
799 1912 1148 1967 submittere
1213 1918 1446 1968 tantum
1505 1912 1663 1968 sicut
1718 1929 1822 1967 rex
1875 1912 2028 1968 alius
2088 1928 2202 1967 non
2263 1911 2556 1968 inunctus.

452 1993 601 2050 Post
649 2001 917 2051 mutuam
979 1995 1427 2052 collocutionem
1476 2001 1538 2051 et
1584 1996 1852 2067 pristinae
1901 1996 2412 2053 confoederationis
2466 2015 2557 2052 re·

451 2079 842 2144 novationem,
882 2078 1076 2136 dictus
1131 2081 1417 2145 Bavarus,
1475 2080 1578 2150 qui
1630 2098 1694 2136 se
1749 2080 1896 2136 dicit
1945 2081 2389 2152 Imperatorem,
2429 2099 2562 2137 con-

456 2163 654 2218 stituit
705 2164 936 2235 Regem
972 2164 1210 2235 Angliae
1244 2164 1551 2221 Vicarium
1605 2181 1797 2229 suum,
1845 2171 1908 2220 et
1942 2165 2124 2219 rediit
2158 2165 2234 2220 ad
2266 2165 2397 2221 loca
2433 2185 2556 2221 sua.

453 2246 582 2301 Rex
621 2265 762 2303 vero
811 2248 1188 2303 Brabantiam
1242 2255 1334 2304 est
1381 2266 1712 2319 regressus,
1769 2248 1872 2303 ubi
1925 2265 2032 2319 per
2068 2265 2284 2303 annum
2330 2250 2561 2320 jugiter

452 2348 679 2386 moram
737 2332 948 2398 traxit3
1005 2333 1320 2388 maximam
1379 2338 1610 2403 partem
1671 2334 1961 2388 exercitus
2016 2337 2078 2387 et
2136 2332 2376 2388 familiae
2437 2350 2559 2389 sute

452 2416 705 2486 propriae
742 2413 995 2471 =remisit
1049 2417 1112 2470 in
1164 2415 1464 2488 Angliam,
1519 2434 1638 2471 una
1674 2435 1809 2472 cum
1859 2415 2276 2482 Wallensibus,
2335 2417 2438 2489 qui
2496 2418 2560 2471 in
2581 2438 2800 2490 Edwaffi

453 2500 611 2554 omni
661 2499 788 2555 loco
826 2506 995 2556 erant
1044 2501 1449 2571 importabiles
1501 2507 1562 2556 et
1607 2500 1823 2556 nocivi.
1899 2500 2027 2556 Rex
2077 2509 2274 2557 autem
2322 2500 2558 2573 Angliae
2583 2521 2804 2558 assumes
2896 2511 2904 2520 ‘

452 2601 560 2654 per
593 2584 742 2639 hanc
777 2601 1003 2639 moram
1040 2582 1056 2615 ¹
1076 2584 1428 2650 Brabantiae,
1469 2585 1714 2640 consilio
1750 2585 2245 2641 Brabantinorum
2280 2592 2342 2641 et
2387 2585 2561 2640 Flan-
2582 2574 2668 2622 ²¹¹³
2691 2590 2822 2627 arms
2843 2579 2903 2629 Of

452 2666 773 2733 drensium,
827 2685 993 2724 arma
1037 2667 1302 2723 Franciae
1358 2668 1481 2724 suis
1537 2669 1717 2725 armis
1771 2670 2112 2735 immiscuit,
2171 2676 2232 2725 et
2285 2669 2558 2725 Boreales
2717 2657 2789 2693 ⁰²·

453 2756 650 2822 partes
685 2752 969 2818 Franciae,
1009 2770 1199 2824 usque
1224 2751 1301 2808 ad
1336 2753 1684 2819 Tornacum,
1724 2753 1986 2809 incendit
2021 2759 2081 2809 et
2114 2755 2387 2810 vastavit.

528 2836 616 2890 Εο
649 2843 912 2908 tempore
946 2843 1119 2893 natus
1155 2841 1247 2893 est
1281 2836 1436 2908 Regi
1484 2837 1641 2893 filius
1694 2838 1906 2893 tertius
1943 2837 2099 2909 apud
2132 2837 2549 2910 Andewerp,—-
2582 2846 2732 2898 Birth
2755 2850 2817 2901 of

457 2926 519 2976 et
550 2927 791 2976 vocatus
842 2927 934 2977 est
989 2923 1027 2949 “
1056 2920 1353 2977 Lionellus
1374 2921 1545 2975 ”-in
1579 2920 1810 2992 Vigilia
1859 2921 2059 2978 Sancti
2093 2920 2363 2977 Andreae.
2440 2923 2558 2978 Hic
2580 2914 2774 2977 Lionel‚

455 3010 660 3075 postea
717 3006 927 3062 Comes
978 3004 1095 3060 fuit
1149 3005 1424 3070 Ultoniae,
1486 3011 1548 3060 et
1604 3005 1841 3060 tandem
1901 3005 2036 3061 Dux
2096 3005 2408 3062 Clarentiae
2467 3013 2560 3063 est
2579 2980 2824 3103 glssgn‘ffe

456 3094 706 3145 creatus·
2826 3088 2840 3102 ⁶

525 3174 655 3230 Hoc
692 3190 843 3229 anno
879 3173 1220 3229 Cardinales
1255 3172 1522 3246 praedicti
1559 3174 1632 3229 de
1667 3171 1890 3246 Anglia
1925 3180 2063 3231 sunt
2097 3174 2342 3246 egressi.

525 3257 749 3314 Eodem
784 3275 952 3322 anne,
1009 3275 1047 3312 a
1096 3257 1300 3329 quinto
1349 3258 1646 3313 Kalendas
1700 3258 2041 3314 Decembris
2088 3275 2277 3330 usque
2312 3258 2559 3330 ⁹quarto
2581 3266 2784 3321 Intense

457 3342 601 3397 Idus
637 3342 966 3408 Februarii,
1011 3342 1153 3413 gelu
1193 3342 1516 3397 maximum
1569 3343 1810 3399 duravit
1866 3343 1930 3397 in
1965 3343 2207 3415 Anglia,
2272 3351 2333 3399 et
2389 3344 2556 3400 nives
2581 3335 2707 3386 f¹⁸⁰8t
2728 3338 2783 3387 in

456 3427 668 3492 nullae3
732 3444 848 3499 quo
895 3443 1046 3482 anno
1104 3426 1443 3498 prodigium
1478 3427 1752 3499 apparuit
1809 3428 1871 3481 in
1930 3428 2040 3482 hac
2089 3433 2284 3496 terra;
2349 3430 2557 3485 salices
2580 3403 2857 3520 {iffi-⁸¹2&

455 3528 662 3583 nempe
696 3512 761 3566 in
806 3527 1007 3566 mense
1044 3510 1328 3566 «Ianuario
1370 3510 1543 3566 flores
1594 3510 1983 3582 protulerunt,
2022 3511 2208 3568 'rosis
2260 3514 2324 3567 in
2378 3531 2559 3584 quan·
2580 3487 2841 3590 markgble

454 3597 622 3651 titate
657 3601 719 3651 et
752 3594 945 3651 colore
979 3594 1330 3666 persimiles,
1386 3613 1718 3667 quanquam
1769 3612 1836 3651 eo
1879 3613 2029 3650 anno
2069 3595 2281 3652 fuisset
2312 3597 2332 3629 ⁴
2350 3597 2555 3670 hyems
2579 3606 2840 3669 vegetable

454 3685 634 3746 tanta,
692 3685 912 3751 quanta
957 3697 1075 3734 non
1125 3679 1321 3734 fuerat
1371 3697 1479 3751 per
1523 3685 1849 3735 transactos
1896 3685 2055 3735 retro
2090 3682 2304 3752 viginti
2359 3700 2555 3738 annos.
2580 3673 2791 3749 P‚¹'0d¹²0·

456 3762 882 3835 Interpretetur
931 3763 1035 3833 qui
1085 3764 1304 3834 poterit
1354 3763 1511 3833 signi
1560 3763 1916 3834 prodigium,
1957 3763 2127 3833 cujus
2175 3764 2393 3821 relator
2427 3783 2557 3822 esse
2579 3745 2726 3789 ‘¹⁰³⁸’

457 3846 650 3917 delegi
684 3847 878 3919 potius
917 3863 1093 3918 quam
1129 3846 1440 3918 expositor.

525 3930 657 3985 Hoc
710 3949 859 3986 anno
913 3930 1040 3985 Rex
1096 3930 1420 3988 Edwardus
1476 3946 1539 3986 se
1612 3930 1840 4001 Regem
1892 3929 2157 3986 Franciae
2211 3937 2273 3987 et
2322 3931 2556 4003 Angliae
2579 3947 2893 3999 Edwafflag.

458 4015 760 4070 constituit
794 4014 1097 4086 appellari.
2580 4031 2745 4066 sumes
2768 4016 2853 4066 the

526 4098 760 4153 Transit
817 4115 1002 4153 annus
1062 4098 1175 4153 iste
1234 4097 1486 4169 frugifer
1536 4098 1681 4153 satis
1732 4103 1793 4152 et
1852 4096 2136 4165 fructifer,
2199 4103 2555 4169 temperatus
2579 4083 2807 4215 {tilxffgogf

459 4187 677 4247 aestate,
720 4183 931 4254 hyeme
990 4200 1131 4239 vero
1191 4182 1425 4254 gelidus
1478 4199 1657 4253 supra
1702 4180 1976 4248 modum3
2016 4182 2257 4237 Francis
2308 4182 2554 4249 invisus,
2578 4217 2790 4270 Εἴπω.

459 4264 879 4338 dispendiosus,
908 4267 1196 4324 sollicitus
1218 4289 1233 4334 3
1259 4265 1473 4337 Anglis
1497 4266 1850 4322 honorificus
1871 4288 1886 4333 3
1917 4266 2106 4323 Scotis
2131 4267 2194 4321 in
2216 4273 2553 4339 utrumque.

526 4561 607 4613 ‘in
621 4560 908 4614 Brabantia
921 4563 978 4613 in
992 4559 1079 4613 the
1091 4558 1289 4628 printed
1301 4566 1453 4612 texts.
1542 4557 1676 4610 stom
1711 4558 1923 4611 another
1962 4573 2154 4613 source.
2225 4558 2323 4614 See
2350 4575 2399 4626 p.
2437 4565 2551 4614 200.

524 4644 546 4674 ²
566 4651 790 4707 quartum
811 4642 866 4692 in
891 4642 977 4692 the
999 4642 1198 4706 printed
1220 4645 1386 4691 texts.
1544 4647 1677 4690 ante.

524 4721 693 4773 'This
734 4722 829 4773 has
870 4722 1001 4773 been
1043 4720 1252 4784 already
1290 4720 1455 4772 stated
1607 4720 1626 4749 ⁴
1653 4716 2066 4785 hiempsinorig.
