3300 5617
72 974 215 1028 MS,
247 979 396 1034 Bibl.

72 1043 231 1108 Reg.
270 1053 336 1099 13

70 1110 147 1161 Ε.
177 1110 273 1165 ix.

106 3496 413 3560 Murimutb,

110 3569 391 3682 'iis'f'mi

109 3763 270 3815 unx.

120 4583 225 4635 MS.
247 4583 393 4636 Bibl.

120 4650 240 4728 Reg.
270 4657 335 4703 13

121 4717 172 4768 E.
194 4732 271 4770 ιι.

1111 786 1440 839 HISTORIA
1482 785 1900 839 ANGLICANA.
2439 780 2560 852 181

460 979 594 1031 ante
631 973 772 1030 solis
808 990 1095 1031 occasum.
1172 975 1299 1044 Quo
1335 992 1612 1048 responso
1644 976 1770 1032 Rex
1805 981 2059 1048 accepto,
2096 976 2200 1031 sed
2235 974 2566 1031 nullatenus
2591 978 2727 1030 AD.
2756 985 2900 1030 1326.

459 1064 778 1130 acceptato,
817 1059 1054 1114 Turrim
1100 1058 1534 1116 Londoniarum
1568 1061 1952 1116 communivit
1986 1061 2165 1114 armis
2204 1065 2264 1115 et
2298 1059 2569 1114 victuali·
2591 1068 2809 1120 Edward

459 1142 604 1208 bus;
667 1142 731 1197 in
789 1159 906 1214 quo
952 1142 1197 1213 reliquit
1253 1142 1442 1198 fllium
1501 1162 1675 1200 suum
1727 1144 2041 1214 juniorem,
2107 1143 2146 1199 J
2149 1143 2433 1198 ohannem
2493 1142 2566 1197 de
2589 1136 2798 1186 fortifies
2814 1137 2900 1189 the

457 1226 716 1291 Eltham‚
774 1233 836 1282 et
868 1243 1110 1282 uxorem
1144 1225 1381 1282 Domini
1417 1227 1691 1300 Hugonis
1730 1228 2063 1299 Despencer
2090 1227 2365 1298 junioris,
2424 1243 2563 1298 nep·
2591 1201 2790 1266 T⁰W⁰¹⁸2

456 1315 580 1366 tem
631 1327 830 1366 suam:
882 1310 1010 1383 ipse
1061 1327 1204 1366 vero
1260 1311 1391 1366 loca
1441 1312 1611 1382 regni
1662 1310 1922 1368 Occidua
1979 1311 2143 1376 adiit,
2207 1310 2564 1384 quoesiturus

456 1394 761 1458 tutamina,
815 1393 917 1450 ubi
979 1394 1289 1450 collocaret
1352 1396 1671 1450 exercitum
1733 1402 1935 1451 contra
2001 1396 2308 1467 Reginam.
2404 1394 2561 1450 Ante

454 1494 754 1534 recessum
788 1495 963 1533 suum
990 1476 1064 1533 de
1092 1477 1427 1542 Londoniis,
1459 1478 1809 1550 proclamari
1846 1479 2002 1543 fecit,
2036 1485 2104 1535 ut
2135 1478 2556 1550 unusquisque,
2583 1489 2708 1540 And
2726 1491 2889 1544 53⁸„oe

456 1562 568 1618 sub
606 1562 981 1618 forisfactura
1028 1578 1229 1617 rerum
1282 1566 1344 1617 et
1391 1578 1718 1634 corporum,
1771 1563 2074 1619 resisteret
2121 1562 2446 1636 applicatis,
2501 1567 2562 1617 et
2585 1573 2616 1608 8
2636 1561 2831 1622 procla-

456 1662 556 1701 eos
591 1645 894 1701 invaderet
927 1649 989 1701 et
1021 1644 1329 1710 occideret,
1369 1645 1420 1701 si
1451 1663 1566 1717 quo
1600 1645 1772 1700 modo
1805 1651 2022 1717 posset,
2054 1647 2309 1719 exceptis
2347 1647 2560 1701 solum·
2584 1625 2776 1703 matf‘m
2856 1693 2868 1706 .

456 1730 629 1786 modo
664 1730 895 1801 Regina
928 1735 991 1785 et
1023 1728 1311 1786 Edwardo
1344 1729 1468 1784 filio
1504 1747 1629 1793 suo,
1667 1735 1728 1784 et
1759 1729 1986 1785 Comite
2023 1729 2246 1786 Cantiae
2282 1747 2561 1801 germano
2586 1693 2899 1812 23²3}st

455 1832 595 1879 su03
636 1814 757 1885 qui,
798 1814 851 1870 si
886 1813 1184 1869 commode
1219 1821 1475 1885 possent,
1519 1813 1643 1869 vivi
1680 1819 2026 1885 caperentur
2059 1813 2252 1869 illaesi.
2327 1813 2560 1869 Procla-

453 1904 677 1954 matum
738 1903 829 1953 est
886 1898 1144 1970 insuper,
1208 1904 1276 1953 ut
1332 1897 1532 1952 nullus
1592 1897 2047 1953 communicaret
2103 1914 2240 1952 cum
2299 1898 2403 1961 eis,
2464 1895 2563 1952 vel

452 1982 734 2039 victualia
764 1980 1063 2047 venderet,
1102 1981 1197 2037 vel
1235 1981 1442 2053 quovis
1479 1980 1651 2038 modo
1691 1981 2071 2046 ministraret,
2110 1986 2213 2037 aut
2249 1981 2564 2051 quicquam

453 2066 590 2122 boni
640 2066 725 2122 eis
761 2066 997 2130 faceret,
1049 2072 1152 2121 aut
1187 2065 1260 2120 de
1297 2066 1383 2121 eis
1429 2066 1796 2137 praedicaret,
1849 2064 1957 2119 sub
2003 2082 2178 2136 poena
2223 2071 2557 2136 praetaxata.

454 2150 629 2214 Item,
682 2149 1036 2221 quicumque
1102 2154 1279 2222 caput
1336 2150 1434 2204 vel
1498 2166 1728 2221 corpus,
1793 2154 2090 2203 mortuum
2153 2148 2278 2204 sive
2338 2148 2557 2214 vivum,

455 2234 693 2289 Domini
729 2233 951 2305 Rogeri
987 2233 1061 2289 de
1099 2233 1340 2289 Mortuo
1374 2232 1532 2288 Mari
1569 2233 1724 2303 Regi
1759 2232 2033 2298 deferret,
2071 2232 2238 2287 mille
2272 2231 2452 2288 libras
2489 2232 2562 2288 de

454 2319 595 2374 fisco
630 2317 796 2388 regio
830 2318 1120 2389 reciperet
1150 2334 1259 2388 pro
1294 2316 1582 2372 mercede.
1845 2384 1849 2388 ⁴

526 2402 577 2456 E
613 2407 832 2465 contra,
859 2400 934 2457 de
950 2401 1198 2472 Regina,
1226 2400 1330 2456 ubi
1365 2400 1471 2456 illa
1492 2401 1624 2465 fuit,
1651 2400 2076 2474 proclamatum
2100 2407 2228 2456 crat
2262 2405 2332 2456 ut
2365 2417 2563 2456 omnes
2589 2406 2701 2458 The
2719 2409 2894 2472 Queen

455 2486 531 2541 de
565 2502 707 2557 pace
742 2484 895 2540 bona
928 2491 1248 2557 sperarent,
1290 2484 1547 2556 exceptis
1584 2484 1839 2540 inimicis
1881 2485 2052 2555 regni
2098 2484 2371 2556 publicis,
2429 2482 2562 2540 Dis·
2590 2474 2750 2526 1³⁸⁰OE
2773 2494 2805 2526 2²

456 2567 882 2641 pensator-ibus,
909 2573 1075 2639 patre
1111 2573 1172 2623 et
1207 2567 1346 2632 filio,
1376 2573 1438 2623 et
1459 2567 1716 2623 Roberto
1743 2567 1814 2623 de
1839 2568 2085 2632 Baldok,
2115 2567 2299 2639 Regis
2326 2567 2564 2624 Cancel-
2587 2542 2864 2657 ἓξῖξιω·

458 2653 627 2718 lario,
654 2669 971 2723 eorumque
1007 2651 1350 2715 fautoribus,
1388 2669 1496 2723 per
1519 2669 1665 2721 quos
1700 2668 1959 2722 praesens
1995 2652 2164 2722 regni
2201 2652 2563 2723 perturbatio
2687 2674 2786 2726 qm
2810 2674 2897 2725 the

460 2735 850 2806 contingebat.
955 2734 1386 2790 Proclamatum
1453 2735 1649 2798 etiam,
1692 2740 1763 2789 ut
1822 2735 2019 2790 nullus
2073 2741 2323 2806 caperet,
2378 2735 2562 2791 invito
2642 2741 2770 2806 ’ng’s
2785 2758 2896 2806 par-

454 2836 809 2892 possessore,
848 2818 1112 2874 valorem
1144 2819 1328 2875 trium
1363 2817 1755 2883 denariorum,
1796 2818 1906 2873 sub
1952 2837 2126 2890 poena
2173 2819 2560 2875 mutilationis
2585 2806 2758 2860 5⁸⁸⁰&

453 2903 648 2975 digiti,
669 2920 776 2958 nec
793 2903 1052 2959 valorem
1075 2920 1178 2957 sex
1201 2902 1590 2966 denariorum,
1620 2902 1731 2957 sub
1751 2919 1926 2973 poena
1941 2919 2147 2957 manus
2172 2902 2556 2974 amputandas,

452 3005 561 3043 nec
595 2987 855 3043 valorem
904 2985 1212 3042 duodecim
1262 2986 1701 3056 sterlingorum,
1741 2986 1851 3041 sub
1886 3003 2059 3057 poena
2099 2986 2308 3057 capitis
2358 3003 2559 3058 ampu-

451 3070 632 3127 tandi.
731 3070 811 3125 Et
868 3069 1201 3141 quicunque
1263 3074 1440 3140 caput
1491 3069 1766 3138 Hugonis
1825 3067 2258 3141 Dispensatoris
2304 3068 2558 3140 junioris

452 3159 815 3225 amputatum
851 3152 1095 3222 Reginus
1132 3151 1404 3216 deferret,
1443 3152 1733 3224 reciperet
1781 3151 1896 3208 duo
1946 3152 2134 3208 millia
2168 3152 2450 3208 librarum
2486 3152 2559 3207 dc

452 3238 728 3293 thesauro
751 3235 1013 3306 Reginae.
1088 3235 1184 3290 Ab
1219 3234 1328 3290 hoc
1364 3252 1507 3306 ergo
1530 3241 1792 3306 tempore
1822 3254 1959 3308 pars
1989 3236 2061 3292 de
2092 3241 2258 3307 parte
2281 3237 2555 3301 cavebat3

453 3320 619 3390 Rege
672 3337 806 3376 cum
858 3318 1002 3383 suis,
1056 3318 1196 3374 licet
1244 3335 1380 3373 cum
1431 3319 1654 3389 paucis,
1711 3319 1991 3390 fugiente,
2038 3325 2100 3375 et
2144 3319 2374 3391 Regina
2424 3337 2560 3375 cum

451 3421 668 3474 magna
702 3402 1077 3458 multitudine
1114 3419 1248 3458 eum
1285 3401 1533 3457 sollicite
1570 3401 1931 3473 insequente.

524 3486 849 3543 Transtulit
877 3492 1075 3542 autem
1099 3503 1162 3540 se
1186 3485 1330 3549 Rex,
1358 3502 1493 3540 cum
1517 3485 1745 3541 duobus
1772 3486 2305 3558 Dispensatoribus‚
2331 3487 2408 3543 ad
2429 3505 2561 3558 par-
2584 3489 2725 3556 King
2741 3493 2841 3542 Ed-

452 3576 542 3627 tes
568 3570 919 3635 Gloverniae,
948 3576 1008 3626 et
1043 3567 1412 3642 postmodum
1448 3569 1523 3625 ad
1548 3570 1842 3642 Strogoil;
1883 3577 1944 3627 et
1978 3571 2203 3628 dimisit
2240 3571 2557 3626 Dominum
2582 3560 2722 3607 ”ard
2743 3559 2854 3609 ffiffl

451 3655 771 3726 Hugonem
813 3652 1166 3724 Despencer‚
1206 3658 1453 3724 patrem,
1495 3653 1571 3709 ad
1618 3654 1943 3710 custodiam
1979 3655 2136 3710 villae
2173 3662 2234 3711 ct
2268 3655 2447 3710 castri
2483 3653 2554 3708 de
2579 3625 2809 3741 ξόἑξξοί

452 3738 774 3795 Bristollia.
837 3737 965 3793 Rex
981 3742 1177 3793 autem
1202 3737 1504 3807 ingressus
1530 3747 1622 3794 est
1643 3756 1856 3809 aquam
1881 3757 2013 3794 cum
2032 3738 2282 3795 Domino
2299 3738 2554 3807 Hugone
2581 3756 2831 3823 Englaud.

451 3823 786 3895 Despencer
830 3821 1083 3892 juniore,
1138 3820 1394 3877 Roberto
1429 3821 1501 3877 de
1538 3822 1785 3888 Baldok,
1828 3828 1889 3879 et
1923 3823 2056 3879 aliis
2104 3822 2275 3878 valdo
2327 3821 2551 3893 paucis,

452 3912 521 3962 ut
554 3907 800 3962 inferius
836 3905 1184 3961 continetur.

521 3990 751 4061 Regina
783 4006 943 4055 vere,
984 4007 1119 4044 cum
1154 3988 1276 4043 filio
1311 4006 1418 4044 suo
1459 3994 1521 4044 et
1565 3990 1843 4056 exercitu,
1882 3990 2295 4060 insequebatur
2329 3990 2558 4061 Regem
2582 3993 2694 4044 The
2713 3993 2889 4055 Queen

451 4091 556 4146 per
593 4073 906 4138 Oxoniam3
946 4072 1049 4127 ubi
1085 4072 1410 4143 Episcopus
1446 4072 1813 4127 Herefordiae
1862 4073 2219 4144 praedicavit,
2267 4079 2555 4144 praesente
2581 4060 2772 4111 ’mim'
2795 4072 2848 4113 at

451 4159 683 4230 Regina
717 4166 777 4215 et
812 4159 933 4213 fflio
969 4174 1094 4222 suo,
1134 4157 1207 4211 de
1244 4174 1422 4212 causa
1457 4156 1742 4213 adventus
1778 4158 2050 4223 illorum;
2091 4157 2246 4229 quod
2280 4158 2557 4213 videlicet
2582 4128 2795 4188 0¹f0ffl’

450 4244 633 4300 fuerit
666 4242 739 4297 ad
777 4242 1155 4298 auferendum
1204 4240 1424 4296 malum
1472 4242 1738 4310 regimen
1776 4241 1846 4295 de
1883 4259 2064 4312 regno
2100 4243 2232 4297 isto.
2329 4241 2555 4296 Deinde

449 4327 614 4382 venit
647 4326 876 4396 Regina
911 4345 1043 4382 cum
1081 4327 1203 4381 suis
1240 4325 1313 4380 ad
1351 4325 1746 4388 Gloverniam,
1780 4325 1878 4379 ubi
1917 4325 2167 4379 multum
2203 4326 2392 4380 crevit
2426 4325 2554 4395 ejus
2580 4336 2704 4385 And
2733 4338 2890 4389 Glou-

452 4411 740 4467 exercitus
791 4428 898 4483 per
936 4411 1251 4466 adventum
1305 4408 1690 4472 Dominorum
1725 4407 1798 4462 de
1835 4408 2025 4479 Pcrcy
2060 4414 2120 4464 et
2154 4407 2227 4464 de
2252 4397 2455 4474 Wak'e,
2497 4416 2558 4466 et
2580 4411 2753 4454 cester.

452 4494 702 4550 aliorum
738 4493 812 4550 de
848 4494 1112 4567 partibus
1148 4491 1493 4548 Borealibus
1531 4498 1593 4547 et
1626 4492 1700 4547 de
1723 4491 2007 4547 Marchia.

523 4577 682 4634 Dum
716 4580 843 4636 haec
891 4583 1147 4650 aguntur
1195 4593 1267 4630 ex
1316 4582 1483 4647 parte
1520 4575 1786 4646 Reginae,
1841 4575 2292 4644 Londonicnses,
2338 4576 2553 4649 quibus
2580 4581 2692 4632 The
2713 4583 2830 4633 citi-

453 4682 750 4738 nunquam
785 4663 951 4721 deest
984 4661 1140 4718 furia
1176 4677 1310 4716 cum
1352 4659 1519 4717 adest
1577 4659 1963 4717 insolescendi
2014 4660 2267 4729 licentia,
2310 4680 2550 4734 congre·
2577 4650 2790 4767 {3²:⁸ng
