3300 5617
86 972 194 1027 MS.
207 973 352 1029 Bibl.

86 3073 187 3124 MS.
210 3075 344 3127 Bibl.

88 3207 140 3256 E.
160 3207 228 3259 ix.

1076 784 1406 839 HISTORIA
1447 785 1867 840 mancam.
2393 777 2519 840 183

418 972 673 1039 tanniae3
727 978 789 1030 et
845 973 977 1031 ideo
1028 973 1461 1031 Londonienses
1514 975 1884 1043 studuerunt,
1928 980 1997 1032 ut
2043 975 2331 1041 dicebant,
2389 993 2524 1031 suas
2546 984 2854 1044 A.D.1326.

416 1056 751 1114 molitiones
789 1058 1195 1131 tempestivius
1230 1060 1572 1131 praevenire.

485 1141 561 1196 In
595 1142 850 1199 crastino
887 1143 1288 1200 decollationis
1321 1145 1549 1215 proefati
1583 1144 1879 1217 Episcopi,
1918 1143 2348 1200 Londonienses
2384 1161 2526 1199 casu
2549 1149 2662 1200 The
2682 1153 2784 1216 pri-

416 1226 662 1282 fortuito
697 1226 1259 1298 comprehenderunt
1290 1227 1541 1284 militem
1587 1235 1910 1295 strenuum,
1945 1229 2261 1284 Dominum
2300 1227 2341 1284 J
2343 1229 2518 1284 ohan-
2548 1232 2722 1294 ⁸9⁰0?ss
2738 1235 2822 1270 are

417 1326 571 1374 nem,
613 1307 1125 1366 constabularium
1160 1311 1368 1367 Turris
1414 1311 1865 1378 Londoniarum,
1905 1312 1979 1367 de
2015 1312 2275 1378 weston,
2335 1319 2396 1368 et
2445 1314 2518 1368 ab
2543 1283 2851 1417 &bbgffgfflm

360 1431 376 1457 ,
419 1410 491 1448 eo
539 1393 736 1450 claves
787 1394 992 1449 Turris
1044 1400 1339 1466 ceperunt,
1380 1395 1521 1451 licet
1557 1396 1774 1462 invito;
1832 1402 1893 1452 et
1937 1397 2220 1452 intrantes
2257 1397 2512 1463 Turrim,
2542 1417 2793 1485 Enghmd,

418 1494 619 1533 omnes
656 1479 1043 1534 incarceratos
1078 1478 1491 1534 liberaverunt.
1577 1480 1657 1535 Et
1704 1480 1791 1535 ita
1825 1481 2061 1536 fuerunt
2094 1498 2292 1536 omnes
2327 1482 2515 1537 incar-

416 1562 618 1627 cerati,
660 1563 830 1633 quasi
864 1579 972 1634 per
1006 1567 1190 1618 totam
1223 1561 1522 1633 Angliam,
1560 1562 1828 1630 liberati3
1868 1569 1929 1619 et
1962 1581 2161 1618 omnes
2197 1564 2421 1619 banniti
2458 1571 2519 1621 et

412 1645 656 1717 fugitivi
691 1647 914 1702 reversi
937 1651 1093 1703 sunt.
1167 1646 1598 1702 Londonienses
1623 1663 1764 1703 vero
1787 1664 1986 1702 omnes
2008 1648 2306 1702 ministros
2331 1647 2515 1719 Regis
2541 1650 2670 1701 New
2691 1654 2799 1704 offi-

414 1731 477 1784 in
512 1729 688 1786 Turri
724 1730 1156 1786 Londoniarum
1195 1737 1554 1796 amoverunt,
1608 1736 1671 1786 et
1714 1748 1893 1786 novos
1929 1732 2357 1787 constituerunt
2406 1733 2514 1787 sub
2539 1721 2733 1836 ἓξὲξ
2745 1722 2832 1839 ἐξ

412 1814 645 1868 nomine
699 1814 936 1869 Domini
991 1814 1032 1868 J
1033 1814 1274 1870 ohannis
1325 1813 1398 1868 de
1439 1814 1696 1879 Eltham,
1755 1814 1862 1870 filii
1899 1814 2103 1886 Regis,
2155 1833 2330 1886 quem
2366 1815 2513 1872 Gus-
2538 1852 2820 1917 appointed.

412 1897 607 1953 todem
658 1899 914 1955 civitatis
974 1907 1035 1954 et
1091 1903 1265 1954 terrm
1323 1899 1785 1954 nominaverunt.
1885 1898 2012 1970 Ipsi
2058 1905 2253 1955 tamen
2297 1900 2514 1958 multas

410 1983 645 2054 rapinas
680 1988 743 2038 et
775 1982 921 2037 alias
956 1982 1297 2038 insolentias
1333 1983 1523 2038 facere
1558 2000 1674 2037 non
1708 1988 2028 2038 cessarunt.

478 2066 713 2138 Regina
760 2083 900 2122 vero
952 2083 1058 2139 per
1092 2066 1244 2121 illud
1277 2072 1510 2138 tempus
1547 2066 1621 2121 de
1671 2065 2040 2123 Gloucestria
2086 2069 2362 2124 transivit
2406 2087 2513 2140 per
2538 2069 2651 2119 The
2668 2073 2846 2134 Queen

410 2150 814 2222 Berkeleyam,
854 2150 957 2205 ubi
980 2150 1243 2207 restituit
1264 2156 1542 2216 castrum,
1570 2152 1738 2223 prius
1774 2169 1811 2206 a
1834 2151 2084 2206 Domino
2118 2152 2375 2221 Hugone
2398 2152 2512 2207 De-
2536 2145 2751 2189 mwfefl

410 2252 653 2305 spencer
694 2234 930 2305 juniore
966 2235 1284 2299 detentum,
1324 2234 1575 2290 Domino
1622 2235 1860 2290 Thomae
1911 2235 1983 2289 de
2020 2235 2355 2306 Berkeleye,
2409 2238 2512 2307 qui
2536 2202 2788 2324 {3333

409 2319 523 2373 fuit
558 2318 745 2374 haeres
783 2318 1021 2373 Domini
1056 2318 1332 2374 Mauricii
1368 2318 1441 2375 de
1477 2319 1786 2390 Berkeley,
1831 2319 2090 2374 defuncti
2129 2337 2336 2391 parum
2378 2327 2511 2375 ante
2536 2336 2760 2389 Thomas

407 2401 563 2474 apud
585 2401 1008 2475 Walyngforde
1031 2403 1094 2458 in
1118 2420 1369 2467 carcere,
1404 2421 1539 2459 cum
1562 2404 1831 2459 omnibus
1856 2404 2222 2474 pertinentiis
2252 2411 2314 2459 et
2335 2404 2510 2460 rebus
2535 2403 2674 2453 Lord
2687 2407 2810 2459 Ber-

406 2485 723 2542 mobilibus
746 2486 823 2542 ad
845 2487 1122 2542 honorem
1147 2486 1221 2541 de
1243 2486 1568 2558 Berkeleye
1591 2486 2018 2558 pertinentibus
2045 2486 2506 2558 quibuscunque.
2535 2469 2700 2536 ⁸⁸¹0?-

407 2571 647 2642 Expost,
674 2569 905 2642 Regina
924 2587 1177 2642 pergens
1213 2587 1349 2625 cum
1371 2571 1631 2627 exercitu
1669 2570 1898 2626 obsedit
1918 2570 2124 2625 villam
2159 2575 2220 2627 et
2254 2577 2512 2627 castrum
2534 2574 2726 2626 Bristol
2747 2579 2792 2629 is

407 2654 480 2709 de
516 2654 856 2719 Bristollia3
909 2653 1066 2724 quod
1125 2655 1240 2709 fuit
1291 2654 1409 2710 cito
1457 2653 1702 2724 Reginae
1753 2652 2070 2718 redditum,
2134 2659 2197 2709 et
2243 2653 2364 2710 filio
2405 2675 2511 2711 suo
2537 2656 2735 2694 mn·

406 2738 578 2804 Duci,
616 2756 736 2794 una
769 2756 904 2793 cum
949 2738 1112 2793 villa.
1200 2737 1282 2793 Et
1314 2739 1377 2793 in
1412 2738 1667 2793 crastino
1702 2737 1985 2794 adventus
2021 2737 2227 2808 ipsius,
2274 2739 2349 2793 ad
2396 2739 2510 2794 cla·
2537 2709 2829 2831 ‘tlfffflffld

404 2840 629 2878 morem
662 2822 849 2893 vulgi,
888 2822 1005 2877 fuit
1037 2821 1221 2892 Hugo
1256 2821 1590 2893 Despencer
1624 2827 1793 2894 pater
1827 2827 2050 2877 tractus
2088 2827 2149 2876 et
2196 2840 2512 2894 suspensus
2536 2844 2828 2909 Despenoer

402 2906 623 2962 ibidem
658 2905 753 2977 'sin
787 2907 966 2962 armis
1011 2906 1285 2978 propriis,
1335 2911 1500 2962 extra
1545 2906 1768 2971 villam,
1809 2923 1984 2977 super
2020 2908 2313 2961 communi
2349 2908 2516 2963 furca
2538 2917 2800 2967 executed.

402 2991 710 3046 latronum.
2261 2989 2268 3000 '

472 3075 599 3131 Rex
648 3075 871 3131 interea
922 3073 1326 3146 vagabundus,
1380 3092 1533 3129 nunc
1584 3074 1682 3129 hic
1735 3091 1889 3129 nunc
1935 3074 2041 3139 ibi,
2088 3092 2193 3146 pro
2228 3074 2510 3130 varietate
2536 3073 2760 3127 Thomas
2781 3079 2843 3129 de

400 3160 664 3216 locorum
708 3160 771 3214 in
819 3176 984 3231 spem
1033 3164 1282 3223 erectus,
1327 3159 1392 3213 in
1435 3176 1651 3228 magna
1699 3158 2094 3214 sollicitudine
2143 3158 2502 3225 versabatur,
2532 3141 2736 3220 B¹‚⁰¹²¹¹t·
2759 3145 2844 3195 the

400 3261 691 3314 nusquam
725 3248 1031 3315 expectare
1066 3260 1445 3314 praesumens.
1522 3241 1691 3310 Quod
1714 3242 1918 3298 videns
1946 3242 2232 3297 Dominus
2257 3242 2507 3298 Thomas
2535 3207 2760 3326 ggggd

399 3327 474 3382 de
497 3328 735 3393 Blount,
773 3328 947 3383 miles
982 3327 1284 3391 emeritus,
1312 3325 1550 3381 Domini
1603 3325 1789 3397 Regis
1834 3326 2222 3391 senescallus,
2269 3344 2332 3381 se
2373 3346 2506 3382 cum
2524 3341 2665 3404 joins
2683 3316 2777 3393 the'

397 3417 524 3468 tota
558 3430 666 3468 sua
699 3411 942 3477 familia,
970 3411 1285 3483 assumptis
1308 3409 1684 3475 victualibus,
1720 3412 2052 3476 armaturis,
2080 3417 2142 3466 et
2176 3410 2502 3478 dextrariis,
2533 3409 2724 3469 Queen·

396 3496 603 3551 multis
636 3495 827 3560 valde,
879 3494 1128 3551 contulit
1162 3494 1238 3549 ad
1284 3494 1591 3566 Reginam.
1687 3492 1872 3562 Quem
1908 3495 2015 3550 illa
2060 3513 2196 3550 cum
2243 3494 2364 3549 filio
2402 3513 2507 3550 suo

396 3579 648 3652 benigne
686 3580 962 3651 suscepit,
999 3584 1061 3635 et
1101 3578 1386 3650 quosdam
1408 3578 1481 3633 de
1522 3578 1646 3634 suis
1672 3595 1872 3634 secum
1910 3579 2172 3644 retinuit,
2203 3578 2502 3650 quosdam,

396 3664 552 3719 datis
587 3664 802 3720 litteris
838 3663 1224 3735 protectoriis,
1264 3663 1328 3717 in
1360 3679 1503 3734 pace
1539 3661 1784 3740 dimisit.

468 3746 595 3802 Rex
617 3764 775 3813 vero,
803 3764 937 3802 cum
962 3748 1219 3817 Hugone
1246 3745 1482 3818 juniore
1513 3744 1849 3817 Despencer
1884 3750 1946 3802 et
1969 3745 2226 3802 Roberto
2258 3746 2501 3812 Baldok,
2532 3738 2643 3790 The
2657 3740 2799 3810 King

394 3832 701 3902 ingressus
760 3848 992 3901 aquam,
1041 3831 1232 3903 primo
1290 3829 1366 3884 ad
1423 3830 1679 3885 insulam
1737 3830 1810 3885 de
1862 3829 2102 3901 Londay
2149 3831 2502 3901 inexpugna·
2527 3810 2803 3930 ἓξὲξίῧῧω

393 3915 593 3981 bilem,
632 3915 728 3971 vel
766 3921 923 3971 certe
959 3915 1023 3970 in
1058 3913 1423 3979 Hiberniam,
1475 3912 1768 3986 disposuit
1801 3913 2167 3984 confugiss03
2214 3912 2316 3968 sed
2351 3913 2504 3968 inter
2527 3940 2707 3994 Neam·

393 4000 575 4055 maris
610 3999 952 4055 discrimina
980 3997 1241 4070 'positus,
1281 3998 1697 4054 miserabiliter
1728 4014 1832 4070 per
1871 4015 2049 4052 unam
2084 3995 2503 4052 hebdomadam

395 4084 716 4140 vacillavit.
813 4082 1071 4140 Tandem
1105 4083 1393 4154 applicuit
1436 4084 1499 4138 in
1548 4082 1922 4152 Glomorgan,
1975 4087 2036 4137 et
2087 4080 2387 4137 transtulit
2436 4099 2500 4136 se

397 4168 474 4224 ad
505 4168 861 4224 Abbathiam
902 4173 963 4223 et
1012 4173 1270 4223 castrum
1308 4166 1381 4222 de
1433 4166 1494 4222 N
1495 4167 1632 4233 eth;
1685 4173 1748 4222 et
1782 4165 1884 4230 ibi,
1929 4165 2179 4220 confisus
2216 4163 2495 4236 ‘⁶'promis-

396 4253 561 4309 sione
605 4252 1015 4317 Wallencium,
1080 4251 1352 4308 latitavit.
1452 4250 1810 4321 Hugolinus,
1861 4249 2018 4305 filius
2066 4248 2174 4303 filii
2222 4249 2496 4320 Hugonis

408 4451 451 4456 ⁴-
508 4449 681 4455 --——-—-—
750 4449 817 4454 ‘-
860 4449 939 4454 -—
962 4447 1185 4454 ...w
1679 4446 1870 4454 -—-—-

463 4640 474 4670 ¹
501 4638 670 4690 These
706 4638 849 4690 three
884 4639 1049 4692 words
1089 4652 1175 4689 are
1209 4642 1300 4688 not
1334 4636 1391 4687 in
1555 4638 1576 4668 ²
1588 4636 1900 4702 promissioni
1917 4634 1974 4686 in
1996 4634 2082 4688 the
2103 4635 2303 4703 printed
2324 4645 2472 4692 texts.

394 4718 723 4776 Marimath’s
742 4726 866 4772 text.
