3300 5617
1086 808 1411 860 HISTORIA
1438 808 1849 862 ANGLICANA.
2419 806 2545 867 343

1040 1056 1604 1125 Parliamentam
1646 1058 1989 1129 Londini-

535 1201 651 1258 Per
708 1203 866 1260 idem
924 1212 1154 1279 tempus
1214 1215 1478 1265 coactum
1537 1216 1629 1266 est
1685 1209 2144 1266 Parliamentum
2201 1208 2513 1265 Londoniis
2535 1230 2551 1275 ;
2577 1210 2715 1261 ΑΔ).
2743 1214 2884 1265 1377.

466 1287 621 1359 quod
647 1307 683 1343 a
706 1289 855 1345 festo
878 1289 1186 1348 Michaelis
1225 1311 1413 1364 usque
1454 1295 1528 1349 ad
1567 1296 1783 1350 festum
1821 1295 1990 1350 Beati
2012 1294 2262 1348 Andreae
2288 1293 2555 1364 Apostoli
2579 1304 2884 1355 Parnament

464 1374 802 1443 protelatur.
880 1375 953 1429 In
991 1393 1060 1431 eo
1098 1376 1492 1434 Parliamento
1526 1380 1692 1434 fuere
1734 1398 1882 1451 pene
1928 1396 2126 1434 omnes
2165 1378 2381 1433 milites
2424 1395 2557 1431 cum
2579 1378 2630 1420 at
2660 1371 2886 1422 London·

464 1458 744 1527 praedicto
794 1458 1045 1515 Domino
1099 1460 1276 1516 Petro
1328 1462 1400 1517 de
1454 1462 1514 1517 la
1570 1463 1756 1528 Mare,
1816 1463 1917 1536 qui
1970 1464 2056 1518 ita
2106 1463 2380 1519 nobiliter
2427 1480 2556 1534 per·

465 1541 742 1599 stiterunt
780 1543 842 1598 in
882 1562 951 1599 eo
988 1545 1400 1611 ParliamentO,
1430 1548 1586 1618 quod
1614 1551 1651 1574 ‘⁴
1670 1548 1900 1603 Bonum
1919 1546 1953 1571 ’⁹
1981 1547 2189 1602 merito
2212 1546 2557 1619 appellatur,

466 1643 571 1696 pro
618 1627 972 1684 incremento
1019 1630 1225 1701 patriae
1284 1639 1460 1702 atque
1522 1631 1692 1702 regni
1771 1631 2090 1687 commode.
2189 1632 2296 1685 Hii
2360 1633 2558 1702 itaque

466 1716 824 1766 resumentes
862 1712 1170 1783 petitiones
1226 1732 1362 1769 suas
1413 1733 1482 1769 eo
1531 1716 1595 1769 in
1643 1715 1772 1770 loco
1822 1732 1938 1786 quo
1987 1716 2152 1787 prius
2195 1715 2554 1777 dimiserant,

466 1793 803 1850 institerunt
825 1814 931 1867 pro
969 1797 1302 1854 bannitione
1341 1799 1503 1854 illius
1527 1798 1737 1854 Aliciae
1761 1800 2027 1865 Percres,
2057 1818 2205 1872 quse,
2232 1805 2560 1870 contempto

467 1878 698 1934 Statuto
739 1879 1137 1947 Parliamenti‚
1183 1889 1244 1939 et
1276 1883 1611 1955 juramento
1651 1902 1767 1955 quo
1807 1902 1871 1939 se
1910 1886 2275 1949 astrinxerat,
2322 1884 2559 1939 Curiam

464 1962 646 2033 Regis
684 1963 913 2034 ingredi
951 1983 1093 2020 ausa
1140 1967 1273 2032 fuit,
1314 1968 1389 2023 ad
1426 1967 1789 2023 suadendum
1826 1975 1885 2024 et
1921 1968 2347 2040 impetrandum
2383 1967 2455 2021 ab
2493 1984 2562 2020 eo

462 2065 823 2120 quaecunque
861 2048 974 2104 sibi
1007 2049 1323 2121 placerent.
1400 2051 1561 2121 Qum,
1608 2052 1877 2123 quamvis
1919 2053 2116 2123 plures
2158 2070 2230 2106 ex
2270 2050 2555 2115 Dominis,
2583 2059 2796 2121 Disgrnoe
2820 2062 2873 2103 or

462 2138 523 2186 et
559 2150 758 2187 omnes
799 2132 1175 2204 legisperitos
1216 2135 1453 2207 Anglioe
1493 2138 1743 2208 pecunia
1795 2136 2170 2207 corrupisset,
2211 2136 2314 2205 qui
2348 2153 2455 2206 pro
2490 2152 2560 2188 ea
2580 2112 2890 2206 fflff‘fsfssfmss’

461 2233 576 2270 non
610 2224 837 2272 tantum
877 2219 1123 2284 occulte,
1171 2220 1275 2275 sed
1315 2220 1569 2292 publico,
1612 2220 1961 2292 allegarunt,
2013 2220 2320 2291 diligentia
2367 2227 2559 2274 tamen
2581 2215 2746 2306 {eitum
2762 2215 2814 2257 ΟΥ
2837 2286 2853 2298 .

463 2306 525 2355 et
560 2301 847 2372 sapientia
884 2302 1299 2374 praedictorum
1335 2305 1592 2360 militum
1615 2322 1716 2360 ore
1741 2323 1847 2360 suo
1870 2305 2136 2359 convicta
2156 2303 2556 2374 proscribitur,
2582 2275 2834 2358 sssssw‘*

463 2385 729 2439 omnibus
790 2386 957 2442 bonis
1018 2387 1161 2453 suis,
1223 2389 1538 2444 mobilibus
1599 2400 1661 2444 et
1718 2388 2136 2450 immobilibus,
2197 2386 2337 2442 fisco
2394 2386 2562 2456 regio

456 2467 755 2537 judicatis.
857 2470 1198 2527 ¹Ooncessae
1273 2478 1411 2528 sunt
1483 2477 1676 2527 autem
1741 2472 1803 2527 in
1860 2471 2220 2542 adjutorium
2277 2470 2432 2541 Regi
2490 2470 2562 2525 ab
2588 2472 2826 2524 Grantin

464 2552 730 2608 Ecclesia
775 2558 837 2609 et
881 2555 1039 2611 clero
1087 2557 1217 2612 dua)
1264 2556 1526 2623 decimae,
1578 2556 1784 2611 eodem
1829 2573 1979 2611 anno
2026 2555 2444 2627 persolvendis,
2494 2571 2566 2608 ea
2588 2542 2674 2589 aid
2689 2541 2845 2604 hythe

463 2642 658 2692 tamen
717 2639 1061 2705 conditione,
1125 2648 1194 2697 ut
1250 2641 1527 2696 videlieet
1573 2641 1699 2696 Rex
1746 2640 1817 2695 de
1866 2646 2078 2695 caetero
2123 2640 2403 2710 populum
2450 2656 2563 2692 non
2587 2607 2794 2723 Cgffrch

464 2726 673 2791 gravet
743 2722 961 2779 talibus
1018 2701 1435 2796 lpetitionibus,
1515 2724 1912 2795 extorquendo
1982 2723 2290 2795 pecuniam
2363 2722 2559 2778 subdi·
2586 2690 2794 2806 ‘blm-gy,

465 2812 677 2870 torum,
729 2806 834 2861 sed
884 2806 957 2862 de
1008 2808 1131 2863 suis
1176 2809 1341 2864 vivat
1386 2814 1448 2864 et
1469 2809 1771 2864 continuet
1816 2824 2094 2879 guerram
2140 2825 2342 2873 suam;
2381 2804 2403 2838 ²
2426 2806 2566 2877 quia

465 2890 689 2960 utique,
751 2896 928 2962 prout
980 2909 1324 2963 responsum
1398 2892 1589 2947 fuerat
1659 2891 1895 2955 ibidem,
1961 2891 2112 2946 bona
2168 2908 2276 2946 sua
2331 2890 2567 2962 propria

465 2975 690 3044 regalia
727 2974 841 3030 sibi
879 2976 1190 3040 sufficiunt,
1230 2982 1352 3031 tam
1394 2975 1468 3030 ad
1508 2976 1691 3046 regia)
1722 2975 1928 3031 domus
1951 2975 2364 3029 exhibitionem
2388 2992 2563 3045 quam

466 3057 541 3112 ad
587 3077 819 3129 guerrae
866 3060 1367 3124 sustentationem,
1419 3060 1471 3115 si
1520 3059 1726 3114 eadem
1783 3060 1935 3113 bona
1979 3059 2280 3114 ministros
2327 3058 2563 3112 idoneos

467 3143 799 3198 sortiantur.
871 3144 951 3199 Et
990 3144 1252 3216 deputati
1290 3148 1429 3199 sunt
1469 3143 1544 3198 ad
1580 3143 1758 3213 hujus
1797 3143 2059 3214 pecuniae
2101 3141 2428 3197 custodiam
2449 3141 2564 3196 duo

465 3225 624 3282 cives
648 3226 1098 3295 Londoniarum,
1126 3227 1460 3286 Willelmus
1484 3226 1807 3283 Walworth
1829 3232 1891 3283 et
1914 3227 1956 3282 J
1957 3227 2211 3282 ohannes
2234 3225 2510 3298 Philipot.

971 3454 1264 3544 Anyliei
1305 3476 1498 3523 mare
1539 3454 2064 3542 ingrediuntur.

536 3622 711 3678 Circa
748 3625 980 3692 tempus
1017 3617 1185 3685 illud,
1224 3618 1528 3676 audientes
1559 3617 1802 3690 Angliei
1840 3614 2280 3673 multitudinem
2327 3615 2564 3673 navium
2590 3624 2678 3677 An
2701 3622 2840 3690 Eng.

466 3708 864 3779 Hispanorum
913 3704 1068 3777 apud
1128 3704 1436 3776 Sclusyam
1493 3704 1656 3760 venti
1716 3704 1959 3775 penuria
2004 3701 2271 3766 detineri,
2323 3701 2567 3756 collecta
2588 3694 2689 3743 lissh
2711 3692 2829 3743 fleet

465 3793 634 3862 eopia
666 3797 1041 3853 armatorum,
1085 3808 1219 3845 cum
1262 3789 1487 3859 ingenti
1523 3789 1711 3843 classe
1746 3804 1908 3842 mare
1931 3785 2161 3858 ingredi
2186 3785 2560 3848 meditantur,
2587 3766 2899 3878 ἓηεῗίῐέιέἓ

464 3875 762 3946 cupientes
804 3876 890 3930 eis
928 3874 1119 3930 vicem
1158 3873 1480 3945 rependere
1522 3891 1630 3944 pro
1673 3871 1900 3926 damnis
1937 3889 2069 3942 quoe
2102 3870 2315 3941 Anglis
2341 3869 2562 3940 irroga-
2592 3842 2866 3957 bigg’niard„

464 3964 688 4023 verant,
750 3958 1005 4014 ferentes
1065 3958 1351 4014 auxilium
1412 3956 1601 4012 Gallis
1656 3961 1859 4012 oestate
1911 3954 2290 4027 praecedente.
2381 3953 2566 4024 Cujus
2591 3969 2644 4011 at
2667 3960 2834 4024 Sluys,

464 4040 670 4098 classis
704 4041 881 4113 primi
917 4042 1098 4107 fuere,
1127 4041 1413 4097 Dominus
1438 4041 1691 4096 Thomas
1715 4038 2032 4094 Wodestok
2057 4037 2264 4094 Comes
2288 4036 2567 4107 Bukyng-
2593 4028 2685 4076 but
2707 4026 2751 4075 5⁸
2776 4025 2877 4105 41⁵·

464 4125 694 4189 hamiae,
745 4123 879 4179 Dux
926 4125 1265 4190 Britanniae‚
1318 4124 1605 4180 Dominus
1656 4124 1729 4178 de
1771 4123 2046 4186 Latimer‚
2093 4121 2376 4175 Dominus
2414 4120 2569 4175 Fitz-
2594 4093 2845 4210 ffimrgdm
2868 4108 2900 4141 ²²

464 4208 727 4272 Wauter,
772 4207 1057 4264 Dominus
1105 4208 1395 4264 Robertus
1445 4207 1711 4269 Knolles,
1762 4212 1825 4262 et
1853 4204 2116 4260 nonnulli
2169 4205 2272 4259 alii
2308 4204 2568 4260 valentes

466 4312 602 4348 cum
626 4293 744 4359 cis;
786 4293 888 4364 qui
910 4291 931 4323 ³
953 4289 1067 4363 [in]
1095 4292 1371 4363 ingressu
1395 4292 1577 4347 maris
1603 4307 1820 4346 saevam
1843 4290 2067 4362 experti
2095 4295 2232 4345 sunt
2255 4290 2563 4347 fortunam.

466 4377 624 4433 Nam
669 4376 917 4431 nimium
970 4375 1311 4447 insurgente
1357 4381 1532 4430 vento
1580 4374 1885 4443 imbreque
1933 4373 2161 4439 nocivo,
2211 4389 2344 4428 mox
2391 4368 2567 4427 naves

476 4551 533 4557 ..-
552 4548 989 4556 ffl-—oe-
1204 4549 1233 4553 ’ἢ
1278 4548 1299 4553 —
1432 4548 1461 4555 -φ-
1486 4548 1585 4553 ⁴..---
1624 4545 2428 4553 fflu——oem—m-
2487 4546 2567 4551 ---

537 4676 549 4706 ’
583 4674 825 4726 Concessa
845 4673 899 4724 in
918 4675 1005 4726 the
1025 4674 1224 4740 printed
1245 4680 1398 4727 texts.
1637 4674 1659 4705 ³
1682 4670 1922 4738 Supplied
1942 4673 2073 4723 from
2093 4672 2230 4724 Bibl.
2253 4668 2380 4739 Reg.
2409 4678 2469 4723 13
2509 4673 2569 4723 Ε.

535 4757 555 4785 ’·’
576 4770 681 4814 ᾳκιε
701 4755 757 4804 in
776 4755 862 4806 the
883 4755 1081 4819 printed
1102 4762 1250 4805 texts.
1572 4758 1645 4808 ix.
1710 4756 1933 4808 Omitted
1954 4757 2006 4806 in
2031 4757 2116 4807 the
2138 4757 2336 4821 printed
2359 4765 2505 4809 texts.
