3300 5617
1092 807 1421 861 ms'romA
1449 807 1867 859 AncncANA.
2406 795 2536 858 339

54 981 205 1037 MS.
230 986 370 1043 Bibl.
434 994 781 1066 sopirentur,
820 995 1070 1066 probans
1119 1011 1225 1066 per
1259 994 1447 1050 multa
1494 998 1842 1065 argumenta
1875 992 2279 1065 hujuscemodi
2314 992 2537 1048 dissen-
2562 984 2701 1039 AD·
2725 991 2867 1041 1377.

54 1050 224 1117 Reg.
256 1061 318 1106 13

58 1116 135 1168 E.
166 1119 255 1174 ix.

435 1079 625 1134 siones
650 1078 776 1134 Deo
799 1079 1121 1151 plurimum
1144 1078 1471 1151 displicere.
1536 1079 1826 1135 Hortatus
1852 1083 1944 1134 est
1965 1079 2205 1149 insuper
2233 1077 2535 1141 Dominos,

432 1180 506 1217 ne
553 1164 731 1219 tantis
769 1164 841 1221 de
889 1169 1101 1219 caetero
1142 1163 1159 1197 ¹
1176 1164 1301 1219 sine
1337 1181 1515 1219 causa
1560 1164 1950 1220 taxationibus
1998 1163 2278 1236 populum
2328 1160 2350 1195 ²
2367 1180 2540 1234 appo-

430 1248 668 1304 riarent.
743 1249 974 1304 Monuit
1021 1249 1218 1313 etiam,
1258 1254 1328 1304 ut
1373 1248 1423 1305 si
1473 1267 1651 1305 causa
1685 1249 1954 1305 subesset
2000 1247 2382 1311 rationabilis,
2422 1264 2540 1317 qua

432 1339 724 1405 oporteret
773 1350 871 1389 eos
925 1334 1157 1388 omnino
1197 1333 1410 1404 juvare
1445 1332 1673 1403 Regem
1722 1339 1784 1389 et
1815 1350 2083 1404 regnum,
2124 1336 2193 1387 ut
2226 1332 2533 1403 patienter,

432 1422 493 1471 et
563 1417 689 1472 sine
760 1435 1060 1473 murmure
1120 1423 1296 1489 atque
1356 1417 1658 1473 seditionis
1720 1417 2013 1489 scrupuJO,
2052 1417 2310 1472 facerent
2379 1416 2536 1487 quod

432 1507 741 1572 oporteret.
841 1502 1109 1574 Insuper,
1173 1501 1511 1558 exhortatur
1577 1518 1676 1557 eos
1737 1501 2108 1571 generaliter,
2185 1502 2287 1571 qui
2359 1501 2532 1570 Regi,

433 1603 614 1659 puero
649 1591 711 1641 et
742 1586 1052 1651 innocenti,
1092 1586 1472 1649 adhaererent,
1512 1592 1580 1642 ut
1619 1585 1841 1641 relictis
1875 1586 2037 1642 vitiis
2091 1585 2303 1657 quibus
2354 1586 2535 1641 inser-

431 1669 685 1735 viebant,
737 1669 1014 1727 videlieet
1065 1671 1286 1742 stupris
1338 1671 1401 1725 in
1453 1670 1933 1725 fornicationibus
1991 1668 2012 1701 ³
2034 1667 2145 1740 [et]
2202 1669 2528 1734 adulteriis,

431 1754 561 1825 ejus
596 1755 837 1826 puritati
886 1762 946 1811 et
981 1755 1324 1811 innocentius
1360 1771 1423 1809 se
1465 1754 1826 1809 conformare
1877 1753 2212 1819 studerent;
2267 1772 2531 1809 asserens

431 1839 539 1894 hoc
564 1840 796 1894 omnino
819 1841 972 1911 patri
1008 1840 1214 1912 patries
1239 1844 1646 1911 opportunum,
1686 1837 2078 1910 perfacileque
2102 1837 2255 1909 Regi
2292 1856 2328 1893 a
2372 1844 2532 1893 recto

431 1922 684 1988 deviare,
723 1941 974 1994 regnum
1009 1929 1069 1979 et
1102 1923 1385 1995 populum
1420 1922 1763 1994 periclitari,
1805 1922 1857 1976 si
1893 1921 2040 1977 tales
2078 1926 2290 1986 essent,
2332 1923 2433 1993 qui
2476 1923 2531 1976 ei

432 2007 634 2062 sedulo
658 2014 719 2064 et
754 2009 881 2078 ejus
919 2008 1161 2064 consilio
1184 2007 1604 2063 ministrarent.
1685 2005 1963 2063 Sermone
1999 2005 2182 2073 finito,
2211 2004 2447 2063 Domini
2473 2013 2534 2065 et

430 2092 692 2149 universi
729 2092 970 2148 Praelati
1007 2092 1083 2147 ad
1119 2110 1227 2148 sua
1262 2091 1559 2147 secedunt.

499 2176 642 2233 Post
687 2194 902 2249 pancos
956 2177 1099 2241 dies,
1153 2175 1359 2234 videns
1419 2175 1572 2241 Dux,
1630 2175 1757 2246 jam
1815 2180 2045 2231 mortuo
2103 2180 2270 2247 patre
2319 2194 2427 2232 suo
2474 2183 2536 2233 et
2558 2188 2671 2238 The
2695 2189 2850 2241 Duke

427 2279 577 2317 novo
625 2261 789 2333 Rege
828 2262 1162 2327 constituto,
1214 2265 1425 2316 cuncta
1458 2278 1611 2316 nova
1646 2260 1711 2314 in
1756 2278 1942 2332 regno
1989 2260 2205 2325 futura,
2258 2266 2321 2316 et
2367 2279 2531 2317 suam
2559 2256 2620 2306 Of
2643 2256 2779 2307 Lan·

427 2346 881 2403 sollieitudinem
921 2347 1181 2403 totaliter
1220 2346 1241 2377 ⁴
1263 2342 1468 2416 [inter]
1529 2344 1793 2401 novellos
1843 2345 2407 2417 parvipendendam3
2472 2352 2532 2402 et
2554 2329 2733 2440 ἓξὲξ

426 2437 691 2487 metuens
745 2431 795 2487 si
848 2430 1047 2503 aliqua
1084 2431 1324 2486 sinistra
1361 2430 1769 2500 contingerent
1817 2429 1971 2503 Regi
2025 2430 2123 2487 vel
2163 2448 2365 2501 regno,
2416 2432 2530 2487 sibi
2553 2456 2684 2507 from
2698 2458 2868 2511 Coun·

424 2517 446 2547 ⁵
466 2517 912 2589 imputarentur,
958 2522 1019 2572 et
1058 2534 1164 2587 pro
1207 2514 1372 2570 bonis
1415 2520 1612 2585 grates
1645 2514 1838 2570 nullas
1883 2516 2007 2571 sive
2040 2515 2298 2571 modicas
2333 2533 2532 2588 repor-

426 2606 596 2665 taret,
651 2607 889 2672 accepta
937 2618 973 2655 a
1029 2599 1195 2670 Rege
1235 2599 1491 2663 licentia,
1555 2599 1630 2654 ad
1691 2616 1799 2655 sua
1844 2598 2134 2665 discessit,
2184 2601 2530 2671 promittens

428 2684 598 2755 Regi,
640 2685 691 2740 si
729 2686 1023 2756 indigeret
1069 2685 1198 2757 ejus
1247 2683 1558 2755 adjutorio,
1602 2701 1665 2739 se
1704 2688 2018 2740 venturum
2053 2703 2188 2740 cum
2236 2685 2529 2740 abundan-

426 2770 563 2823 tiori
614 2775 894 2841 apparatu
944 2787 1121 2841 quam
1162 2768 1376 2839 aliquis
1415 2767 1702 2824 Dominus
1751 2768 2004 2839 Angliae,
2064 2770 2140 2825 ad
2190 2788 2530 2827 succurren-

427 2854 568 2909 dum
605 2854 735 2919 sibi,
778 2854 902 2910 sive
941 2853 1102 2909 aliud
1137 2853 1486 2919 faciendum,
1541 2854 1698 2924 quod
1751 2854 1880 2925 ejus
1931 2855 2232 2911 commodo
2274 2856 2525 2920 cederet,

428 2938 523 2995 vel
557 2939 781 2994 honori.
857 2939 1128 3003 Erubuit,
1156 2944 1223 2993 ut
1247 2938 1567 3004 dicebatur,
1605 2942 1667 2992 et
1700 2937 1907 3002 doluit,
1943 2939 2100 3010 quod
2136 2939 2260 2994 Rex
2296 2945 2532 3011 ceperat

428 3023 501 3080 de
554 3041 624 3079 eo
673 3029 931 3080 castrum
985 3022 1337 3087 Herfordiae,
1392 3022 1494 3077 ubi
1547 3029 1932 3094 proposuerat
1978 3024 2227 3079 maxime
2265 3032 2527 3080 moratus

427 3109 646 3175 fluisse3
704 3113 766 3163 et
815 3108 888 3163 ob
922 3108 1033 3163 hoc
1083 3107 1430 3162 meremium
1466 3107 1936 3164 emendicaverat
1984 3108 2060 3163 ad
2095 3109 2526 3164 fortificandum

425 3192 732 3249 castellum
768 3192 840 3249 de
876 3191 1035 3247 ⁶suis
1071 3191 1283 3247 vicinis
1332 3191 1767 3264 possessoribus
1817 3193 1880 3247 in
1930 3193 2182 3248 circuitu
2236 3194 2401 3265 ejus;
2453 3194 2528 3249 ad

425 3295 699 3348 magnam
748 3277 1007 3348 profecto
1050 3276 1343 3348 jacturam
1407 3276 1743 3340 eorundem,
1811 3277 1883 3331 de
1936 3278 2148 3349 quibus
2198 3279 2343 3334 talia
2395 3296 2526 3351 pos-

425 3362 731 3425 tulaverat,
776 3362 916 3433 quia
946 3378 1064 3415 non
1099 3359 1391 3416 audebant
1439 3360 1567 3431 ejus
1604 3361 1892 3417 voluntati
1929 3363 2237 3429 contraire,
2276 3381 2346 3418 eo
2381 3382 2528 3436 prae-

425 3446 593 3517 cipue
629 3451 889 3516 tempore
926 3462 1041 3516 quo
1076 3445 1219 3500 talia
1239 3444 1576 3517 postulavit.
1654 3444 1922 3501 Recessit
1945 3464 2106 3518 erg0,
2147 3453 2215 3503 ut
2250 3448 2522 3514 diximus,

426 3548 462 3585 a
504 3529 685 3585 Curia
724 3529 800 3584 ad
839 3535 1098 3585 castrum
1132 3525 1401 3601 ⁷[suum]
1441 3528 1513 3583 de
1538 3527 2005 3601 Kylyngworth3
2048 3532 2152 3586 sed
2176 3537 2311 3588 ante
2338 3551 2527 3589 reces-

426 3632 558 3669 sum
596 3612 619 3645 ⁸
640 3610 885 3684 [suum],
915 3613 1042 3684 ejus
1079 3613 1450 3669 conniventia
1486 3612 1738 3668 ordinati
1780 3620 1935 3679 sunt,
1977 3616 2080 3686 qui
2123 3616 2308 3690 Regis
2343 3617 2526 3673 haere-
2552 3637 2665 3689 The
2695 3639 2860 3707 30531

425 3704 558 3754 rent
593 3697 869 3765 Consilio,
908 3704 970 3753 et
1005 3698 1108 3769 qui
1147 3697 1569 3769 quodammodo
1604 3698 1851 3754 tutelam
1883 3700 2180 3757 haberent.
2258 3701 2525 3759 Ordinati
2554 3706 2772 3757 Council

427 3788 564 3838 sunt
622 3788 816 3838 autem
876 3783 951 3838 ad
999 3782 1326 3839 Consilium
1384 3782 1500 3837 viri
1553 3782 1711 3848 boni,
1775 3784 2111 3856 prudentes,
2175 3793 2236 3843 et
2293 3788 2520 3853 famosi,
2551 3772 2770 3824 selected

427 3867 710 3922 Dominus
757 3867 1090 3923 Willelmus
1127 3866 1200 3924 de
1239 3867 1568 3938 courtenay
1604 3868 1929 3940 Episcopus
1965 3869 2407 3939 Londoniensis,
2467 3879 2527 3929 et
2550 3839 2806 3959 ἓξζῖιξξο

426 3950 712 4010 Dominus
747 3951 1091 4021 Edmundus
1121 3952 1192 4008 de
1216 3952 1452 4009 Mortuo
1474 3952 1629 4009 Mari
1656 3951 1866 4010 Comes
1890 3954 2188 4021 Marchiae,
2231 3963 2291 4013 et
2326 3975 2525 4027 quam-
2679 3923 2714 3975 g
2809 3925 2857 3975 γ’

493 4205 505 4233 ¹
533 4203 698 4253 These
720 4208 820 4254 two
834 4204 999 4254 words
1016 4217 1099 4252 are
1112 4205 1353 4267 -repeated
1373 4202 1427 4253 in
1584 4206 1604 4234 ⁰
1624 4204 1792 4256 Tbese
1815 4211 1915 4258 two
1929 4207 2092 4257 words
2112 4221 2199 4258 are
2221 4207 2450 4272 supplied
2468 4207 2522 4258 in

424 4283 568 4348 orig„
603 4283 731 4333 aster
762 4284 1109 4347 apporiarent3
1142 4296 1199 4332 as
1232 4282 1340 4332 also
1373 4282 1429 4331 in
1516 4299 1548 4333 a
1570 4284 1698 4333 later
1727 4285 1877 4335 hand.
1945 4285 2112 4336 There
2145 4286 2191 4335 is
2224 4302 2289 4336 an
2324 4302 2525 4338 erasure

423 4364 559 4413 Bibl.
584 4363 710 4429 Reg.
740 4367 801 4411 13
824 4363 884 4413 E.
902 4361 975 4413 ix.
1516 4362 1571 4410 in
1589 4363 1726 4413 Bibl.
1753 4364 1879 4428 Reg.
1911 4370 1971 4414 13
1987 4364 2047 4414 E.
2067 4364 2159 4425 ix„
2177 4368 2277 4416 and
2289 4365 2520 4416 silvarum

489 4445 510 4473 ²
531 4451 787 4492 onerarent
807 4442 861 4492 in
885 4442 970 4493 the
991 4440 1192 4506 printed
1215 4447 1361 4491 texts.
1510 4441 1867 4506 possessoribus
1888 4443 1945 4492 in
1967 4459 1999 4493 a
2019 4444 2251 4495 different
2271 4446 2420 4497 hand.

490 4525 511 4553 ²
534 4522 775 4587 Supplied
796 4522 929 4572 from
948 4522 1034 4572 the
1055 4521 1256 4586 printed
1270 4528 1427 4580 texts3
1585 4524 1602 4551 ⁷
1627 4520 1870 4586 Supplied
1913 4523 2045 4573 from
2084 4523 2223 4577 Bibl.
2274 4525 2401 4591 Reg.
2458 4534 2518 4579 13

321 4616 325 4620 ·
425 4612 513 4653 not
534 4604 588 4652 in
611 4602 745 4652 Bibl.
770 4602 898 4668 Reg.
927 4606 987 4649 13
1010 4601 1071 4665 E,
1096 4600 1169 4651 ix.
1518 4599 1578 4650 Ε.
1604 4599 1675 4650 ix.
1700 4602 1803 4651 and
1823 4601 1908 4651 the
1929 4602 2131 4667 printed
2157 4611 2307 4655 texts.

492 4685 510 4713 ⁴
536 4681 777 4746 Supplied
798 4681 929 4731 from
952 4678 1038 4731 the
1060 4679 1259 4744 printed
1280 4684 1427 4729 texts.
1585 4682 1604 4709 ⁸
1621 4680 1860 4745 Supplied
1883 4682 2010 4732 from
2032 4683 2166 4734 Bibl.
2190 4685 2317 4752 Reg.
2362 4692 2422 4736 13
2459 4688 2518 4738 Ε.

493 4764 513 4789 ⁵
527 4767 821 4825 putarentur
844 4759 897 4809 in
923 4759 1008 4808 the
1035 4759 1229 4823 printed
1248 4764 1395 4810 texts.
1520 4760 1592 4810 ix.
1661 4760 1887 4811 Omitted
1910 4762 1962 4811 in
1987 4762 2073 4813 the
2085 4764 2288 4828 printed
2304 4773 2450 4817 texts.

2122 4849 2255 4909 ΥΞ
