3300 5617
844 797 975 896 244
1508 810 1770 860 ‘mom
1813 808 2282 859 wALsmem

512 987 650 1042 ΑΛ).
675 993 820 1040 1341.
873 982 1104 1041 ‘chora
1138 983 1263 1055 spei
1297 987 1529 1038 nostrae.
1603 982 1774 1038 Unde
1809 1000 1913 1038 nos
1938 982 2015 1038 ad
2048 982 2418 1053 disciplinam
2441 985 2503 1036 et
2525 977 2940 1036 correctionem
2962 982 3063 1035 m
3081 985 3183 1039 Harl.

850 1068 1261 1140 “hujusmodi
1309 1075 1639 1123 nostrorum
1698 1068 2030 1123 officialium
2087 1066 2302 1121 mentis
2352 1065 2536 1121 aciem
2596 1063 2938 1133 dirigentes,
2967 1055 3065 1100 ⁶⁵⁵·

851 1156 890 1182 “
931 1153 1210 1224 quosdam
1260 1169 1331 1206 ex
1379 1152 1464 1207 eis
1517 1168 1663 1223 quos
1714 1169 1786 1206 ex
1837 1152 2030 1207 causis
2079 1149 2478 1223 probabilibus
2529 1148 2601 1203 de
2654 1146 2810 1202 mala
2843 1145 2942 1200 ad·
2965 1116 3176 1233 §w

851 1240 891 1284 ·“
929 1236 1371 1302 ministratione,
1403 1236 1655 1308 justitiae
1680 1236 2074 1300 subversione,
2110 1253 2178 1291 ac
2215 1234 2582 1290 subditorum
2614 1238 2944 1288 nostrorum
2965 1249 3130 1315 ΒΜ

852 1325 892 1350 “
930 1322 1318 1393 oppressione,
1394 1326 1764 1392 acceptorum
1832 1337 2142 1376 munerum
2212 1319 2599 1390 corruptione,
2675 1334 2745 1372 ac
2814 1314 2943 1370 aliis

853 1410 892 1434 “
930 1406 1163 1462 offensis
1199 1405 1494 1477 gravibus,
1524 1411 1823 1477 suspectos
1854 1405 2185 1469 habuimus,
2217 1423 2253 1459 a
2289 1404 2412 1460 suis
2449 1403 2698 1457 fecimus
2721 1398 2939 1464 officiis,

855 1493 894 1518 “
930 1495 1105 1562 prout
1135 1490 1303 1544 nobis
1339 1489 1525 1553 licuit,
1565 1489 1861 1556 amoveri;
1915 1488 2060 1544 alios
2098 1505 2328 1559 quoque
2365 1486 2662 1542 inferioris
2704 1483 2939 1556 gradus,

855 1576 894 1602 “
932 1574 995 1629 in
1043 1574 1363 1645 praemissis
1413 1573 1755 1645 culpabiles,
1795 1572 1905 1629 sub
1951 1577 2082 1627 tuta
2130 1570 2393 1626 custodia
2445 1568 2713 1633 detineri,
2756 1565 2860 1622 ¹ne
2894 1566 2944 1621 si

855 1661 895 1686 “
932 1655 1298 1713 'libertatem
1334 1657 1567 1713 solitam
1600 1658 1949 1729 potirentur,
1989 1656 2461 1727 supplantaretur
2497 1671 2700 1709 eorum
2734 1651 2946 1707 astutia

855 1744 895 1770 ‘⁶
925 1741 1176 1813 justitiae
1211 1741 1492 1806 executiO,
1543 1747 1604 1796 et
1654 1739 2027 1796 deluderetur
2062 1738 2271 1794 callide
2320 1737 2626 1808 inquisitio
2661 1736 2941 1791 veritatis.

855 1829 894 1852 “
933 1824 1218 1893 Quoniam
1250 1823 1273 1856 ⁸
1286 1841 1422 1879 cum
1457 1841 1529 1879 ex
1563 1823 1706 1879 dicti
1741 1822 2185 1894 Archiepiscopi
2221 1822 2400 1876 animi
2445 1820 2688 1876 latebris
2723 1837 2794 1874 eo
2828 1836 2945 1873 cer-

855 1911 894 1936 “
934 1911 1050 1963 tius
1087 1914 1149 1964 et
1181 1907 1411 1978 plenius
1448 1908 1660 1963 elicere
1708 1906 2097 1972 crederemus,
2137 1923 2253 1977 quo
2287 1904 2435 1960 nihil
2470 1922 2673 1959 eorum
2710 1921 2842 1975 01110
2875 1902 2946 1957 ad

856 1995 894 2019 “
932 1992 1396 2047 informationem
1422 1997 1682 2047 nostram
1715 1992 1780 2046 in
1813 1991 1924 2047 hac
1957 1997 2124 2063 parte
2148 1990 2409 2045 conferre
2441 1993 2728 2061 poterant,
2758 1988 2946 2059 ipsum

854 2079 893 2103 ‘⁸
930 2074 1333 2130 verisimiliter
1383 2074 1566 2130 latere
1616 2074 1916 2139 debuerat,
1969 2075 2067 2129 cui
2108 2075 2288 2130 totius
2340 2072 2679 2144 reipublicae
2737 2077 2945 2126 nostrae

855 2162 892 2186 “
931 2157 1491 2214 administrationem
1539 2162 1599 2213 et
1644 2175 1933 2214 summam
1979 2175 2180 2213 rerum
2238 2156 2628 2228 gerendarum
2681 2173 2717 2210 a
2765 2154 2944 2209 multo

856 2245 894 2269 ‘⁶
932 2247 1191 2313 tempore
1232 2240 1503 2296 duximus
1540 2241 2032 2307 committendam,
2086 2242 2201 2298 sibi
2249 2259 2356 2313 per
2403 2240 2638 2295 fidelem
2685 2245 2945 2294 nostrum

855 2329 894 2353 “
932 2325 1287 2381 Nicholaum
1347 2324 1419 2379 de
1479 2324 1809 2397 CantilupO,
1874 2326 1949 2381 ad
2012 2327 2123 2381 hoc
2183 2324 2513 2397 specialiter
2571 2323 2940 2387 destinatum,

855 2412 894 2438 “
930 2409 1334 2465 mandavimus
1371 2409 1527 2480 quod
1574 2409 1651 2465 ad
1696 2415 1957 2465 nostram
2003 2411 2394 2481 praesentiam,
2448 2410 2591 2481 quia
2638 2408 2768 2482 ejus
2818 2423 2946 2479 per·

855 2495 895 2521 “
932 2493 1118 2550 sonali
1171 2492 1461 2565 colloquio
1509 2493 1529 2525 ⁴
1545 2493 1665 2548 frui
1714 2494 2069 2560 volebamus,
2123 2493 2449 2549 Londonias
2501 2494 2704 2550 venire
2762 2497 2944 2547 matu-

854 2580 894 2605 “
932 2579 1057 2634 rius
1093 2595 1208 2633 non
1241 2578 1518 2633 tardaret.
1616 2577 1758 2649 Ipse
1792 2595 1951 2642 vere,
1992 2596 2223 2650 semper
2256 2577 2517 2634 tumidus
2553 2579 2618 2632 in
2656 2575 2946 2649 prosperis

855 2665 895 2690 ‘⁸
933 2669 994 2718 et
1027 2661 1270 2718 timidus
1306 2663 1369 2717 in
1404 2661 1686 2726 adversis,
1726 2662 2023 2733 trepidans
2059 2663 2269 2718 timore
2303 2662 2406 2717 ubi
2440 2680 2559 2718 non
2592 2668 2719 2717 erat
2753 2661 2943 2725 timor,

855 2747 895 2773 ‘⁶
934 2745 1048 2801 sibi
1096 2745 1424 2817 periculum
1478 2762 1584 2817 per
1619 2745 1848 2816 aliquos
1896 2745 2064 2801 nobis
2114 2747 2452 2802 assistentes
2505 2747 2855 2801 intentatum
2889 2750 2946 2799 et

855 2831 894 2856 ‘⁶
931 2829 1365 2893 comminatum,
1406 2827 1457 2883 si
1508 2828 1581 2883 ab
1630 2828 1880 2884 ecclesia
1930 2828 2336 2885 cantuariensi
2388 2828 2705 2894 recederet,
2759 2828 2945 2883 immi·

854 2914 894 2940 ‘⁶
931 2930 1070 2968 nere
1105 2913 1300 2968 minus
1335 2912 1623 2968 veraciter
1660 2912 1959 2984 allegavit,
2006 2913 2147 2985 quia
2177 2914 2308 2978 1100,
2346 2919 2496 2969 1503150
2532 2912 2659 2968 Deo
2695 2918 2755 2968 et
2803 2930 2947 2983 pura

854 2998 895 3023 “
933 2996 1302 3062 conscientia,
1329 3014 1629 3068 nunquam
1651 2996 1716 3051 in
1738 3001 1993 3051 mentem
2026 3003 2287 3053 nostram
2309 2996 2539 3062 cecidit,
2566 3014 2674 3053 1100
2697 2996 2942 3067 alicujus

855 3081 895 3106 ‘⁶
933 3080 1102 3135 nobis
1138 3079 1488 3144 assistentis,
1516 3085 1586 3135 ut
1619 3080 1933 3145 credimus,
1972 3081 2177 3152 tetigit
2209 3080 2552 3152 cogitatum,
2580 3080 2944 3152 ‘quanquam

855 3164 895 3189 “
933 3162 1089 3218 clero
1125 3169 1187 3219 et
1218 3163 1432 3235 populo
1466 3163 1636 3234 regni
1672 3164 1857 3219 nostri
1892 3163 2279 3235 malignitatis
2316 3182 2438 3220 suae
2472 3163 2683 3220 merito
2719 3180 2783 3219 se
2817 3162 2943 3217 red·

856 3247 895 3273 ‘⁸
934 3244 1086 3300 didit
1107 3246 1390 3301 odiosum.
1438 3245 1566 3302 Nos
1591 3253 1789 3302 autem
1814 3247 1914 3317 qui
1939 3253 2176 3302 cunctos
2201 3247 2276 3302 ad
2297 3253 2556 3303 nostram
2579 3246 2941 3319 praesentiam

854 3330 895 3356 “
933 3327 1226 3395 accedere,
1265 3328 1593 3400 “praecipue
1626 3330 1844 3386 nostris
1895 3331 1970 3386 ad
2021 3331 2131 3386 hoc
2165 3331 2380 3386 litteris
2416 3330 2510 3385 vel
2553 3331 2783 3386 nunciis
2817 3329 2944 3384 7311-

856 3415 895 3439 “
931 3418 1185 3478 vocatos,
1223 3413 1397 3485 plena
1415 3413 1689 3470 volumus
1727 3415 2039 3470 securitate
2075 3415 2351 3488 gaudere,
2388 3415 2463 3470 ad
2497 3415 2943 3471 convincendam

855 3498 895 3524 “
933 3496 1062 3567 ejus
1096 3497 1402 3563 malitiam,
1442 3498 1724 3554 dilectum
1759 3505 1820 3554 et
1865 3498 2098 3554 fidelem
2130 3505 2396 3555 nostrum
2430 3499 2840 3571 “Radulphum
2873 3498 2942 3553 de

856 3582 896 3609 “
937 3580 1243 3646 Stafl'orde,
1308 3581 1553 3653 hospitii
1619 3584 1806 3639 nostri
1859 3583 2278 3650 Senescallum‚
2333 3584 2408 3639 ad
2460 3584 2657 3656 ipsum
2700 3583 2943 3639 destina-

855 3666 894 3692 “
932 3665 1145 3731 vimus,
1184 3670 1256 3720 ut
1291 3666 1349 3720 ei
1399 3683 1671 3721 securum
1707 3666 2057 3723 conductum
2093 3668 2327 3724 offerret
2360 3675 2423 3724 et
2457 3669 2713 3735 faceret3
2753 3668 2943 3739 regias

856 3750 897 3776 “
935 3767 1111 3820 super
1159 3746 1271 3805 hoc
1326 3749 1705 3807 nihilominus
1746 3751 1974 3808 litteras
2032 3758 2314 3824 patenteS,
2367 3752 2565 3824 sigillo
2614 3754 2783 3824 regio
2815 3770 2944 3808 con·

855 3834 895 3860 ‘⁶
934 3833 1215 3903 signatas,
1278 3833 1334 3888 ei
1385 3833 1629 3889 fecimus
1694 3836 2054 3906 praesentari,
2106 3837 2316 3912 iterato
2368 3836 2727 3901 mandantes,
2794 3834 2942 3908 quod

852 3918 894 3945 “
931 3917 1008 3972 ad
1082 3935 1187 3973 nos
1246 3918 1629 3989 personaliter
1687 3919 2004 3985 accederet,
2091 3921 2418 3977 inchoatam
2494 3919 2944 3976 sollicitudinem

854 4004 894 4030 “
930 4006 1191 4060 nostram
1225 4002 1641 4059 informaturus
1696 4021 1872 4076 super
1907 4004 2076 4075 regni
2111 4006 2382 4077 negotiis,
2422 4023 2553 4077 quae
2588 4005 2765 4077 longo
2800 4010 2940 4061 tem-

918 4361 935 4392 ¹
961 4361 1066 4412 For
1085 4358 1190 4411 this
1209 4360 1365 4420 word,
1389 4356 1528 4410 illeis
1548 4357 1852 4423 incorrectly
2007 4360 2028 4390 ⁸
2051 4359 2275 4413 Omitted
2296 4361 2352 4411 in
2373 4362 2517 4413 Harl.
2541 4369 2654 4415 655.

849 4440 1073 4506 givenin
1094 4440 1181 4491 the
1194 4439 1347 4493 MSS.
1371 4439 1435 4490 of
1446 4438 1852 4505 Hemingburgh.
2007 4439 2027 4470 ⁴
2041 4440 2260 4506 perfrui,
2283 4440 2424 4491 Harl.
2451 4446 2562 4494 655.

850 4520 1121 4569 Amended
1202 4520 1335 4571 stom
1398 4518 1543 4569 Harl.
1594 4523 1711 4579 655,
1766 4517 1855 4568 the
2007 4520 2030 4549 ⁸
2050 4527 2098 4568 et
2116 4535 2408 4583 quanquam,
2431 4519 2578 4570 Harl.
2603 4525 2718 4572 655.

849 4598 1051 4663 printed
1088 4604 1222 4648 texts
1259 4599 1322 4649 of
1355 4598 1730 4665 Walsingham,
1752 4598 1855 4647 and
2010 4597 2032 4628 ⁸
2051 4597 2277 4649 Omitted
2298 4598 2353 4647 in
2375 4597 2521 4649 Harl.
2546 4604 2662 4651 555.

850 4676 1057 4741 Rymer.
2010 4678 2029 4705 ⁹
2050 4678 2338 4740 convocatis,
2358 4677 2502 4729 Harl.
2527 4683 2640 4730 655.

915 4756 938 4786 ’·’
953 4753 1233 4805 liberatione
1251 4752 1411 4816 solita,
1433 4754 1578 4805 Harl.
1603 4759 1717 4807 655.
2008 4755 2030 4785 ⁸
2052 4755 2277 4809 Omitted
2297 4755 2354 4806 iu
2373 4755 2522 4808 Harl.
2546 4762 2659 4808 655.
