3300 5617
1126 792 1455 844 msronu
1498 792 1918 846 stomoma
2439 777 2569 849 375

88 991 250 1044 MS,
270 993 404 1043 Bibl.
474 980 610 1035 dam
643 978 811 1043 alias,
851 978 1073 1050 absque
1116 977 1454 1034 resistentia
1502 978 1629 1035 sive
1675 978 1915 1035 licentia
1947 978 2354 1050 Anglicorum.
2426 980 2574 1035 Haec
2594 980 2732 1034 ΔΛ).
2763 988 2906 1035 1378.

92 1058 264 1123 neg.
294 1065 355 1111 13

88 1124 189 1176 E-
220 1127 296 1178 ix.

473 1069 670 1119 tamen
716 1063 778 1117 in
814 1062 998 1118 Ducis
1034 1062 1301 1118 absentia
1344 1062 1501 1118 facta
1537 1068 1675 1119 sunt
1722 1064 1785 1117 in
1819 1070 1980 1119 terra
2019 1064 2170 1129 ista3
2215 1064 2416 1133 sicque
2465 1064 2573 1119 sub
2597 1074 2740 1124 other

476 1148 584 1202 hac
636 1152 982 1218 tempestate
1030 1146 1129 1200 hic
1175 1145 1416 1216 illicque
1453 1144 1471 1178 ¹
1506 1147 1889 1218 percutimur,
1941 1146 2161 1218 ubique
2211 1165 2352 1204 vero
2400 1166 2574 1218 gene-
2597 1147 2775 1192 towns.

474 1231 683 1287 raliter
719 1230 1113 1300 flagellamur.
1191 1228 1438 1298 Quia,—

783 1317 821 1342 “
850 1313 918 1369 Si
953 1313 1109 1369 bubo
1147 1312 1329 1385 lapidi
1360 1314 1636 1384 jactetur,
1681 1315 1778 1370 vel
1824 1315 1976 1387 lapis
2013 1314 2122 1382 illi,

780 1400 820 1427 “
847 1397 1012 1454 Ictus
1053 1398 1266 1453 damna
1298 1399 1500 1468 gravis
1536 1416 1769 1471 semper
1803 1399 2042 1457 habebit
2075 1400 2262 1458 avis.”

917 1578 1019 1645 De
1064 1576 1460 1645 Pollutio‘ne
1517 1577 2108 1647 Westmonasterii.

544 1698 687 1750 Rem
742 1695 1068 1767 scripturus
1116 1713 1249 1751 sum
1296 1695 1431 1766 plus
1482 1713 1659 1767 quam
1706 1696 2012 1768 tragicam,
2067 1697 2172 1769 qui
2229 1698 2574 1754 comoediam
2599 1712 2858 1763 pollutio„

472 1781 777 1852 scripsisse
814 1797 1044 1851 semper
1079 1786 1458 1850 optaveram5
1511 1779 1704 1835 scelus
1740 1798 1776 1835 a
1811 1781 2024 1836 nostris
2062 1782 2293 1838 saeculis
2327 1783 2574 1838 intenta·
2600 1781 2661 1829 of
2676 1780 2839 1830 Wesst-

472 1871 615 1929 tum,
657 1864 763 1919 sed
797 1865 859 1918 in
894 1863 1109 1919 nostris
1147 1862 1372 1929 diebus,
1412 1863 1561 1937 proh
1596 1863 1798 1919 dolor!
1837 1871 2270 1936 perpetratum;
2323 1866 2577 1936 qualiter
2598 1847 2809 1897 minster

472 1949 746 2004 videlicet
793 1948 1065 2004 Sathanae
1114 1946 1418 2012 satellites,
1471 1947 1864 2019 irrumpentes
1901 1950 2206 2021 templum,
2246 1950 2575 2006 inauditum
2598 1913 2893 2045 ἓὲξιῗέὲέγ

472 2037 810 2105 perpetrant
862 2031 1099 2087 sceleris
1154 2031 1503 2102 exemplum,
1542 2031 1926 2103 pollutionem
1974 2033 2179 2103 utique
2226 2033 2389 2089 illius
2425 2034 2575 2089 aulae
2600 2048 2911 2097 andmurder

473 2116 605 2181 Dei,
645 2116 718 2171 ab
740 2114 1157 2187 Apostolorum
1194 2114 1467 2186 Principe
1504 2114 1806 2178 dedicatae,
1847 2120 1908 2170 et
1942 2115 2017 2171 ad
2050 2133 2309 2187 praesens
2345 2124 2575 2189 tempus
2600 2114 2890 2166 committed

473 2201 544 2256 ab
582 2201 726 2272 ipsis
763 2200 941 2255 etiam
977 2198 1294 2254 incredulis
1332 2205 1392 2254 et
1427 2199 1553 2254 sine
1590 2199 1703 2253 fide
1738 2196 2005 2254 hostibus
2042 2199 2381 2271 impollutas.
2461 2200 2579 2257 Sed
2599 2180 2754 2231 there·

472 2284 696 2340 invenit
718 2290 949 2355 tempus
980 2288 1265 2345 nostrum,
1293 2281 1440 2354 proh
1464 2281 1662 2338 dolor!
1701 2282 1964 2339 homines
1991 2281 2325 2338 Christiano
2347 2285 2579 2339 nomine

474 2368 801 2437 insignito&
840 2366 1071 2438 pejores
1105 2364 1497 2431 ²infidelibus‚
1537 2370 1599 2421 et
1632 2365 2110 2422 irreverentiores
2148 2366 2293 2438 ipsis
2331 2367 2580 2424 ethnicis

473 2458 576 2507 aut
610 2451 873 2524 paganis.
950 2450 1181 2505 Revera
1214 2450 1431 2521 pagani
1468 2467 1710 2505 suorum
1747 2467 2048 2505 sacrorum
2083 2450 2483 2506 immunitates
2521 2458 2581 2507 et

466 2536 621 2608 jura,
652 2554 782 2607 quoe
818 2552 934 2590 non
970 2533 1372 2599 Soldanorum,
1398 2532 1878 2600 Admiraliorum,
1917 2535 2043 2589 sive
2068 2533 2320 2605 Regum,
2360 2535 2579 2591 chartis

474 2620 814 2684 fulciuntur,
850 2618 953 2675 sed
990 2618 1180 2674 solum
1212 2617 1518 2673 devotione
1554 2616 1913 2688 ‘plebeiana,
1942 2617 2085 2672 adeo
2122 2618 2352 2674 illibata
2387 2625 2576 2674 custo-

475 2703 660 2768 diunt,
689 2708 757 2758 ut
779 2701 1029 2773 capitale
1055 2702 1135 2756 sit
1157 2701 1311 2756 infra
1346 2701 1632 2755 ambitum
1656 2700 1861 2772 templi
1886 2700 1906 2733 ⁴
1925 2701 2107 2756 ullius
2132 2701 2428 2757 hominem
2452 2720 2581 2773 per-

474 2788 747 2843 cussisse.
820 2787 905 2841 At
950 2785 1170 2857 templa
1204 2790 1366 2840 tanta
1401 2784 1661 2855 gaudent
1693 2784 2082 2849 immunitate,
2123 2790 2191 2840 ut
2224 2785 2376 2843 nulli
2411 2786 2586 2841 liceat

476 2869 752 2925 damnum
788 2875 892 2925 aut
926 2884 1243 2939 gravamen
1292 2867 1508 2923 inferre
1544 2866 1663 2922 hiis
1700 2867 1804 2938 qui
1841 2884 1904 2923 se
1941 2866 2162 2923 talibus
2216 2869 2588 2925 libertatibus

476 2953 864 3009 contulerunt.
940 2952 990 3007 Ε
1029 2957 1232 3007 contra
1278 2969 1438 3016 vero,
1491 2950 1814 3007 Christiani
1861 2951 2156 3007 modernis
2205 2954 2585 3025 temporibus,

477 3037 586 3094 sub
636 3037 750 3092 fide
800 3036 954 3102 falsi,
995 3041 1056 3092 et
1096 3035 1415 3091 deteriores
1465 3036 1733 3100 ethnicis,
1773 3054 1888 3091 non
1940 3037 2142 3092 sinunt
2177 3036 2416 3092 domum
2452 3037 2585 3103 Dei,

474 3127 706 3192 portam
778 3120 932 3185 coeli,
1000 3119 1243 3189 januam
1314 3118 1602 3182 Paradisi,
1669 3119 1900 3174 Summi
1973 3118 2302 3175 Sacerdotis
2374 3121 2586 3186 aulam,

477 3205 752 3260 videlicet
787 3204 1023 3259 Domini
1062 3204 1101 3257 J
1104 3221 1211 3258 esu
1248 3201 1470 3258 Christi
1507 3221 1797 3274 sponsam,
1837 3221 1951 3259 non
1986 3202 2215 3260 ’solum
2250 3203 2495 3260 liberam
2531 3210 2593 3261 et

475 3290 796 3345 immunem
844 3305 995 3352 esse,
1035 3286 1139 3343 sed
1187 3287 1365 3342 etiam
1416 3287 1655 3342 incestis
1706 3287 1994 3354 manibus,
2049 3288 2299 3344 funestis
2350 3288 2587 3359 gladiis,

477 3374 629 3429 truci
680 3372 994 3445 propositO,
1048 3390 1165 3426 non
1217 3376 1447 3426 tantum
1507 3371 1805 3436 ancillare,
1861 3371 1965 3427 sed
2025 3371 2270 3444 insuper
2328 3372 2591 3444 polluere

476 3459 729 3514 humano
789 3457 1093 3527 sanguine,
1146 3473 1264 3510 non
1315 3462 1612 3511 verentur.
1715 3454 1870 3524 Quid
1919 3473 2063 3527 ergo
2114 3455 2425 3511 dicendum
2478 3462 2588 3521 est,

478 3543 580 3597 ubi
639 3541 783 3596 fides
842 3541 1036 3612 periit,
1087 3539 1190 3610 jus
1251 3540 1507 3603 evanuit,
1573 3539 1807 3595 devotio
1879 3540 2091 3611 friguit
2161 3545 2223 3596 et
2293 3540 2591 3597 abcessit?

478 3626 592 3683 Vol
630 3626 772 3694 quid
807 3624 828 3656 ⁶
846 3623 1237 3689 scribendum,
1279 3623 1381 3678 ubi
1430 3624 1618 3679 omnis
1669 3625 1966 3695 conspirat
2011 3626 2074 3679 in
2121 3624 2413 3680 deteriora
2457 3643 2590 3680 con-

480 3708 730 3766 sensus?
801 3708 985 3763 Dolor
1031 3713 1230 3763 autem
1276 3724 1382 3762 nos
1432 3707 1608 3764 silere
1645 3707 1964 3780 compellit,
2003 3709 2196 3780 magis
2233 3715 2429 3764 autem
2465 3709 2595 3781 ipsa

478 3792 808 3864 periculosa
853 3804 1136 3862 tempora,
1188 3792 1251 3845 in
1311 3791 1525 3862 quibus
1574 3790 1782 3862 perfidi
1838 3791 2179 3856 Christiani,
2241 3790 2594 3848 Antichristi

481 3876 774 3946 discipuli,
851 3875 1037 3930 divini
1108 3874 1277 3930 verbi
1337 3874 1770 3946 praedicatoreS,
1846 3876 1972 3931 sive
2044 3876 2304 3947 ipsorum
2362 3893 2595 3931 morum

481 3957 914 4014 detestabilium
970 3959 1413 4030 conscriptores,
1465 3958 1635 4024 odiis,
1689 3956 1936 4024 damnis,
1996 3964 2057 4014 et
2115 3958 2348 4029 injuriis
2400 3977 2597 4031 perse-

484 4047 747 4114 quentes.
826 4041 942 4097 Sed
964 4047 1179 4106 tamen,
1208 4060 1281 4095 ne
1318 4041 1624 4097 videamur
1661 4043 1851 4113 magis
1886 4042 2152 4097 homines
2188 4042 2380 4099 vereri
2420 4062 2594 4114 quam

550 4256 565 4284 ¹
581 4253 927 4319 percutiuntur
1004 4253 1059 4303 in
1125 4253 1212 4304 the
1290 4253 1493 4317 printed
1586 4252 1789 4317 printed
1809 4259 1944 4304 texts
1970 4273 1984 4312 3
2020 4254 2274 4303 corrected
2303 4253 2434 4303 from
2457 4253 2591 4304 Bibl.

480 4341 643 4385 texts,
1589 4332 1715 4396 Reg.
1739 4336 1798 4379 13
1821 4332 1883 4382 Ε.
1907 4332 1979 4382 ix.

548 4417 569 4444 ²
590 4420 639 4463 et
656 4409 928 4475 infidelibus
950 4410 1004 4460 in
1020 4410 1107 4461 the
1119 4410 1320 4475 printed
1341 4416 1492 4460 texts.
1656 4413 1677 4440 ³
1696 4408 1846 4460 solam
1886 4410 1943 4460 iu
1984 4409 2137 4475 orig,
2174 4412 2430 4461 corrected
2463 4411 2593 4459 from

549 4495 569 4523 ⁸
582 4490 724 4557 pleb&
784 4491 840 4541 in
902 4490 1047 4554 orig„
1086 4487 1244 4554 plebis
1288 4488 1343 4538 in
1408 4489 1494 4539 the
1590 4489 1676 4539 the
1699 4489 1900 4553 printed
1922 4494 2071 4538 texts,

484 4572 685 4637 printed
706 4576 870 4630 textu
905 4569 1162 4619 corrected
1199 4568 1330 4617 from
1356 4566 1491 4619 Bibl.
1657 4570 1678 4596 ⁰
1695 4566 1940 4617 scrutandi
1993 4567 2048 4617 in
2105 4567 2227 4632 orig.
2255 4588 2271 4628 ς
2338 4571 2595 4620 corrected

482 4651 614 4715 Beg.
639 4653 698 4699 13
712 4649 775 4699 Ε.
796 4647 871 4698 ix.
1588 4646 1721 4698 from
1743 4647 1830 4699 the
1849 4646 2049 4711 printed
2069 4652 2219 4699 texts.

554 4731 573 4760 ⁴
598 4726 778 4779 nullius
836 4728 891 4778 in
946 4727 1091 4794 orig„
1148 4725 1277 4777 illim
1312 4724 1365 4777 in
1410 4725 1495 4777 the
