3300 5617
1075 775 1404 828 msromA
1432 778 1854 832 mumolum.
2384 771 2507 836 165

76 961 185 1012 ms.
206 960 345 1015 nihl.
404 954 849 1030 despiciendum
883 961 1129 1035 Regem,
1169 971 1231 1020 et
1264 964 1590 1020 acclamans
1625 965 1690 1021 in
1725 966 1919 1037 ipsum
1956 964 2182 1036 Regem
2216 964 2503 1019 vilissime
2528 977 2667 1032 ΑΛ).
2706 986 2849 1032 1322.

74 1028 228 1146 {fflm
223 1034 285 1080 ¹³
406 1049 469 1097 et
518 1048 1043 1119 contemptibiliter
1094 1068 1230 1107 cum
1265 1069 1482 1122 magno
1527 1051 1810 1117 tumultu,
1873 1052 1937 1106 in
1994 1051 2315 1106 maximum
2374 1067 2505 1104 con·

406 1131 696 1199 temptum
751 1132 958 1203 ipsius,
1012 1152 1081 1189 ac
1135 1134 1187 1190 si
1258 1152 1375 1189 non
1433 1135 1645 1191 fuisset
1713 1135 1841 1207 ejus
1895 1134 2183 1199 domium,
2240 1151 2351 1189 nec
2402 1150 2506 1187 rex

404 1212 555 1284 ejus.
654 1215 886 1272 Idcirco
935 1225 1223 1274 venerunt
1274 1236 1451 1290 super
1501 1235 1635 1275 eum
1707 1219 1863 1275 mala
1927 1218 2259 1289 praesentia,
2332 1222 2509 1288 prout

403 1296 686 1362 creditur,
740 1305 813 1355 ut
856 1316 963 1372 per
1011 1301 1138 1357 haec
1186 1307 1473 1374 purgatus
1527 1303 1761 1358 facilius
1821 1308 1956 1374 post
2011 1302 2162 1357 hanc
2226 1300 2507 1357 caducam

402 1386 701 1437 mereatur
734 1383 1014 1455 consequi
1048 1384 1233 1441 vitam
1285 1384 1536 1442 beatam.
1625 1384 1860 1441 ¹Tertio
1910 1402 2120 1457 nempe
2157 1384 2253 1440 die
2290 1402 2327 1439 a
2372 1401 2505 1456 cap·
2530 1390 2614 1442 He
2635 1391 2679 1442 is
2700 1408 2814 1444 sen·

400 1462 562 1518 tione
614 1483 741 1530 sua,
797 1466 1077 1524 sederunt
1133 1469 1448 1541 principes,
1501 1474 1564 1525 et
1613 1470 1679 1525 in
1729 1486 1865 1524 eum
1924 1468 2272 1525 sententiam
2324 1467 2506 1524 dicta-
2531 1461 2712 1510 “need
2733 1467 2787 1511 ‘0
2901 1545 2910 1554 ἱ

401 1553 633 1614 verunt,
670 1549 957 1607 Dominus
993 1551 1121 1607 Rex
1148 1552 1211 1607 in
1246 1551 1474 1623 primis,
1502 1551 1900 1608 assidentibus
1922 1551 2234 1607 edmundo
2274 1550 2505 1608 comite
2532 1527 2566 1575 ‘¹

401 1630 646 1698 Contine,
716 1633 974 1707 Engone
1034 1634 1262 1692 Comite
1319 1634 1671 1708 Wyntoniae,
1733 1635 1987 1707 Aymero
2058 1635 2287 1692 Comite
2351 1635 2501 1691 Pen-

399 1714 675 1782 brochiae,
715 1717 756 1772 J
758 1719 982 1775 ohanne
1016 1719 1091 1775 de
1124 1719 1419 1776 Warenna
1465 1718 1695 1776 Oomite
1748 1718 2109 1790 Southreyae,
2149 1718 2344 1775 David
2393 1717 2504 1775 Go-

400 1799 545 1854 mite
593 1798 666 1856 de
701 1801 965 1868 Athesel,
1021 1803 1282 1860 Roberto
1329 1802 1558 1860 Gemite
1609 1803 1683 1859 de
1718 1801 1955 1874 Angos;
1991 1802 2095 1857 ubi
2133 1801 2501 1874 adjudicatus

398 1889 493 1937 est
534 1884 830 1949 tractioni,
870 1886 1255 1958 suspensioni,
1294 1891 1357 1942 et
1391 1886 1781 1943 decollationi.
1855 1886 2093 1952 Tamen,
2148 1885 2289 1957 quia
2339 1884 2500 1941 idem

398 1964 613 2022 Comes
649 1966 723 2022 de
756 1968 1058 2039 parentela
1091 1970 1206 2025 fuit
1251 1969 1557 2025 excellenti
1607 1975 1671 2025 et
1717 1969 2086 2025 nobilissima
2136 1973 2497 2041 procreatus,

396 2047 543 2113 Rex,
599 2049 674 2104 ob
723 2051 1114 2108 reverentiam
1164 2052 1480 2124 parentelae
1516 2071 1658 2118 suoe,
1697 2052 1931 2109 remisit
1981 2051 2055 2107 de
2109 2069 2218 2108 sua
2252 2051 2498 2123 speciali

396 2132 593 2204 gratia
645 2133 803 2190 dicto
850 2135 1087 2192 Thomae
1145 2135 1361 2193 Gomiti
1412 2137 1814 2193 executionem
1866 2136 2115 2191 duarum
2168 2153 2494 2207 poenarum,

398 2216 557 2289 quod
604 2217 764 2273 idem
798 2219 1050 2275 Thomas
1086 2218 1296 2276 Comes
1343 2238 1460 2275 non
1509 2221 1844 2277 traheretur
1878 2238 1985 2276 nec
2021 2219 2496 2293 suspenderetur,

396 2300 502 2356 sed
553 2301 711 2372 quod
759 2303 1023 2358 executio
1071 2302 1237 2360 fleret
1273 2303 1675 2360 tantummodo
1712 2320 1889 2375 super
1923 2304 2139 2375 ipsum,
2193 2303 2349 2374 quod
2401 2302 2500 2358 de·-
2522 2309 2650 2362 And
2670 2328 2788 2364 exe-

395 2384 787 2456 capim-etun
857 2386 1060 2458 sicque
1124 2386 1486 2459 decapitatus
1550 2392 1644 2443 est
1704 2393 1872 2443 extra
1930 2386 2137 2442 villam
2189 2386 2263 2442 de
2313 2386 2498 2443 Ponte
2522 2380 2688 2431 0⁰00&

394 2466 627 2533 Fracto,
667 2486 704 2524 a
738 2469 1003 2540 captione
1040 2487 1147 2527 sua
1181 2469 1276 2526 die
1310 2468 1539 2536 'tertim
1577 2475 1648 2526 ut
1692 2471 2023 2542 praefertur.

465 2551 775 2608 Warrinus
835 2554 908 2609 de
967 2553 1191 2620 Insula,
1251 2552 1588 2610 Willelmus
1648 2554 1852 2619 Toket,
1916 2553 2169 2610 Thomas
2226 2551 2496 2618 Maudut,
2523 2564 2807 2615 Execution

392 2635 695 2692 Henricus
746 2637 820 2693 de
860 2637 1291 2703 Bradebourne,
1330 2637 1666 2693 willelmus
1717 2637 1876 2693 filius
1911 2636 2219 2703 willelmi,
2257 2641 2321 2692 et
2352 2635 2500 2693 Wil-
2523 2632 2587 2682 of
2608 2631 2753 2682 other

392 2720 608 2776 lelmus
642 2720 902 2793 Oheyne,
957 2723 1061 2794 qui
1108 2720 1264 2793 capti
1315 2727 1453 2777 sunt
1505 2739 1640 2777 cum
1688 2721 1912 2777 Thoma
1959 2719 2206 2785 Comite,
2259 2726 2499 2792 propter

2523 2699 2701 2749 nobles

2523 2764 2834 2831 throughout

392 2803 655 2860 roberias
717 2811 779 2860 et
836 2804 1098 2870 felonias‚
1153 2811 1215 2860 et
1270 2805 1670 2861 resistentiam
1730 2822 1908 2875 quam
1973 2804 2240 2859 fecerunt
2296 2809 2500 2859 contra
2522 2832 2777 2898 13„ng

393 2888 622 2960 Regem
659 2887 735 2943 ad
770 2887 971 2943 villam
1007 2888 1079 2943 de
1115 2888 1395 2954 Burtone‚
1438 2888 1769 2945 occidentes
1821 2887 2007 2959 Regis
2058 2886 2314 2943 familiar'
2229 2887 2241 2898 “
2316 2904 2399 2952 es,
2439 2892 2501 2943 et

392 2970 578 3042 Regis
638 2971 953 3026 transitum
1003 2971 1396 3044 prohibentes,
1459 2990 1526 3028 ac
1585 2977 1811 3044 partem
1864 2971 2025 3026 villoe
2081 2968 2375 3043 praediotae
2437 2969 2500 3024 in

391 3072 663 3112 recesssu
702 3073 809 3111 suo
844 3054 1268 3121 comburentes,
1306 3064 1636 3128 caeteraque
1685 3061 2107 3129 perpetrantes,
2163 3072 2294 3127 quae
2342 3053 2499 3110 dicto

393 3138 634 3195 Thomae
684 3138 900 3195 Comiti
941 3138 1338 3210 imponuntur,
1395 3140 1712 3212 adjudicati
1765 3147 1921 3205 sunt,
1960 3139 2032 3194 de
2084 3138 2499 3210 praedictorum

86 3302 239 3347 nm
272 3305 325 3349 th
396 3222 694 3279 Comitum
748 3228 808 3279 et
841 3221 1139 3278 Baronum
1174 3223 1435 3288 consili0,
1490 3222 1762 3279 tractioni
1812 3228 1875 3279 et
1926 3221 2294 3360 suspeirisioni
2340 3221 2498 3360 apuld

240 3316 271 3348 u
327 3338 340 3356 ⁸
731 3347 745 3361 ·
991 3306 1005 3319 .
1543 3307 1556 3319 .
1926 3306 1940 3319 .

88 3357 308 3450 ms
396 3306 745 3461 32⁰3?ss
774 3305 2500 3462 ffliss‘fflicifffifflzffiffizzmssfflss,0⁶3

88 3454 376 3506 ΒΨῙΒΒᾸΧ·
402 3475 558 3530 linus
612 3473 686 3529 de
736 3474 973 3546 Inuylla
1020 3475 1204 3530 simili
1251 3481 1406 3531 sorte
1440 3474 1625 3531 vitam
1662 3473 1889 3541 finivit3
1946 3477 2151 3545 expost
2183 3489 2500 3544 parumper

83 3548 182 3599 MS-
202 3549 333 3601 Bibl·
400 3557 689 3614 Dominus
716 3557 1011 3614 Henricus
1047 3559 1200 3629 'Pyes
1237 3564 1440 3631 captus
1476 3556 1792 3615 Londoniis
1826 3561 2048 3612 tractus
2084 3561 2146 3611 et
2180 3573 2499 3626 suspensus

80 3614 277 3733 ἔζη
405 3647 512 3699 est.
589 3644 815 3701 Deinde
838 3645 1126 3702 Dominus
1162 3641 1625 3698 Bartholomaeus
1661 3640 2022 3696 Batlesmere
2059 3645 2262 3710 captus
2297 3638 2491 3708 ⁴[cst],

403 3734 465 3784 et
522 3728 854 3786 Cantuariae
912 3728 1251 3785 decollatus.
1352 3725 1526 3782 Solus
1584 3724 1871 3780 Dominus
1933 3723 2202 3794 Rogerus
2262 3723 2494 3778 Tamori

399 3823 587 3871 morte
636 3816 783 3871 obiit
829 3813 1103 3871 naturali.
1202 3810 1432 3868 Oaetera
1466 3810 1570 3880 qui
1603 3807 1861 3864 voluerit
1892 3806 2095 3862 videre
2141 3805 2391 3878 plenius,
2429 3807 2496 3861 in

394 3899 704 3957 Chronicis
715 3899 1003 3956 Willelmi
1023 3898 1044 3931 ⁶
1059 3898 1388 3970 Rysangre,
1415 3892 1571 3966 apud
1598 3891 1878 3948 Sanctum
1893 3889 2207 3957 Albanum,
2228 3889 2493 3962 ‘plenius

392 3984 611 4055 poterit
652 3983 947 4054 reperire;
1000 3982 1103 4037 ubi
1139 3978 1534 4037 Recordatum
1569 3975 1755 4047 Regis
1807 3973 2059 4030 habetur
2100 3972 2173 4028 de
2223 3973 2493 4032 omnibus

395 4068 751 4124 memoratis·

461 4309 476 4339 ¹
502 4306 632 4358 Thin
662 4305 861 4372 portion
883 4305 943 4357 of
967 4306 1054 4357 the
1075 4303 1328 4357 narrative
1348 4302 1395 4353 is
1489 4307 1568 4358 lar
1588 4312 1641 4358 to
1663 4304 1776 4356 that
1804 4303 1956 4372 given
1982 4305 2049 4371 by
2072 4303 2383 4366 Trokelowe,
2405 4307 2498 4357 but

393 4386 650 4452 evidently
673 4386 880 4440 derived
900 4385 1030 4436 from
1050 4386 1138 4436 the
1157 4385 1323 4436 words
1343 4383 1405 4433 of
1488 4387 1656 4438 hiller.

395 4468 481 4519 the
502 4463 715 4518 Record.
1557 4468 1577 4497 ⁴
1598 4464 1845 4529 Supplied
1861 4464 1993 4514 stom
2014 4463 2100 4515 the
2124 4464 2326 4528 printed
2341 4472 2496 4518 texts.

458 4549 481 4579 ²
500 4552 533 4576 ‘⁸
566 4554 704 4598 cesto
729 4555 848 4613 post
881 4546 961 4596 die
991 4543 1246 4612 suspendio
1286 4562 1399 4597 con-
1556 4547 1577 4575 ⁵
1598 4542 1847 4608 Reaaqer
1867 4541 1922 4592 in
1943 4542 2031 4593 the
2051 4542 2255 4608 printed
2276 4551 2427 4595 texts.

393 4631 425 4656 “
438 4626 688 4678 άεηιηαειιε
706 4626 974 4678 est.'’—De
996 4625 1048 4676 la
1067 4625 1230 4677 Moor.
1554 4628 1576 4656 ⁸
1596 4623 1747 4677 latins
1768 4623 1823 4674 in
1846 4622 1933 4675 the
1952 4624 2152 4689 printed
2173 4632 2319 4679 texts.

460 4708 481 4737 ⁸
502 4706 635 4758 This
654 4713 870 4758 account
899 4706 946 4757 is
965 4706 1240 4759 somewhat
1260 4705 1399 4759 nimi-
