3300 5617
755 703 886 785 106
1410 734 1670 784 'meum
1715 731 2191 783 wALsme

407 929 543 989 ΑΒ,
583 941 726 989 1304.
752 935 820 973 ac
854 919 1057 989 postea
1091 916 1434 990 simpliciter
1482 936 1545 973 se
1580 919 1644 973 in
1679 917 1808 989 ejus
1844 918 2038 990 gratia
2082 923 2418 989 posuerunt.
2497 917 2616 973 Sed
2650 923 2860 974 neutro
2886 923 3153 988 Rimuger.

751 1002 923 1058 modo
955 1002 1145 1058 voluit
1179 1003 1305 1057 Rex
1339 1020 1435 1057 eos
1485 1002 1827 1070 admittere3
1880 1003 1985 1059 sed
2033 1008 2261 1059 tantum
2313 1002 2378 1057 in
2427 1019 2498 1057 ea
2544 1003 2752 1068 forma,
2791 1010 2861 1058 ut
2884 990 2996 1041 MS·
3018 991 3130 1043 Bibl-

750 1103 897 1158 pure
933 1092 994 1141 et
1028 1086 1370 1158 simpliciter
1404 1103 1468 1141 se
1504 1085 1785 1143 dederent
1804 1087 1987 1158 regiae
2008 1086 2316 1142 voluntati.
2394 1084 2560 1155 Quod
2594 1087 2739 1143 licet
2771 1088 2857 1143 eis
2882 1057 3083 1176 ἓξὲξ,

408 1175 532 1224 And
555 1188 661 1225 sur-
751 1172 940 1243 primo
978 1170 1208 1225 difficile
1248 1169 1564 1235 videretur,
1605 1177 1802 1226 tamen
1836 1189 1973 1227 cum
2007 1172 2229 1228 fossata
2263 1172 2667 1243 conspicerent
2700 1179 2861 1228 terra

409 1244 602 1292 render·
751 1255 983 1327 impleri
1019 1261 1080 1311 et
1113 1253 1423 1325 lapidibus,
1464 1254 1768 1325 scalasque
1790 1255 1867 1310 ad
1890 1255 2382 1312 transcensionem
2404 1273 2728 1321 murorum,
2759 1256 2861 1328 qui

748 1339 999 1397 assiduis
1024 1339 1236 1394 ictibus
1264 1345 1563 1411 petrarum
1587 1339 2139 1410 conquassabantur,
2168 1338 2381 1412 parari,
2408 1339 2645 1395 tandem
2682 1341 2746 1395 in
2767 1341 2863 1396 die

744 1425 942 1480 Beatoe
977 1422 1327 1494 Margaretae
1351 1423 1620 1496 Virginis
1657 1429 1915 1479 castrum
1951 1423 2281 1488 reddentes,
2323 1441 2386 1479 se
2425 1424 2610 1496 Regis
2646 1426 2864 1498 placito

746 1506 1148 1564 subdiderunt.
1223 1507 1484 1577 Quorum
1507 1507 1894 1579 capitaneum,
1923 1507 2289 1564 Willelmum
2315 1508 2584 1573 Olifardi,
2612 1510 2863 1566 militem

744 1591 1061 1649 admodum
1085 1596 1390 1647 strenuum
1414 1596 1476 1647 et
1497 1591 1821 1656 cordatum,
1862 1591 1938 1647 ad
1972 1591 2211 1647 Turrim
2234 1592 2686 1658 Londoniarum,
2726 1594 2861 1648 reli·

747 1694 892 1748 quos
927 1693 1067 1733 vero
1103 1676 1178 1732 ad
1213 1676 1331 1731 alia
1377 1683 1570 1732 castra
1603 1676 1854 1741 diversa,
1894 1677 2239 1743 transmisit,
2278 1676 2610 1733 carceribus
2647 1678 2860 1734 manci·

406 1852 517 1930 'ljhe
539 1851 658 1902 Jus-
746 1761 1138 1901 passdzgardus
1191 1843 1336 1909 Rex,
1376 1844 1616 1900 subacta
1649 1844 1725 1899 ad
1759 1849 1962 1901 votum
1999 1844 2211 1910 Scotia,
2266 1844 2692 1916 commissaque
2730 1844 2859 1917 ejus

407 1929 580 1969 “mm
751 1930 1016 1987 custodia
1053 1929 1306 1984 Johanni
1342 1928 1414 1983 de
1453 1929 1731 2002 Segi-ave,
1770 1929 1836 1984 in
1868 1929 2150 1999 Angliam
2186 1936 2279 1986 est
2312 1947 2604 1986 reversus.
2682 1930 2855 1986 Oum-

405 1992 653 2103 ἴοᾚὲο
753 2034 866 2088 que
926 2014 1185 2069 venisset
1234 2014 1579 2077 Eboracum,
1626 2013 1812 2084 jussit
1847 2014 2165 2069 sessionem
2203 2013 2701 2080 Justiciariorum,
2758 2017 2859 2088 qui

403 2123 535 2170 stom
567 2119 724 2173 York„
752 2101 1027 2155 dicuntur
1104 2097 1232 2153 “de
1303 2098 1559 2162 Baneo,'’
1615 2103 1679 2154 et
1733 2097 2122 2163 scaccarium,
2197 2117 2329 2169 quae
2374 2099 2504 2170 jam
2555 2101 2856 2171 septennio

433 2200 437 2203 ⁴
752 2184 768 2216 ¹
785 2189 1115 2240 manserant
1143 2183 1412 2244 Eboraci,
1445 2181 1792 2246 Londonias,
1825 2181 1901 2237 ad
1931 2182 2239 2251 antiquum
2272 2181 2488 2248 locum,
2528 2184 2851 2239 transferri.

406 2268 546 2319 John
568 2269 630 2319 de
822 2269 909 2325 Eo
958 2286 1107 2324 anno
1159 2266 1307 2322 obiit
1361 2266 1398 2321 J
1402 2266 1658 2323 ohannes
1711 2266 1786 2321 de
1840 2266 2150 2331 Warenna,
2209 2266 2420 2323 Comes
2473 2268 2747 2340 Surreyae
2796 2275 2856 2325 et

409 2336 664 2414 Waf‘Jnne
752 2352 1148 2417 Southsexiae3
1188 2352 1284 2406 cui
1340 2351 1623 2407 successit
1675 2368 1855 2423 nepos
1907 2350 2055 2422 ejus,
2114 2368 2186 2405 ex
2234 2351 2376 2416 filio,
2438 2354 2477 2379 ‘⁴
2501 2351 2798 2408 Johannes
2818 2354 2852 2377 ’'

405 2417 613 2534 ἓξὲξ
640 2404 723 2454 ⁰¹⁰
748 2437 999 2500 nomine,
1055 2452 1295 2491 uxorem
1349 2435 1639 2506 accipiens
1689 2440 1925 2505 neptem
1979 2434 2184 2505 Regis,
2245 2433 2267 2466 ²
2287 2453 2358 2490 ex
2393 2435 2517 2492 filia
2549 2436 2851 2504 Alienora,

534 2537 591 2584 d-
750 2538 925 2591 quam
961 2520 1129 2576 duxit
1164 2518 1373 2576 Comes
1410 2519 1740 2574 Barrensis.

441 2602 665 2667 aughter.
817 2605 949 2660 Hoc
1016 2622 1164 2659 anno
1217 2603 1470 2659 ordinati
1521 2608 1662 2658 sunt
1715 2602 1755 2657 J
1757 2602 2045 2659 usticiarii
2101 2603 2203 2674 qui
2253 2603 2327 2659 de
2377 2604 2853 2663 malefactoribus

404 2699 589 2764 Tmyl·
746 2689 1063 2760 diligenter
1099 2686 1479 2759 inquirerent,
1521 2693 1804 2758 quantum
1840 2686 1916 2742 ad
1947 2685 1970 2718 ⁸
1984 2693 2173 2743 certos
2211 2688 2525 2755 articulos3
2578 2697 2640 2745 et
2684 2691 2856 2762 juxta

401 2766 578 2844 bflsswl!
746 2774 1030 2830 demerita
1062 2772 1339 2844 punirent
1371 2771 1656 2826 inventos.
1733 2771 1841 2825 Hii
1878 2771 1918 2825 J
1920 2771 2207 2827 usticiarii
2243 2774 2435 2829 vocati
2483 2778 2623 2829 sunt
2673 2775 2855 2830 homi·

402 2832 717 2883 “mbh‘ffied‘
741 2860 916 2914 nibus
971 2856 1351 2930 popularibus
1391 2855 1413 2888 ⁴
1434 2859 1472 2884 ‘⁶
1493 2855 1950 2927 Traybastone,”
1995 2856 2153 2927 quod
2190 2865 2359 2913 sonat
2397 2862 2435 2886 “
2456 2858 2647 2913 Trahe
2682 2859 2853 2915 bacu-

745 2947 782 2971 “
822 2942 1004 2998 lum.''
1191 2989 1196 3000 .

402 3022 718 3120 Qfflffiof
808 3027 971 3100 Papa
1004 3026 1375 3090 Benedictus,
1413 3041 1522 3097 per
1571 3024 1732 3080 idem
1783 3031 2014 3096 tempus
2068 3024 2446 3081 considerans
2501 3026 2669 3097 pium
2716 3043 2844 3083 esse

400 3127 552 3170 κοιναὶ
569 3128 687 3172 from
737 3114 914 3168 etiam
948 3130 1117 3168 ovem
1151 3116 1461 3174 errantem,
1501 3109 1642 3165 licet
1664 3109 1933 3172 invitum,
1960 3109 2280 3180 perducere
2316 3109 2392 3164 ad
2426 3110 2600 3175 ovile,
2628 3111 2850 3182 Regem

398 3181 705 3274 ffissffffiuffi,
738 3195 1113 3261 Francorum,
1167 3215 1284 3251 non
1317 3201 1631 3266 petentem,
1672 3212 1709 3248 a
1744 3194 2032 3250 sententia
2078 3195 2709 3262 excommunicationis,
2748 3214 2850 3267 per

401 3280 570 3324 cation.
738 3281 1224 3353 praedecessorem
1260 3297 1434 3336 suum
1468 3279 1590 3334 lata
1623 3278 1687 3332 in
1722 3296 1876 3343 eum,
1916 3277 2184 3335 absolvit.

396 3380 506 3433 The
813 3363 928 3420 Per
951 3364 1120 3420 idem
1155 3371 1405 3437 tempus,
1445 3364 1571 3419 Rex
1605 3362 1890 3427 Franciae,
1926 3362 2179 3418 offensus
2204 3361 2419 3419 Abbati
2450 3363 2843 3430 Cisterciensi,

399 3449 701 3502 Cistemisns
743 3448 884 3520 quia
917 3449 979 3504 in
1014 3448 1460 3520 appellationem
1496 3453 1700 3504 contra
1751 3446 1974 3517 Papam
2023 3447 2395 3503 Bonifacium
2442 3466 2560 3504 non
2611 3467 2847 3505 consen·

398 3517 638 3569 m⁰¹0⁸ted
744 3541 916 3599 serat,
957 3534 1154 3590 omnia
1202 3532 1555 3589 monasteria
1606 3530 1872 3604 ejusdem
1923 3530 2179 3598 Ordinis,
2235 3533 2301 3587 in
2350 3550 2533 3604 regno
2585 3534 2847 3589 Francioe

397 3585 626 3714 ῗὲξῃὲιίΐ
739 3616 1074 3680 constituta,
1130 3613 1452 3686 plurimum
1501 3612 1870 3678 molestavit3
1924 3619 2163 3683 propter
2214 3613 2388 3684 quod,
2439 3613 2641 3670 Abbas
2693 3615 2847 3672 ultro

395 3715 600 3768 france,
739 3700 1015 3770 regimini
1051 3699 1289 3755 Ordinis
1327 3699 1418 3754 sui
1455 3697 1651 3754 cessit.

397 3801 658 3854 Suom
810 3786 934 3840 Rex
988 3783 1270 3846 Franciae,
1327 3782 1659 3853 Philippus,
1697 3782 1809 3837 hoo
1859 3799 2008 3836 anno
2061 3782 2122 3835 in
2172 3799 2349 3837 manu
2399 3782 2596 3838 valida
2649 3785 2844 3856 copias

395 3868 456 3915 of
471 3868 555 3919 the
568 3871 713 3937 King
735 3870 891 3926 fudit
925 3867 1408 3932 Flandrensium3
1447 3867 1600 3922 inter
1637 3883 1783 3937 quas
1819 3866 2032 3921 cecidit
2065 3865 2400 3922 Willelmus
2436 3867 2509 3922 de
2552 3867 2592 3921 J
2594 3868 2841 3934 uliariis,

397 3935 459 3982 ⁰f
471 3934 668 3987 Fmoe
739 3951 842 4021 qui
878 3949 1118 4006 ¹‘earum
1153 3948 1492 4019 capitaneus
1528 3948 1722 4002 fuerat
1755 3947 2126 4002 constitutus.
2202 3947 2280 4002 Et
2314 3964 2429 4002 non
2464 3948 2650 4003 multo
2692 3955 2839 4020 post,

396 4066 442 4116 F
461 4001 700 4136 ffige
737 4029 1116 4170 ἷξᾶῶᾱθωι
1140 4046 1203 4085 30
1228 4027 1384 4100 Regi
1407 4026 1767 4084 Francorum
1807 4026 1939 4082 duae
1962 4026 2120 4084 viuae
2145 4026 2369 4083 nobiles
2395 4025 2653 4084 Insulaci
2692 4028 2713 4060 ⁶
2729 4026 2838 4100 [et]

797 4132 1024 4172 uacum.

2790 4285 2843 4294 -ιο

1263 4286 1438 4293 ————v

803 4373 818 4406 ¹
850 4382 1094 4424 manserat
1112 4373 1168 4423 in
1192 4375 1277 4424 the
1297 4373 1499 4438 printed
1520 4378 1669 4423 texts,
1890 4367 1909 4400 ⁴
1937 4365 2319 4433 Traylebastoun
2332 4369 2385 4420 in
2404 4367 2709 4438 Rishauger,
2723 4374 2835 4426 MS.

798 4456 820 4486 ²
852 4463 899 4504 ee
940 4454 996 4504 in
1040 4454 1189 4518 orig„
1244 4455 1344 4504 and
1401 4452 1488 4502 the
1531 4451 1732 4516 printed
1823 4448 1959 4498 Bibl.
1982 4448 2114 4514 Reg.
2145 4454 2204 4499 13
2227 4450 2287 4500 E.
2312 4449 2403 4512 ix„
2426 4452 2526 4501 and
2549 4452 2746 4504 Trivet.

731 4541 866 4587 texts
891 4555 905 4594 3
952 4534 1207 4584 corrected
1249 4534 1382 4584 from
1425 4529 1730 4596 Rishanger,
1886 4529 1908 4557 ⁸
1940 4544 2098 4578 eornm
2120 4528 2174 4578 iu
2196 4528 2284 4579 the
2305 4529 2508 4594 printed
2523 4537 2676 4584 texts.

728 4613 842 4666 MS.
860 4612 996 4664 Bibl.
1010 4613 1219 4679 Reg.13
1235 4612 1297 4662 E.
1315 4611 1517 4673 ix.‚and
1533 4610 1728 4661 Trivet.
1885 4610 1906 4637 ⁸
1940 4607 2166 4658 Omitted
2186 4606 2241 4658 in
2256 4608 2409 4675 orig.;
2445 4610 2675 4675 supplied
2693 4611 2827 4664 from

792 4695 812 4725 ⁸
843 4700 1039 4745 ceteros
1058 4692 1116 4743 in
1138 4694 1227 4745 the
1249 4691 1452 4759 printed
1466 4697 1619 4743 texts.
1815 4685 1903 4739 the
1924 4687 2122 4753 printed
2144 4694 2296 4740 texts.
