3300 5617
62 1014 128 1071 S.
159 1019 331 1074 Bibl.

62 1099 142 1164 ἑξ.
180 1093 259 1139 13

87 1167 186 1204 ix.

1045 836 1373 886 meroem
1416 836 1829 885 AncchNA.
2366 824 2494 888 419

391 1018 806 1085 incusserant,
839 1038 948 1076 nec
985 1020 1331 1087 ¹immerit0,
1386 1021 1525 1092 quia
1571 1022 1832 1092 profecto
1870 1020 1922 1075 si
1958 1019 2083 1074 Deo
2128 1037 2245 1074 non
2293 1018 2493 1091 displi-
2516 1014 2656 1068 AD.
2685 1022 2829 1073 1379.

390 1104 609 1158 cuisset
656 1103 792 1159 talis
847 1106 1153 1170 exercitus,
1210 1124 1317 1177 pro
1366 1106 1583 1160 virium
1622 1106 1828 1176 gloria,
1873 1122 1977 1177 pro
2012 1104 2323 1175 proeliandi
2359 1122 2491 1158 cau·
2515 1105 2716 1186 Reason

388 1186 523 1251 tela,
577 1205 684 1258 pro
734 1189 1042 1245 resistendi
1092 1197 1294 1244 contra
1326 1190 1524 1244 hostes
1574 1190 1833 1254 audacia,
1879 1208 1996 1244 non
2029 1195 2248 1243 temere
2284 1188 2493 1243 fuisset
2515 1173 2596 1222 ΤΟΥ
2611 1176 2821 1253 mium·

387 1271 611 1326 cunctis
668 1271 909 1328 Gallicis
981 1273 1346 1329 metuendus.
1461 1273 1576 1329 Sed
1630 1274 1773 1343 quid
1823 1273 1983 1329 valet
2032 1273 2123 1328 vis
2190 1271 2488 1327 humana?
2514 1243 2756 1358 sszffeglsl'

387 1352 542 1421 Quid
588 1356 850 1412 astutia?
923 1356 1077 1425 Quid
1126 1357 1467 1428 opulentia?
1508 1357 1591 1422 Si,
1643 1358 1739 1411 cui
1788 1358 1914 1412 haec
1955 1357 2482 1422 accommodantur,
2721 1347 2732 1358 ’

384 1454 631 1506 persona
671 1439 978 1511 displiceat
1025 1439 1307 1506 Creatori,
1359 1442 1567 1511 utique
1604 1458 1719 1495 non
1754 1440 1829 1495 ad
1871 1441 2119 1511 gloriam
2154 1441 2480 1511 proficiunt,

383 1521 488 1575 sed
535 1521 933 1592 ignominiam,
985 1531 1046 1580 et
1093 1524 1337 1580 forsitan
1382 1524 1629 1580 tendunt
1675 1523 1750 1578 ad
1786 1524 2167 1578 damnationis
2203 1541 2480 1594 augmen·

379 1610 526 1658 tum.
625 1605 741 1661 Sed
777 1607 849 1662 de
883 1608 1000 1662 hiis
1036 1608 1350 1674 hactenus3
1383 1609 1509 1680 jam
1544 1608 1619 1663 ad
1654 1608 1959 1663 materiam
1994 1612 2375 1663 revertamur.

451 1687 602 1742 Cum
649 1690 854 1760 igitur,
905 1698 973 1746 ut
1007 1692 1402 1764 prm-diximus,
1443 1691 1728 1746 Dominus
1773 1691 1811 1745 J
1815 1693 2066 1746 ohannes
2103 1691 2176 1746 de
2214 1691 2478 1747 Arundel
2505 1691 2590 1742 Sir
2611 1692 2753 1743 John

378 1786 511 1826 cum
549 1773 671 1828 suis
713 1775 1094 1846 complicibus
1135 1775 1208 1830 ad
1242 1774 1265 1807 ¹
1285 1774 1496 1846 [mare]
1535 1775 1920 1846 pervenisset,
1957 1780 2019 1829 et
2050 1775 2300 1830 necdum
2334 1792 2479 1831 aura
2500 1758 2729 1875 Argnhffel

377 1856 631 1912 secunda
665 1858 831 1914 flaret
865 1860 1103 1924 eisdem,
1137 1861 1359 1924 statuit,
1399 1865 1468 1915 ut
1499 1858 1753 1930 optabat,
1780 1859 2035 1930 opperiri
2069 1864 2299 1930 tempus
2341 1878 2474 1930 gra·
2498 1840 2615 1941 {fen
2637 1842 2714 1941 ἰξ-

375 1939 542 1995 tioris
601 1942 780 1996 venti.
887 1942 1155 1998 Perrexit
1199 1944 1423 1998 interea
1486 1943 1562 1997 ad
1615 1942 1905 2013 quoddam
1966 1947 1986 1976 ⁸
2004 1940 2470 2013 [monasterium]
2498 1959 2642 2008 trude
2656 1959 2815 2009 them-

376 2023 716 2080 monialium
751 2025 1050 2097 virginum
1084 2044 1201 2082 non
1226 2026 1431 2099 procul
1468 2027 1665 2090 situm,
1694 2032 1771 2091 et,
1798 2044 1933 2080 cum
1972 2026 2092 2081 suis
2118 2026 2471 2096 ingrediens,
2501 2025 2661 2075 selves
2675 2041 2742 2076 on
2765 2042 2797 2075 a

375 2108 546 2177 petiit
584 2126 621 2163 a
654 2115 838 2164 matre
875 2111 1228 2175 monasterii,
1268 2118 1337 2166 ut
1366 2110 1584 2165 ibidem
1622 2126 1758 2164 suos
1800 2109 2240 2174 commilitones,
2279 2111 2343 2164 in
2377 2128 2476 2165 ne·
2502 2091 2733 2142 C⁰nve¹¹t
2749 2093 2811 2142 ⁰f

377 2192 555 2261 gotiis
587 2194 773 2263 regiis
809 2194 1184 2259 laboratores,
1225 2195 1593 2266 permitteret
1631 2194 1934 2265 hospitari.
2009 2193 2476 2250 Sanctimonialis
2499 2173 2646 2208 'mm‘

376 2282 574 2331 autem
614 2278 867 2343 foemina,
906 2288 1100 2334 mente
1150 2279 1370 2334 librans
1408 2278 1670 2349 pericula
1712 2294 1843 2348 quae
1888 2294 1996 2347 per
2032 2278 2179 2332 tales
2216 2278 2476 2348 hospites

375 2366 615 2430 possent
648 2379 968 2433 emergere,
1012 2368 1073 2418 et
1120 2364 1258 2435 quia
1307 2364 1541 2417 omnino
1588 2361 1863 2431 religioni
1909 2361 2046 2415 talis
2094 2362 2301 2432 petitio
2347 2379 2480 2416 con-

375 2445 609 2509 traibat,
650 2463 784 2500 cum
823 2447 1152 2503 reverentia
1187 2452 1248 2503 et
1280 2446 1611 2502 humilitate
1647 2464 1765 2517 qua
1801 2446 2014 2509 decuit,
2059 2447 2327 2516 exposuit
2366 2445 2479 2501 sibi

367 2529 615 2598 juvenes
650 2529 670 2561 ⁴
693 2528 874 2601 [esse]
906 2532 1105 2603 plures
1139 2532 1242 2602 qui
1279 2550 1412 2586 cum
1445 2549 1513 2586 eo
1545 2536 1843 2594 venerant,
1872 2535 1933 2585 et
1962 2530 2187 2600 impelli
2210 2548 2380 2600 posse
2406 2531 2479 2585 de

376 2613 533 2667 facili
568 2615 632 2668 in
668 2615 859 2670 scelus
896 2616 1279 2688 inexpiabi103
1325 2616 1480 2687 quod
1513 2632 1629 2669 non
1673 2615 1861 2670 solum
1896 2615 1961 2668 in
1996 2613 2369 2685 opprobrium
2420 2621 2480 2669 et

377 2695 678 2753 infamiam
734 2699 898 2755 illius
953 2699 1085 2765 loci,
1129 2700 1232 2755 sed
1285 2702 1348 2755 in
1401 2699 1735 2771 periculum
1785 2704 1846 2754 et
1890 2700 2213 2770 perniciem
2270 2698 2362 2754 sui
2418 2705 2478 2753 et

376 2799 617 2836 suorum
651 2782 1022 2847 redundaret,
1066 2784 1168 2855 qui
1204 2800 1319 2839 non
1353 2782 1527 2838 modo
1564 2788 1757 2839 castra
1789 2781 2091 2854 pudicitiae
2128 2784 2477 2854 impugnare

371 2866 642 2931 vitarent,
683 2866 789 2922 sed
822 2869 999 2923 etiam
1034 2885 1203 2922 omne
1239 2886 1424 2938 genus
1478 2868 1701 2940 peccati
1750 2868 2008 2937 effugere
2044 2866 2388 2931 laborarent,
2430 2867 2480 2921 si

375 2949 436 3003 id
461 2958 722 3021 agerent,
751 2951 1134 3016 ⁶obtinerent,
1165 2951 1321 3023 quod
1345 2953 1506 3007 viros
1543 2952 1618 3007 ad
1653 2951 1875 3005 bellum
1898 2952 2282 3022 profecturos,
2311 2969 2482 3022 opor-

374 3040 543 3089 teret.
617 3034 667 3087 Ε
694 3040 912 3098 contra,
954 3035 1056 3090 ille
1092 3036 1364 3091 insistere
1396 3037 1590 3106 magis
1617 3035 1840 3089 fervide
1874 3036 2053 3106 coepit
2075 3035 2137 3090 in
2159 3037 2476 3107 proposito,

373 3116 572 3171 dicens
627 3118 791 3173 illam
842 3117 863 3150 ⁶
880 3119 1007 3173 falli
1041 3120 1105 3173 in
1142 3120 1265 3174 suis
1320 3119 1768 3190 suspicionibue,
1821 3125 1881 3173 et
1931 3136 2046 3172 non
2096 3136 2224 3174 esse
2272 3121 2479 3174 verisi-

373 3201 512 3255 mile
591 3203 748 3273 quod
813 3209 1007 3258 mente
1091 3204 1438 3273 imaginarie
1497 3208 1901 3274 pertractaret.
2002 3203 2115 3257 Cui
2178 3204 2299 3267 illa,
2358 3204 2481 3259 solo

369 3289 796 3356 proswata‚—“
822 3287 1017 3352 Soio,'’
1054 3288 1263 3358 inquit,
1296 3291 1334 3314 “
1361 3287 1627 3351 Domine,
1655 3288 1815 3342 viros
1840 3290 1972 3341 tuos
2008 3286 2304 3342 ⁷effraenos
2330 3305 2477 3351 esse,

377 3374 413 3395 ‘⁶
451 3370 687 3441 ³utpote
744 3373 846 3442 qui
901 3371 1093 3427 Deum
1147 3372 1392 3427 forsitan
1443 3390 1559 3427 non
1609 3377 1907 3434 verentur,
1963 3376 2024 3425 et
2076 3372 2307 3426 omnino
2364 3388 2481 3425 non

375 3456 413 3481 ‘⁶
452 3454 724 3525 expedire
756 3456 976 3520 ¹mobis,
1017 3474 1123 3511 nec
1176 3456 1304 3521 tibi,
1345 3455 1386 3488 ¹⁰
1402 3462 1469 3511 ut
1504 3454 1911 3526 ingrediantur
1957 3454 2213 3509 claustra
2257 3460 2474 3519 nostra,

376 3539 415 3563 ‘⁸
454 3536 838 3610 Quapropter,
904 3539 936 3569 ¹¹
957 3545 1017 3595 et
1059 3540 1282 3611 junctis
1319 3540 1607 3605 manibus,
1653 3546 1818 3594 tuam
1854 3540 2302 3610 generositatem
2354 3557 2473 3603 orn,

440 3789 453 3819 ¹
479 3790 644 3838 merito
664 3789 719 3838 in
733 3788 821 3840 the
835 3789 1037 3853 printed
1058 3796 1206 3840 texte.
1531 3787 1697 3854 ‘salet'
1726 3788 1781 3837 in
1814 3788 1959 3853 orig„
1981 3789 2051 3853 by
2085 3788 2438 3839 inadvertence
2462 3808 2479 3850 ς

438 3869 459 3898 ⁸
482 3868 727 3932 Supplied
776 3868 908 3919 stom
952 3868 1088 3919 Bibl.
1134 3870 1259 3936 Beg.
1311 3875 1371 3920 13
1469 3870 1728 3920 corrected
1748 3868 1881 3919 from
1901 3868 1989 3918 the
2012 3868 2213 3932 printed
2234 3875 2384 3918 texts.

375 3947 435 3998 Ε.
459 3947 531 3997 ix.
556 3949 658 3997 and
678 3948 766 3998 the
787 3948 987 4012 printed
1009 3954 1157 3999 texts.
1537 3951 1555 3978 ⁷
1579 3949 1785 4015 effi-enee
1806 3948 1861 3997 in
1886 3948 1971 3998 the
1992 3948 2192 4012 printed
2214 3954 2363 3998 texts.

437 4029 457 4057 ³
481 4028 705 4078 Omitted
718 4028 771 4078 in
787 4028 914 4094 orig.
943 4049 957 4088 ς
994 4028 1220 4093 supplied
1243 4029 1373 4079 from
1537 4030 1557 4058 ⁸
1580 4029 1905 4093 Apparently
1974 4035 2140 4093 nepote
2198 4027 2254 4076 in
2322 4028 2470 4093 orig.;

373 4108 460 4157 the
475 4108 679 4172 printed
699 4115 847 4159 texts.
915 4109 1026 4159 The
1048 4124 1189 4159 error
1220 4110 1376 4159 arises
1470 4109 1726 4159 corrected
1748 4108 1878 4157 from
1910 4107 2048 4157 Bibl.
2074 4108 2203 4172 Reg.
2233 4113 2290 4157 13
2314 4108 2375 4158 E.
2399 4108 2472 4158 ix.

370 4187 618 4251 probably
629 4188 759 4238 from
767 4188 854 4238 the
863 4188 1166 4238 mascriber
1178 4189 1376 4254 finding
1470 4188 1583 4239 The
1597 4188 1824 4253 reading,
1843 4186 2038 4237 instead
2053 4188 2113 4237 of
2128 4187 2230 4237 this
2245 4189 2401 4249 word,
2421 4187 2477 4236 in

369 4270 483 4319 ηιοῖ
506 4268 743 4330 viryinum
763 4266 818 4315 in
833 4267 969 4317 Bibl.
986 4267 1113 4331 Reg.
1137 4272 1197 4316 13
1213 4268 1272 4318 E.
1286 4267 1376 4331 ix„
1471 4267 1557 4316 the
1578 4266 1781 4332 printed
1802 4274 1956 4329 texts,
1978 4265 2025 4315 is
2048 4265 2311 4315 indomitos.

369 4350 473 4399 and
504 4346 782 4410 mimking
813 4346 901 4397 the
933 4344 1173 4409 meaning
1204 4346 1266 4395 of
1288 4346 1374 4395 the
1535 4344 1708 4394 ’vobis
1738 4344 1793 4392 in
1846 4344 1972 4408 orig.
2013 4346 2116 4394 and
2146 4344 2232 4394 the
2272 4344 2477 4409 printed

369 4430 479 4480 first
498 4430 653 4479 word.
1467 4430 1617 4475 texts.
1710 4423 1978 4475 Corrected
2015 4422 2147 4473 from
2174 4421 2308 4473 Bibl.
2346 4424 2476 4488 Reg.

432 4510 452 4540 ⁴
475 4507 719 4573 Supplied
739 4507 871 4557 stom
899 4504 1032 4555 Bibl.
1065 4505 1191 4568 Reg.
1220 4507 1279 4553 13
1309 4504 1370 4554 Ε.
1473 4509 1531 4553 13
1555 4505 1615 4554 Ε.
1635 4503 1710 4554 ix.

365 4588 437 4640 ix.
459 4608 474 4649 ς
502 4587 713 4639 omitted
733 4587 790 4635 in
812 4584 900 4636 the
915 4584 1116 4648 printed
1137 4590 1288 4633 texts.
1536 4583 1572 4613 ¹⁰
1593 4589 1649 4631 ut
1670 4582 1880 4633 omitted
1898 4581 1955 4632 iu
1977 4581 2064 4633 the
2084 4581 2284 4646 printed
2305 4587 2456 4632 texts.

434 4669 453 4697 ⁸
469 4667 596 4718 This
628 4680 838 4732 passage
871 4678 1030 4716 seems
1055 4669 1109 4713 to
1122 4663 1185 4713 be
1205 4663 1368 4714 desbe-
1532 4663 1566 4693 ¹¹
1590 4664 1858 4729 conjunctis
1872 4662 2092 4713 manibus
2106 4663 2161 4712 in
2180 4661 2265 4713 the
2282 4661 2483 4726 printed

370 4747 489 4798 tire.
1465 4749 1616 4794 texte.

1979 4829 2211 4889 1>1>2
