3300 5617
843 748 972 810 444
1516 758 1777 809 ‘mmm
1823 756 2292 809 wammam

498 953 635 1007 A.D.
669 959 809 1004 1380.
835 944 1160 1017 depraedari
1195 943 1491 1017 propriam
1527 945 1540 976 ¹
1568 943 1631 999 in
1667 960 1912 1016 egressu
1949 960 2074 1010 suo,
2101 962 2218 1000 non
2252 942 2693 1001 maledictiones
2730 962 2929 1018 paupe-
2948 965 3033 1019 MS,
3048 972 3121 1027 ΒΕ

833 1048 966 1084 rum
1019 1029 1342 1085 incolarum
1381 1028 1610 1100 plebem
1647 1029 1724 1084 ad
1772 1027 1984 1101 proelia
2028 1046 2436 1100 processuram
2468 1035 2491 1065 ²
2507 1029 2779 1086 siverunt
2810 1048 2928 1100 pro-
2948 1032 3040 1098 Rq,
3059 1045 3092 1089 12

831 1114 1065 1178 mereri,
1105 1113 1209 1169 sed
1243 1113 1439 1184 potius
1488 1112 1772 1184 quicquid
1817 1114 2097 1179 favorem,
2149 1114 2423 1184 gratiam,
2473 1113 2928 1170 benevolentiam
2948 1098 2993 1150 f-
3010 1102 3057 1154 ¹²

830 1199 1011 1254 totius
1045 1197 1247 1270 populi
1296 1196 1572 1252 invitaret
1605 1195 1667 1251 in
1702 1202 1879 1261 terra,
1924 1203 2237 1269 antequam
2272 1196 2728 1269 ingrederentur
2762 1201 2927 1254 maris

831 1283 967 1347 alta,
1009 1299 1186 1354 agere
1237 1280 1603 1337 studuerunt.
1704 1280 1777 1335 In
1831 1279 2082 1337 Francia
2139 1299 2371 1354 quoque
2431 1282 2758 1347 constituti,
2807 1300 2927 1338 cum

830 1383 978 1438 pene
1024 1382 1129 1437 per
1175 1370 1365 1421 totum
1413 1382 1664 1437 regnum
1717 1363 1980 1420 Franciae
2030 1365 2163 1437 ipsi,
2208 1366 2410 1422 invitis
2449 1365 2719 1431 Gallicis,
2768 1365 2925 1422 illaesi

830 1450 1193 1514 transissent,
1238 1449 1383 1504 adeo
1419 1453 1488 1503 ut
1538 1447 1768 1502 nullum
1805 1464 1838 1502 e
1875 1449 1998 1503 suis
2035 1466 2143 1520 per
2175 1454 2364 1506 totum
2412 1449 2564 1504 illud
2597 1449 2718 1506 iter
2751 1450 2925 1522 perdi-

832 1533 1062 1598 derunt,
1100 1533 1164 1588 in
1197 1538 1362 1588 tanta
1405 1532 1686 1588 felicitate
1735 1531 2069 1588 nullatenus
2123 1533 2292 1590 obliti
2340 1539 2479 1589 sunt
2512 1533 2625 1589 Dei
2679 1534 2791 1599 sui,
2832 1536 2923 1591 sed

832 1618 986 1688 Regi
1024 1623 1086 1673 et
1118 1616 1477 1689 proceribus,
1505 1622 1566 1672 et
1600 1616 1870 1672 omnibus
1893 1616 2194 1688 religiosis
2228 1618 2485 1690 Anglioe,
2523 1636 2734 1690 preces
2768 1619 2922 1675 devo·

832 1701 1093 1758 tissimas
1142 1700 1477 1756 litteraliter
1526 1700 1810 1766 direxere,
1850 1706 1920 1757 ut
1967 1702 2257 1758 orationes
2310 1702 2672 1768 continuare,
2714 1720 2923 1774 proces·

837 1787 1029 1842 sioues
1064 1802 1174 1857 pro
1209 1784 1433 1840 eisdem
1467 1783 1681 1849 facere,
1726 1790 1788 1839 et
1821 1784 1939 1839 alia
1972 1784 2210 1856 pietatis
2258 1802 2438 1857 opera
2472 1802 2769 1851 exercere,
2804 1785 2919 1858 dig-

496 1873 640 1923 Final
652 1874 813 1937 safety
835 1876 1133 1926 narentur.
1226 1868 1492 1939 Contigit
1525 1885 1688 1940 ergo,
1726 1874 1796 1924 ut
1829 1868 1990 1925 felici
2028 1869 2161 1933 fine,
2199 1871 2570 1942 'quanquam
2604 1872 2669 1925 in
2708 1872 2921 1942 propria

497 1940 559 1989 ⁰f
572 1939 657 2018 ²3¹?
679 1954 768 1990 0¹·
835 1955 1094 2027 regione,
1123 1954 1390 2026 quamvis
1422 1953 1486 2008 in
1512 1960 1674 2008 terra
1698 1952 1919 2018 hostili,
1947 1953 2192 2009 insidias
2214 1959 2571 2026 paterentur,
2596 1954 2919 2011 benedictus

497 2008 734 2072 pedm‘m'
836 2039 1018 2104 Deus,
1046 2038 1142 2095 cui
1165 2038 1396 2111 placere
1437 2036 1809 2108 comprobata
1843 2043 1982 2092 sunt
2015 2038 2276 2109 ipsorum
2312 2055 2506 2110 opera,
2546 2044 2764 2094 cuncta
2804 2057 2917 2094 cou-

837 2123 1032 2190 clusit,
1060 2128 1122 2179 et
1148 2122 1224 2177 ad
1254 2120 1492 2194 propria
1526 2136 1663 2176 cum
1705 2120 1911 2185 salute,
1963 2138 2097 2176 cum
2125 2121 2360 2186 honore,
2402 2122 2658 2194 gratiose
2688 2120 2914 2177 reduxit.

496 2236 734 2288 lumem,
908 2208 988 2263 Et
1036 2207 1276 2279 quidem
1325 2206 1441 2261 fuit
1488 2204 1750 2276 ipsorum
1787 2205 2050 2275 gratiosa
2082 2206 2398 2276 regressiO,
2439 2207 2542 2277 qui
2577 2205 2685 2261 ubi
2722 2207 2917 2261 amicos

498 2303 633 2369 aoely
655 2319 723 2353 on
838 2292 1128 2364 reperisse
1162 2290 1333 2345 initio
1367 2294 1667 2361 putavere,
1706 2289 1904 2344 hostes
1955 2288 2294 2355 familiares,
2334 2289 2606 2345 Britones
2640 2288 2914 2354 videlicet,

498 2369 629 2420 their
650 2369 774 2419 arri·
838 2380 1202 2449 repererunt.
1278 2373 1419 2446 Ipse
1454 2373 1674 2428 etenim
1710 2371 1846 2426 Dux
1881 2372 2224 2438 Britannioe,
2263 2390 2372 2445 pro
2407 2373 2579 2446 cujus
2615 2391 2828 2437 amore,
2862 2383 2919 2430 ut

497 2436 726 2552 gath}
836 2459 1247 2534 praemisimus,
1286 2456 1507 2529 Anglia
1540 2462 1630 2512 tot
1663 2456 1925 2512 valentes
1972 2457 2173 2512 amisit
2224 2463 2287 2514 et
2336 2457 2593 2523 nobiles3
2655 2475 2765 2530 pro
2799 2476 2916 2529 quo,

496 2518 747 2635 Boetssgne
837 2544 957 2601 illis
1016 2542 1285 2599 omnibus
1344 2558 1460 2596 non
1531 2539 1916 2604 obstantibus,
1980 2539 2083 2596 isti
2158 2545 2282 2596 tam
2340 2541 2669 2613 periculosa
2730 2542 2919 2596 itinera

497 2636 637 2687 takes
657 2651 791 2686 mea-
837 2627 1215 2692 transierunt,
1253 2630 1322 2681 ut
1357 2641 1526 2696 opem
1562 2623 1787 2678 ferrent
1822 2623 2050 2689 eidem3
2092 2624 2155 2679 in
2190 2624 2454 2695 ipsorum
2488 2624 2765 2688 adventu,
2801 2643 2915 2679 mox

495 2718 634 2753 Sum
654 2703 734 2752 sor
835 2718 905 2768 ut
938 2710 1014 2766 ad
1063 2726 1199 2766 eum
1247 2722 1583 2780 pervenere,
1637 2705 1928 2778 colloquio
1979 2724 2114 2762 cum
2166 2706 2287 2763 illis
2338 2707 2556 2772 habito,
2610 2707 2684 2762 de
2736 2724 2913 2762 eorum

497 2770 581 2820 ὼε
604 2771 777 2834 ἀεμῗ·
835 2813 1091 2860 recessu,
1129 2810 1245 2849 non
1280 2792 1353 2847 de
1387 2808 1569 2854 mora,
1607 2795 1860 2846 tractare
1908 2792 2154 2847 curavit.
2248 2791 2434 2862 Cujus
2486 2793 2913 2847 inconstantiam

493 2837 728 2970 ²1¹3}ssss
834 2881 950 2954 ipsi
979 2884 1174 2934 mente
1196 2877 1498 2939 librantes,
1526 2880 1587 2930 et
1619 2874 1885 2947 pericula
1922 2892 2053 2946 quae
2094 2875 2181 2930 eis
2221 2876 2576 2948 parabantur
2614 2876 2914 2948 Praevidffl·

834 2969 944 3028 tes,
989 2964 1147 3032 (nam
1177 2978 1284 3033 per
1325 2965 1515 3015 certos
1551 2958 1712 3013 viros
1750 2959 1935 3030 partis
1972 2957 2252 3023 adversm,
2294 2960 2398 3030 qui
2439 2958 2676 3015 eosdem
2718 2959 2912 3014 ‘nimio

833 3047 1160 3119 diligebant
1189 3061 1405 3109 amore,
1443 3043 1799 3115 praemuniti,
1838 3043 1955 3097 nisi
1979 3043 2229 3108 cautius,
2259 3048 2321 3099 et
2358 3043 2557 3108 citius,
2591 3048 2768 3114 atque
2796 3043 2913 3098 sub-

832 3131 1017 3195 tilius,
1069 3129 1184 3184 sibi
1228 3127 1620 3200 providerent,
1674 3126 1829 3197 quod
1888 3125 2168 3191 universi,
2230 3126 2559 3197 proditione
2618 3127 2907 3190 mediante,

832 3214 928 3270 vel
972 3212 1299 3276 interirent,
1338 3210 1436 3268 vel
1474 3209 1683 3265 saltem
1719 3212 1740 3241 ⁸
1754 3208 1879 3265 vivi
1915 3209 2182 3265 hostibus
2219 3207 2631 3279 traderentur),
2669 3210 2909 3265 oblatum

832 3299 905 3355 ab
953 3298 1158 3353 eodem
1204 3296 1369 3352 Duce
1418 3311 1627 3349 aurum
1675 3311 1790 3348 non
1827 3292 2141 3359 modicum,
2183 3310 2255 3349 ea
2294 3293 2623 3350 conditione
2665 3299 2735 3350 ut
2771 3312 2909 3349 rece-

832 3384 1056 3447 derent,
1108 3383 1526 3452 susceperunt3
1589 3383 1651 3433 et
1698 3378 1799 3443 ita,
1851 3377 1977 3432 Dee
2039 3379 2271 3434 volente
2319 3384 2380 3434 et
2427 3395 2526 3434 eos
2575 3378 2779 3434 dextra
2819 3396 2910 3432 sua

830 3470 1192 3540 protegente,
1219 3463 1295 3519 ad
1332 3462 1571 3535 propria
1605 3468 1745 3517 sunt
1781 3461 2025 3527 reversi,
2054 3462 2180 3517 sine
2205 3479 2312 3518 suo
2333 3462 2429 3518 vel
2454 3480 2695 3518 suorum
2719 3462 2908 3517 damno

830 3550 925 3606 vel
966 3548 1223 3612 laesione,
1265 3552 1507 3618 excepto
1546 3545 1703 3615 quod
1740 3561 1921 3615 equos
1964 3562 2163 3600 omnes
2205 3545 2302 3601 vel
2339 3545 2402 3601 in
2438 3545 2587 3600 mari
2610 3545 2906 3607 redeund0‚

829 3635 926 3691 vel
949 3635 1014 3690 in
1035 3631 1362 3694 Britannia,
1389 3628 1806 3702 perdiderunt3
1850 3634 1911 3684 et
1926 3636 2143 3700 praeter
2165 3629 2334 3693 illud,
2363 3630 2520 3700 quod
2544 3629 2605 3684 in
2630 3629 2908 3685 obsidione

832 3736 1008 3791 quam
1068 3716 1258 3772 fecere
1317 3714 1541 3769 frustra
1598 3713 1758 3769 circa
1815 3712 2347 3769 Maumentensium
2406 3714 2726 3777 civitatem,
2786 3731 2907 3768 nou-

492 3826 576 3877 Sir
599 3826 758 3893 Hugh
827 3803 1024 3858 nullos
1077 3800 1340 3857 valentes
1400 3798 1693 3853 amisere:
1757 3797 1913 3853 inter
1966 3816 2133 3869 quos,
2194 3797 2626 3853 nobilissimum
2678 3797 2909 3852 militem

495 3892 673 3958 Tyrell
832 3887 1149 3943 Dominum
1185 3883 1502 3954 Hugonem
1537 3880 1759 3953 Tyrell,
1798 3880 2074 3937 viderunt
2106 3881 2325 3953 iniquis
2350 3881 2487 3936 fatis
2513 3881 2904 3944 succumbere3

490 3959 635 4011 ⁸¹5⁰·
833 3989 870 4027 a
905 3969 1156 4042 quodam
1189 3967 1491 4023 balistario
1525 3965 1840 4036 trajectum
1874 3965 1895 3993 ⁸
1911 3965 2044 4020 fuit.

901 4202 1155 4267 ¹inyressu
1207 4216 1294 4247 suo
1329 4198 1381 4247 iu
1428 4197 1554 4261 orig.
1593 4196 1697 4245 and
1739 4196 1826 4245 the
1928 4203 2076 4246 texts.
2146 4195 2416 4246 Corrected
2449 4194 2583 4244 from
2625 4194 2758 4244 Bibl.
2794 4194 2904 4257 Beg.

831 4282 1031 4347 printed
1048 4287 1198 4330 texts.
1255 4277 1524 4329 Corrected
1542 4275 1673 4324 stom
1690 4274 1823 4324 Bibl.
1934 4280 1992 4324 13
2014 4274 2075 4324 E.
2099 4272 2170 4324 ix.

831 4362 958 4426 Reg.
987 4365 1047 4410 13
1069 4359 1131 4409 Ε.
1155 4359 1228 4408 ix.
1992 4356 2012 4384 ⁸
2035 4354 2086 4403 οἱ
2118 4354 2174 4403 in
2197 4353 2282 4404 the
2304 4353 2505 4417 printed
2526 4358 2676 4403 texts.

896 4438 1205 4505 'sueruntin
1221 4436 1376 4502 orig-3
1423 4433 1681 4485 corrected
1696 4431 1825 4482 stom
1992 4436 2013 4464 ⁸
2033 4441 2200 4499 capnt,
2216 4433 2270 4482 in
2304 4432 2448 4497 place
2465 4432 2526 4481 of
2541 4432 2669 4496 sitit,
2699 4431 2753 4481 in
2786 4431 2899 4481 Bibl.

831 4521 918 4570 the
940 4519 1134 4583 printed
1158 4522 1308 4567 texts.
1928 4512 2053 4578 Reg.
2099 4518 2160 4562 13
2211 4512 2272 4562 Ε.
2314 4510 2411 4570 ix.;
2458 4511 2572 4575 suit
2621 4511 2720 4560 aud
2769 4516 2903 4576 eaput

895 4601 915 4629 ⁸
938 4596 1163 4649 Omitted
1183 4594 1236 4645 in
1257 4595 1342 4646 the
1359 4594 1560 4658 printed
1579 4600 1729 4643 texts.
1927 4591 2139 4643 omitted
2159 4591 2215 4641 in
2237 4589 2325 4641 the
2346 4589 2545 4654 printed
2566 4596 2715 4642 texts.

899 4680 916 4709 ⁸
940 4677 1075 4727 imno
1089 4674 1144 4725 iu
1158 4674 1285 4740 orig.
1308 4693 1323 4736 ς
1347 4675 1440 4723 imo
1455 4673 1508 4723 in
1530 4672 1618 4724 the
1628 4672 1829 4736 printed
