3300 5617
1116 827 1442 881 ms‘ronn
1470 826 1886 881 Ausucum.
2419 819 2552 884 363

468 1003 507 1030 “
539 1017 655 1056 11011
693 1000 868 1057 debet
901 1002 1358 1074 suppositionem
1394 1003 1560 1076 lapso
1597 1003 1672 1061 de
1716 1003 1984 1076 possibili
2018 1007 2182 1061 tanta
2223 1003 2553 1071 obstinatia,
2585 1011 2722 1065 ΑΒ.
2752 1020 2892 1070 1378.

467 1088 505 1112 “
546 1086 690 1155 quin
734 1086 1022 1141 medelam
1070 1088 1387 1158 superioris
1449 1089 1560 1153 sui,
1614 1089 1806 1160 quoad
1867 1088 2077 1155 Deum,
2103 1088 2407 1145 humiliter
2461 1106 2553 1143 ac·

466 1171 505 1197 “
535 1169 825 1240 ooptabit3
852 1169 1009 1225 unde
1032 1169 1383 1241 ¹practicam
1405 1171 1577 1233 istius
1603 1172 2004 1229 Conclusionis
2029 1172 2229 1227 multae
2255 1172 2557 1228 Chronicae

467 1254 505 1280 “
539 1257 905 1310 attestantur.
1024 1254 1202 1309 Absit
1265 1255 1338 1309 ab
1408 1254 1676 1311 Ecclesia
1738 1256 1960 1312 Clu-isti
2022 1256 2178 1327 quod
2247 1255 2555 1311 damnetur

466 1338 505 1364 “
537 1337 774 1401 veritas,
803 1338 944 1409 quia
973 1337 1127 1393 male
1153 1344 1320 1395 sonat
1349 1340 1752 1411 peccatoribus
1790 1340 1886 1395 vel
1927 1340 2150 1412 ignaris
2171 1362 2190 1410 3,
2234 1340 2375 1411 quia
2413 1345 2554 1396 tunc

466 1422 504 1447 “
541 1426 664 1477 tota
697 1421 842 1478 fides
887 1420 1206 1493 Scripturas
1248 1422 1400 1478 foret
1445 1423 1848 1480 damnabilis.”
2487 1488 2494 1505 .

532 1505 663 1560 Hoc
694 1506 897 1561 eodem
932 1505 1104 1561 modo
1137 1506 1296 1561 idem
1319 1507 1650 1578 versipellis
1682 1507 1722 1562 J
1722 1508 1976 1563 ohannes
2000 1507 2264 1580 Wyclyff
2290 1508 2555 1581 ponendo
2581 1507 2796 1573 Regrets
2818 1514 2879 1562 of

461 1589 823 1645 intellectum
868 1590 931 1645 in
991 1591 1115 1647 suis
1173 1591 1439 1648 nefandis
1474 1592 2000 1663 Propositionibus,
2053 1597 2122 1648 ut
2167 1592 2391 1649 dictum
2440 1598 2549 1655 est,
2582 1574 2667 1624 ²¹¹⁰
2691 1579 2859 1657 writer

462 1673 659 1728 favore
700 1679 760 1730 et
805 1673 1114 1745 diligentia
1150 1675 1659 1740 Londoniensium,
1699 1676 1915 1731 delusit
1939 1693 2076 1732 suos
2112 1677 2551 1741 examinatoreS,
2578 1643 2891 1773 233?th

462 1756 781 1828 Episcopus
821 1758 1046 1823 derisit,
1088 1764 1150 1815 et
1186 1759 1393 1816 evasit.
1471 1758 1613 1828 Qum
1651 1776 1870 1823 omnes,
1913 1759 1965 1813 si
2004 1759 2351 1831 simpliciter
2389 1777 2556 1832 cape-
2755 1749 2768 1762 ’

460 1846 664 1895 rentur
704 1841 1023 1896 secundum
1070 1843 1307 1899 modum
1367 1860 1483 1914 quo
1541 1843 1670 1913 ipse
1717 1843 1779 1897 in
1826 1843 2041 1899 scholis
2089 1849 2149 1900 et
2194 1844 2257 1899 in
2303 1842 2555 1916 publicis

461 1924 968 1995 praedicationibus
1015 1942 1114 1981 eas
1161 1926 1424 1998 protulit,
1485 1925 1822 1982 haereticam
1881 1926 2262 1997 proculdubio
2323 1926 2557 1999 sapiunt

460 2010 826 2079 pravitatem.
887 2008 1023 2063 Non
1047 2009 1203 2064 enim
1225 2010 1798 2065 circumlocutionem
1822 2010 2080 2081 aliquam
2104 2011 2189 2065 eis
2213 2011 2552 2074 immiscuit,

462 2092 690 2161 quando
737 2109 835 2147 eas
882 2092 1165 2149 laicorum
1211 2093 1450 2151 auribus
1498 2093 1825 2158 instillavit,
1878 2093 1982 2150 sed
2028 2092 2181 2148 nude
2229 2099 2290 2148 et
2336 2100 2552 2165 aperte,

460 2181 529 2230 ut
560 2176 1038 2248 praescribuntur,
1086 2194 1184 2231 eas
1227 2176 1456 2241 docuit3
1510 2183 1749 2247 captans
1788 2194 1892 2251 per
1928 2176 2072 2232 talia
2106 2177 2360 2247 gratiam
2383 2177 2557 2232 laico-

460 2278 611 2323 rum,
658 2259 759 2331 qui
797 2260 1046 2315 libenter
1088 2259 1334 2316 audiunt
1370 2277 1501 2332 quae
1538 2278 1815 2331 perversa
1852 2270 2005 2325 sunt,
2047 2261 2340 2332 praecipue
2363 2266 2558 2315 tamen

461 2344 532 2399 de
570 2343 837 2399 Ecclesia
873 2350 933 2400 et
972 2345 1236 2415 personis
1274 2344 1719 2409 ecclesiasticis3
1763 2350 1823 2400 et
1858 2344 2135 2398 libentius
2176 2344 2558 2415 impelluntur

460 2428 533 2484 ad
557 2428 767 2484 damna
787 2429 885 2484 vel
908 2428 1156 2500 injurias
1181 2429 1484 2484 inferenda
1508 2429 1804 2499 religiosis
1841 2434 1901 2484 et
1924 2427 2172 2491 clericis,
2201 2446 2336 2482 cum
2360 2428 2560 2499 aliqua

459 2513 858 2584 opportunitas
907 2531 970 2568 se
1017 2513 1333 2584 ingesserit
1379 2529 1509 2584 quae
1557 2512 1789 2568 omnino
1837 2516 1996 2567 extat
2031 2512 2116 2566 eis
2153 2511 2557 2570 desiderabilis

461 2603 521 2651 et
552 2596 769 2652 votiva.

528 2678 813 2750 Idemque
866 2685 1219 2737 memoratus
1270 2679 1593 2752 hypocrita,
1633 2696 1769 2735 cum
1804 2679 1877 2734 ab
1927 2678 2233 2750 Episcopis
2283 2679 2557 2734 mandata
2579 2690 2705 2740 New

461 2764 727 2834 cepisset,
754 2778 828 2817 ne
851 2761 1099 2817 ulterius
1128 2763 1190 2817 in
1215 2764 1430 2819 scholis
1469 2781 1575 2820 seu
1599 2762 1981 2827 sermonibuS,
2009 2768 2247 2834 propter
2272 2762 2554 2817 laicorum
2580 2756 2795 2835 Qonelu-

460 2846 814 2911 scandalum,
850 2844 997 2901 tales
1038 2842 1471 2918 Proposflziones
1508 2848 1924 2919 frequentaret,
1968 2851 2165 2917 spreto
2204 2846 2297 2901 sui
2334 2846 2552 2901 Metro·
2581 2838 2717 2874 ⁸¹⁰¹¹⁸
2741 2840 2853 2889 ΨΦ

460 2931 703 3002 politani
751 2936 1062 3002 praecepto,
1104 2930 1430 2987 obstinatus
1479 2937 1540 2987 et
1585 2931 1940 2995 inobediens,
1992 2929 2137 2985 alias
2184 2947 2365 2984 novas
2406 2928 2553 2985 Gon·
2579 2894 2870 3024 ἷζαᾷἷξὲἰε

459 3015 747 3070 clusiones
783 3031 995 3087 ponere
1031 3032 1148 3071 11011
1185 3015 1401 3083 omisit,
1428 3014 1572 3071 adeo
1607 3014 1760 3069 male
1789 3015 1886 3071 vel
1909 3012 2078 3085 pejus
2117 3030 2293 3084 quam
2329 3013 2554 3084 priores

460 3104 747 3163 sonantes,
775 3104 845 3153 ut
877 3103 1040 3170 patet
1056 3120 1147 3153 :—

531 3183 581 3236 1.
626 3184 664 3209 ‘⁶
686 3180 1025 3237 Dominium
1061 3180 1234 3235 civile
1271 3180 1291 3209 ²
1312 3179 1453 3253 [est]
1493 3181 1817 3237 dominium
1851 3181 2323 3253 proprietarium,
2361 3185 2555 3237 actum

464 3268 502 3294 ‘³
538 3266 780 3322 viatoris
817 3282 993 3337 super
1028 3265 1194 3320 bonis
1231 3265 1400 3336 plene
1438 3266 1756 3321 secundum
1793 3264 1955 3335 leges
1991 3265 2290 3321 humanas.

528 3349 581 3404 2.
627 3353 663 3377 “
683 3349 819 3405 Non
854 3355 973 3405 stat
1006 3365 1153 3420 pure
1188 3349 1469 3404 clericum
1504 3349 1725 3420 absque
1766 3348 2002 3403 mortali
2038 3356 2276 3420 peccato
2300 3349 2556 3405 civiliter

464 3437 501 3463 “
540 3434 860 3499 dominari;
884 3433 1055 3490 '’—et
1077 3433 1363 3503 intelligit
1384 3450 1491 3504 per
1518 3435 1556 3461 “
1574 3450 1721 3504 pure
1745 3432 2052 3497 clericos,”
2080 3433 2320 3504 Papam,
2352 3433 2553 3489 Cardi-

460 3517 640 3582 naleS,
681 3517 1020 3590 Episcopos,
1062 3516 1369 3579 Diaconos,
1410 3522 1471 3572 et
1505 3516 1649 3573 alios
1689 3517 2037 3573 sacerdotes.

530 3602 582 3657 3.
627 3604 664 3629 “
681 3602 844 3672 Papa
888 3619 1003 3656 non
1062 3605 1255 3671 potest
1316 3600 1651 3672 dispensare
1712 3606 1914 3656 contra
1971 3600 2339 3672 Apostolum,
2404 3601 2558 3656 sicut

463 3688 501 3713 “
538 3703 645 3742 nec
686 3703 821 3742 cum
852 3690 873 3720 ⁸
890 3683 1088 3758 [pure]
1132 3684 1362 3749 clericO,
1407 3690 1476 3740 ut
1516 3684 1730 3740 habeat
1766 3684 2021 3741 civiliter
2055 3684 2375 3756 proprium.

526 3771 580 3825 4.
625 3772 663 3798 “
684 3770 1023 3825 Dominium
1046 3769 1238 3835 civile,
1278 3768 1603 3825 formaliter
1638 3768 1880 3835 dictum,
1909 3770 2065 3840 sapit
2086 3768 2554 3840 inseparabiliter

461 3858 500 3882 “
536 3860 857 3927 peccatum,

526 3937 580 3994 5.
624 3941 664 3965 “
682 3939 868 3994 Actus
906 3937 1100 3994 civilis
1137 3942 1229 3993 est
1264 3943 1428 3993 actus
1466 3936 1767 3993 rationalis
1806 3941 2107 4003 creaturae,
2135 3937 2324 3993 factus
2348 3954 2547 3992 secun-

464 4024 501 4049 “
542 4022 686 4077 dum
710 4021 905 4093 legem
928 4021 1258 4077 humanam.

528 4106 580 4161 6.
625 4108 663 4133 ‘⁸
683 4105 851 4161 Sicut
887 4104 1047 4160 Deus
1084 4122 1200 4161 non
1239 4109 1432 4176 potest
1472 4120 1741 4161 exercere
1783 4109 1948 4161 actus
1988 4104 2209 4169 civiles,
2250 4120 2357 4159 nec
2380 4105 2550 4160 homo

461 4194 498 4219 “
536 4191 599 4246 in
623 4195 780 4247 statu
819 4188 1181 4256 innocentiae,
1222 4189 1308 4245 sic
1340 4189 1617 4245 illicitum
1653 4195 1744 4247 est
1782 4190 1957 4246 alicui
1981 4207 2127 4260 pure
2150 4189 2363 4245 clerico
2385 4196 2549 4246 actus

462 4278 499 4303 “
539 4274 743 4331 civiles
780 4273 1040 4344 ⁴aliquos
1076 4290 1365 4330 exercere.

525 4359 579 4413 7.
624 4360 663 4386 “
684 4356 1080 4430 Quodcunque
1129 4356 1445 4428 collegium
1495 4355 1842 4411 clericorum
1898 4355 2054 4427 quod
2102 4354 2362 4428 adquirit
2399 4359 2549 4415 bona

526 4616 538 4645 ¹
556 4615 786 4681 practica
808 4613 863 4662 in
886 4614 972 4664 the
993 4612 1194 4677 printed
1213 4618 1364 4663 texts.
1618 4610 1637 4639 ⁸
1655 4608 1895 4672 Supplied
1918 4609 2049 4659 from
2074 4609 2211 4661 Bibl.
2237 4611 2365 4676 Reg.
2399 4618 2458 4662 13
2483 4613 2544 4662 Ε.

523 4695 543 4724 ²
565 4692 807 4757 Supplied
829 4692 958 4741 from
978 4690 1113 4741 Bibl.
1136 4690 1264 4754 Reg.
1292 4694 1353 4739 18
1388 4687 1447 4738 Ε.
1550 4687 1645 4738 ix.:
1674 4688 1883 4739 omitted
1904 4688 1961 4738 in
1976 4689 2064 4740 the
2097 4691 2300 4754 printed
2317 4698 2464 4743 texts.

460 4772 563 4824 ix.:
599 4771 809 4823 omitted
842 4770 898 4822 in
918 4770 1005 4823 the
1026 4769 1223 4834 printed
1238 4774 1383 4820 texts
1615 4769 1634 4799 ⁴
1658 4767 1882 4821 Omitted
1901 4768 1958 4820 in
1973 4768 2060 4822 the
2081 4768 2275 4833 printed
2297 4775 2443 4822 texts.
