3300 5617
156 983 436 1104 ms

1145 801 1474 854 meroem
1502 803 1926 860 mancam.
2492 800 2578 863 45

433 1023 450 1040 ι
560 991 785 1048 Eodem
834 1009 999 1057 anne,
1054 992 1210 1049 circa
1256 995 1473 1051 festum
1526 993 1724 1054 Sancti
1759 995 2086 1061 Michaelis,
2124 995 2420 1061 Alienora,
2470 997 2592 1053 filia
2701 1011 2841 1066 AJ),

488 1074 676 1147 Regis
710 1076 963 1147 Angliae,
1015 1076 1171 1148 apud
1207 1076 1589 1136 ¹Bristollum
1624 1082 1883 1138 Henrico
1908 1082 2123 1138 Comiti
2160 1081 2435 1135 Bari-ensi
2471 1087 2587 1135 tra-
2619 1081 2923 1130 1293-1294.

489 1158 652 1215 ditur
687 1161 748 1215 in
782 1178 1058 1226 uxorem3
1110 1160 1183 1215 de
1235 1180 1351 1233 qua
1398 1164 1584 1219 filium
1621 1168 1827 1236 genuit
1873 1163 2242 1228 Edwardum,
2298 1170 2358 1219 et
2408 1163 2588 1219 filiam
2612 1167 2867 1234 Mart-inge

488 1262 667 1315 quam
716 1245 756 1301 J
758 1247 1010 1303 ohannes
1048 1245 1120 1301 de
1155 1244 1497 1314 ⁹Warenna‚
1544 1248 1816 1322 Surreyae
1858 1256 1917 1307 et
1960 1248 2296 1306 Southexiae
2352 1247 2582 1313 comes,
2613 1234 2925 1354 ffifflgf3⁸

489 1328 674 1386 duxit.
1538 1323 1547 1334 ’

561 1414 797 1470 Transit
843 1433 1029 1471 annus
1072 1416 1184 1471 iste
1232 1433 1340 1471 nec
1389 1416 1536 1472 uber
1572 1418 1813 1489 frugum
1847 1435 1954 1474 nec
2002 1418 2215 1473 fertilis
2251 1417 2581 1482 fructuum3
2611 1366 2869 1490 ggffi’de

486 1497 843 1554 Not-mannis
879 1500 1112 1566 flebilis,
1171 1501 1311 1572 quia
1353 1502 1509 1572 quod
1543 1503 1738 1558 carius
1781 1503 2125 1567 dilexerunt,
2166 1520 2270 1574 per
2304 1501 2586 1572 Anglicos
2609 1500 2726 1556 Bar.

488 1584 845 1650 amiserunt;
885 1584 1125 1641 Francis
1162 1593 1224 1642 et
1254 1585 1526 1656 Anglicis
1567 1586 1874 1642 discordiae
1908 1586 2292 1652 inchoativae,
2332 1592 2393 1642 et
2426 1586 2585 1642 dam-

484 1685 697 1724 norum
730 1669 1274 1741 irrecuperabilium
1315 1670 1668 1727 causativus.

558 1753 727 1809 Anno
762 1754 970 1826 gratim
1006 1754 1319 1810 millesimo
1372 1754 1771 1811 ducentesimo
1806 1756 2185 1827 nonagesimo
2222 1756 2442 1827 quinto,
2484 1757 2586 1827 qui
2612 1747 2854 1826 Ῑξῖθεθῒῖῡ·

488 1846 582 1895 est
614 1855 798 1895 annus
847 1840 1017 1911 regni
1069 1839 1255 1911 Regis
1308 1839 1599 1906 Edwardi,
1641 1859 1679 1896 a
1726 1840 2079 1913 Conquoestu
2131 1840 2339 1906 Primi,
2378 1842 2585 1897 vicesi·
2610 1815 2869 1946 gg'a'zzsffi

485 1942 619 1980 mus
657 1924 964 1989 secundus,
1014 1923 1378 1989 Edmundus,
1431 1926 1614 1981 frater
1649 1925 1835 1996 Regis
1868 1924 2123 1997 Anglioe‚
2168 1943 2375 1982 versus
2424 1944 2585 1982 mare
2610 1956 2770 2000 ‘veen
2784 1950 2923 2019 nug,

448 2047 461 2060 .
486 2010 801 2081 profectus,
875 2026 982 2081 per
1034 2008 1293 2080 Reginas
1360 2009 1643 2075 Francioe‚
1701 2009 2046 2074 Johannam,
2109 2009 2296 2082 Regis
2355 2029 2583 2066 consor·
2612 2016 2732 2065 land
2754 2020 2853 2069 and

416 2113 429 2127 ·
482 2099 625 2158 tem,
689 2099 751 2149 et
805 2092 1074 2158 Mariam,
1137 2092 1402 2163 ejusdem
1459 2110 1787 2158 novercam,
1851 2099 1921 2149 ut
1972 2110 2107 2149 cum
2157 2094 2379 2150 eisdem
2425 2095 2586 2166 pacis
2611 2082 2822 2136 Εἴπω·

485 2183 801 2234 &actatum
853 2182 1131 2241 resumat,
1172 2176 1443 2233 celeriter
1481 2185 1807 2233 revocatur.
1883 2177 2152 2250 Denique
2194 2178 2586 2234 mediantibus

487 2263 751 2335 Reginis,
804 2269 937 2336 post
981 2263 1237 2335 plurima
1270 2263 1639 2334 interloquia,
1692 2263 1754 2318 in
1790 2264 1979 2319 forma
2012 2264 2343 2336 subscripta
2393 2265 2589 2320 extitit

485 2348 913 2404 concordatum.
941 2376 1015 2386 —
1036 2346 1121 2403 Ut
1176 2352 1415 2420 propter
1471 2347 1753 2402 honorem
1815 2347 2001 2419 Regis
2056 2348 2431 2413 Francorum,
2489 2350 2585 2405 eui

482 2450 591 2504 per
658 2433 957 2488 ministros
1024 2431 1305 2487 custodiae
1362 2431 1685 2487 Wasconiae
1752 2430 2077 2503 deputatos,
2152 2438 2220 2489 ut
2276 2433 2587 2489 videbatur

481 2516 797 2581 nonnullis,
870 2517 935 2571 in
992 2515 1260 2589 pluribus
1330 2517 1526 2572 fuerat
1594 2516 1959 2586 derogatum,
2018 2535 2116 2573 sex
2166 2523 2376 2584 castra,
2421 2518 2583 2574 vidc-

482 2599 640 2666 licet,
694 2599 1029 2665 Sanctonas,
1068 2599 1449 2664 ”Galemund,
1501 2599 1826 2665 ⁴Tourn3n,
1901 2599 2190 2667 Pomerel,
2257 2602 2473 2668 Penne,
2526 2610 2586 2659 et

483 2684 1013 2750 Mountflaunkene,
1087 2684 1374 2740 voluntati
1451 2683 1636 2756 Regis
1685 2684 1949 2740 Franciae
2020 2685 2387 2742 dederentur.
2511 2687 2586 2742 In

484 2769 751 2824 omnibus
822 2786 963 2825 vero
1036 2768 1371 2825 civitatibus
1453 2774 1514 2825 et
1586 2770 1796 2826 castris
1869 2769 2052 2826 totius
2130 2769 2412 2836 Ducatus,
2486 2789 2581 2826 ex-

483 2854 668 2926 ceptis
718 2853 1095 2924 Burdegalia,
1147 2852 1387 2919 Baiona,
1428 2861 1489 2909 et
1538 2853 1789 2925 Regula,
1842 2872 1995 2910 unus
2049 2855 2309 2910 serviens
2345 2856 2581 2911 nomine

483 2937 668 3009 Regis
720 2938 985 2994 Francius
1033 2942 1362 3009 poneretur.
1459 2937 1549 2994 De
1588 2938 1876 3016 ministris
1925 2955 2156 3010 quoque
2205 2956 2313 3011 per
2356 2939 2582 3010 Regem

482 3023 716 3093 Angliae
768 3022 831 3078 in
881 3020 1192 3077 Wasconia
1237 3021 1464 3093 positis,
1518 3022 1768 3093 aliisque
1821 3039 1928 3094 per
1978 3027 2161 3078 totam
2201 3028 2437 3087 terram,
2474 3039 2582 3094 pro

485 3107 658 3163 libitu
693 3105 878 3178 Regis
915 3106 1273 3162 Francorum
1310 3106 1540 3161 obsides
1586 3106 1972 3162 traderentur.
2048 3104 2274 3175 Quibus
2308 3108 2578 3177 peractis,

485 3192 608 3248 Rex
629 3190 651 3223 ⁸
668 3189 930 3246 Francia>
963 3191 1317 3255 citationem,
1346 3191 1408 3245 in
1437 3189 1596 3246 Aula
1616 3191 1936 3245 Parisiensi
1971 3189 2347 3261 publicatam,
2366 3190 2583 3246 faceret

483 3275 761 3331 revocari.
838 3274 1047 3330 Castra
1078 3291 1220 3329 vero
1256 3274 1466 3339 omnia,
1502 3274 1712 3329 amotis
1737 3273 2125 3329 servientibus
2161 3273 2223 3328 in
2246 3274 2581 3330 civitatibus

483 3359 690 3430 positis
741 3364 803 3414 et
854 3359 1084 3422 castris,
1130 3357 1499 3429 obsidesque,
1556 3356 1631 3412 ad
1665 3358 2009 3429 petitionem
2043 3357 2294 3412 duarum
2330 3357 2582 3429 Regina-

483 3461 632 3507 mm,
675 3442 769 3499 vel
806 3442 983 3497 unius
1019 3459 1239 3506 earum,
1266 3442 1606 3497 restitueret
1640 3441 1766 3496 sine
1800 3458 1982 3496 mora.
2056 3441 2298 3513 Rexque
2328 3440 2577 3512 Angliae,

484 3543 755 3582 concesso
791 3526 903 3581 sibi
941 3525 1104 3581 salvo
1139 3524 1445 3589 conductu,
1502 3524 1809 3581 Ambianis
1844 3525 2089 3590 veniret,
2131 3531 2199 3580 ut
2248 3523 2331 3580 ibi
2384 3524 2583 3580 habito

482 3616 685 3667 mutuo
734 3609 969 3681 Regum
1028 3610 1334 3681 colloquio,
1405 3627 1518 3681 pax
1574 3616 1634 3665 et
1692 3610 1952 3665 amicitia
2001 3608 2065 3664 in
2126 3614 2424 3681 posterum
2482 3610 2578 3665 fir-

482 3700 757 3751 maretur.
850 3695 1040 3766 Super
1089 3695 1206 3749 hiis
1260 3693 1539 3750 confectis
1591 3693 1847 3764 scriptis,
1902 3710 2104 3758 unum,
2157 3709 2263 3765 per
2323 3693 2579 3764 Reginae

482 3781 794 3850 signatum,
850 3778 1159 3833 Edmundo
1208 3777 1498 3844 traditur-3
1557 3777 1737 3841 aliud,
1778 3776 2076 3847 signatum
2125 3776 2200 3831 ab
2250 3776 2576 3842 EdmundO,

482 3863 916 3919 commendatur
949 3861 1212 3933 Reginis.
1301 3860 1465 3931 Quae,
1528 3862 1666 3917 data
1727 3860 1842 3916 fide
1901 3861 1964 3915 in
2016 3877 2192 3916 manu
2261 3860 2575 3928 Edmundi,

480 3950 875 4022 promiserunt
907 3952 1081 4020 pacta
1114 3947 1177 4003 in
1213 3948 1449 4020 scriptis
1485 3947 1634 4003 inita
1666 3946 1998 4003 nullatenus
2032 3946 2322 4004 violanda.

553 4032 922 4089 certificatus
982 4050 1159 4104 super
1203 4032 1321 4088 hiis
1382 4031 1507 4088 Rex
1557 4030 1814 4102 Angliae,
1853 4050 1960 4103 per
2006 4048 2351 4102 germanum
2404 4051 2581 4088 suum

482 4116 739 4172 litteram
782 4133 963 4171 unam
1009 4119 1322 4188 patentem,
1365 4114 1649 4170 directam
1698 4115 1966 4171 omnibus
2015 4114 2305 4171 ministris
2357 4116 2481 4171 suis
2518 4117 2581 4171 in

482 4198 806 4265 Wasconia,
846 4201 1237 4255 continentem
1270 4199 1609 4255 mandatum
1644 4204 1714 4255 ut
1747 4199 1810 4254 in
1857 4198 2125 4255 omnibus
2161 4198 2347 4271 Regis
2396 4199 2578 4256 Fran-

484 4300 681 4340 corum
703 4283 1107 4356 obtemperent
1126 4284 1431 4350 voluntati,
1458 4283 1787 4341 transmisit
1810 4300 2089 4355 germano
2112 4302 2253 4352 suo;
2292 4301 2398 4357 per
2422 4302 2577 4352 eum,

550 4579 565 4610 ¹
588 4573 889 4627 Brittaniam
909 4574 966 4625 in
987 4574 1074 4626 the
1094 4574 1294 4640 printed
1316 4578 1466 4626 texts.
1645 4577 1663 4606 ⁴
1690 4573 1856 4626 Toum
1877 4573 1934 4626 in
1954 4573 2040 4626 the
2060 4575 2259 4640 printed
2278 4584 2426 4629 texts.

548 4659 570 4688 ²
595 4656 865 4707 Warrena'a
898 4656 957 4706 in
975 4654 1064 4706 the
1085 4654 1286 4719 printed
1308 4660 1459 4705 texts.
1644 4657 1667 4686 ⁸
1683 4655 1868 4706 Added
1888 4653 1945 4703 in
1966 4668 1999 4705 a
2018 4654 2148 4706 later
2168 4655 2323 4708 hand.

550 4738 571 4768 ⁸
597 4733 864 4787 Telemus-d
900 4734 1054 4790 inthe
1074 4734 1274 4801 printed
1296 4739 1449 4788 texts.
