3300 5617
758 783 843 852 22
1407 799 1673 864 ,THOMAE
1719 799 2189 854 wALsmoHAM

429 990 731 1044 A.D.12s2.
825 984 996 1042 Anno
1043 988 1250 1058 gratim
1296 986 1610 1044 millesimo
1659 988 2056 1048 ducentesimo
2108 990 2466 1060 octogesimo
2515 995 2702 1056 terno,
2745 987 2849 1060 qui
2874 997 2990 1050 MS.
3011 995 3144 1048 Bibl.

757 1074 849 1208 ,οῗ
882 1088 1067 1126 annus
1102 1071 1270 1143 regni
1306 1070 1489 1168 Regis
1513 1071 1807 1168 Edwardi,
1846 1091 1883 1128 a
1917 1072 2272 1143 Oonquaestu
2318 1072 2525 1138 Primi,
2564 1073 2847 1136 decimus,
2874 1069 3086 1185 {egi-¹33

428 1230 675 1310 Τηῦίξὸθ·
757 1155 2395 1313 ³qzzlmRZrcunlguffgsergotrltuxiahcdazidsseffeoritgazzrggls·
2427 1156 2855 1300 &gaesa-zi
2877 1265 3168 1330 ffiffimger·

424 1308 636 1416 &34¹¹
757 1322 1159 1395 progrediens,
1208 1329 1278 1379 ut
1321 1323 1479 1379 viam
1510 1330 1746 1395 pararet
1786 1325 2089 1392 exercitui,
2141 1327 2299 1382 ultra
2324 1324 2506 1381 maris
2547 1324 2854 1384 brachium
2878 1333 2990 1384 MS.
3015 1333 3144 1383 BibL

424 1407 435 1413 ”
604 1404 616 1416 ”
761 1407 918 1478 quod
951 1407 1204 1463 insulam
1239 1408 1455 1464 dividit
1489 1426 1526 1463 a
1546 1409 1897 1474 continente,
1924 1409 2098 1480 juxta
2132 1409 2509 1482 Bangoriam,
2548 1409 2857 1468 constituit
2877 1404 3004 1480 Reg-
3034 1406 3092 1452 1³

760 1497 997 1562 pontem
1033 1492 1161 1547 fieri
1198 1509 1270 1547 ex
1302 1492 1553 1548 navibus
1588 1492 1844 1552 invicem
1878 1493 2192 1565 colligatis.
2875 1469 2936 1520 Ε·
2959 1484 3034 1520 ¹¹·

428 1566 578 1618 Peter
598 1567 660 1617 Of
833 1576 966 1631 Hoc
1035 1593 1185 1633 anno
1256 1576 1488 1642 Petrus,
1560 1576 1686 1632 Rex
1744 1575 2147 1649 'Arragonioe,
2221 1578 2536 1638 vendicans
2605 1595 2857 1650 regnum

429 1637 641 1751 332?
766 1660 986 1717 Sioiliae
1032 1661 1170 1733 jure
1218 1661 1590 1717 haereditario
1624 1662 1825 1718 uxoris
1862 1681 2003 1727 suoe,
2044 1663 2240 1720 subito
2281 1681 2417 1719 eum
2454 1662 2692 1734 navigio
2725 1679 2861 1733 reg-

429 1768 607 1833 Sicfly,
762 1764 905 1801 num
955 1746 1175 1801 Siciliae
1228 1746 1552 1817 ingressus,
1597 1746 1886 1802 Karolum
1944 1746 2171 1818 Regem
2230 1748 2454 1820 expulit
2511 1749 2586 1806 de
2635 1748 2860 1808 eodem,

763 1829 878 1899 Qui
913 1829 1303 1886 inFranciam
1329 1830 1585 1902 fugiens,
1624 1849 1662 1886 a
1695 1830 1880 1902 Rege,
1919 1838 2126 1903 nepote
2163 1850 2287 1896 suc,
2326 1850 2434 1904 pro
2466 1829 2864 1903 recuperando

763 1933 945 1987 regno
999 1915 1327 1972 subsidium
1377 1915 1733 1986 imploravit.
1807 1915 1970 1986 Papa
2016 1934 2157 1972 vero
2191 1916 2483 1974 Martinus
2517 1916 2582 1972 in
2617 1916 2863 1974 Petrum

762 1999 1127 2071 praedictum,
1180 1999 1278 2055 vel
1330 2017 1533 2056 omnes
1569 1999 1625 2054 ei
1662 2000 1943 2064 faventes,
1999 2001 2097 2056 vel
2148 2000 2344 2072 ipsum
2393 2000 2620 2072 Regem
2667 1999 2864 2072 appel-

429 2086 485 2136 Is
506 2103 707 2140 excom·
762 2084 971 2150 lantes,
1011 2083 1620 2141 excommunicationis
1666 2083 1809 2140 tulit
1846 2085 2227 2150 sententiam;
2266 2102 2450 2157 regno
2484 2084 2862 2156 “An-agoniae

427 2156 719 2270 ffunicaoed
767 2187 902 2224 eum
939 2169 1194 2241 privans,
1234 2174 1297 2225 et
1329 2168 1631 2225 conferens
1662 2168 1814 2224 illud
1837 2168 2077 2234 Karolo,
2113 2169 2234 2224 filio
2263 2169 2450 2240 Regis
2481 2169 2859 2226 Francorum.

428 2238 506 2339 Ρζ
519 2224 605 2274 ⁰²⁹
767 2254 980 2310 Petrus
1014 2272 1155 2310 vero
1190 2254 1263 2309 de
1298 2253 1316 2281 ⁴
1333 2252 1682 2324 Arragonia‚
1735 2253 1933 2309 missis
1969 2254 2045 2309 ad
2090 2252 2318 2325 Regem
2355 2254 2576 2310 Siciliae
2611 2254 2862 2320 nunciis,

506 2306 583 2356 μ’
766 2339 977 2410 petivit
1011 2346 1079 2395 ut
1112 2356 1247 2394 cum
1284 2338 1675 2409 quadraginta
1707 2343 1938 2394 tantum
1983 2338 2274 2395 militibus
2309 2339 2385 2395 ad
2428 2340 2605 2412 plana
2637 2339 2863 2396 Burde-

766 2424 958 2495 galiae,
998 2441 1218 2488 secum,
1257 2428 1346 2478 tot
1379 2428 1607 2480 tantum
1629 2423 1879 2478 habente
1904 2423 2144 2488 milites,
2187 2424 2593 2491 dimicaturus,
2635 2425 2865 2480 veniret

766 2509 842 2564 ad
877 2509 1032 2563 diem
1087 2515 1346 2574 certum3
1404 2510 1514 2564 sub
1566 2513 1729 2563 certa
1785 2526 1958 2579 poena
1999 2526 2062 2564 se
2104 2509 2178 2564 ad
2226 2510 2338 2565 hoc
2390 2509 2678 2580 obligans,
2721 2508 2862 2564 dum

767 2599 961 2649 tamen
997 2593 1254 2649 Karolus
1304 2592 1477 2648 modo
1497 2605 1592 2648 'se
1647 2592 1831 2648 simili
1884 2592 2210 2663 obligaretz
2262 2599 2324 2649 et
2357 2595 2455 2650 cui
2491 2595 2552 2650 in
2587 2594 2698 2649 hoc
2731 2611 2863 2649 con·

765 2677 929 2734 flictu
965 2678 1239 2734 cessisset
1278 2677 1541 2744 victoria,
1581 2677 1685 2731 ille
1722 2676 1848 2734 sine
1900 2678 2356 2734 contradictione
2405 2696 2590 2750 regno
2642 2677 2862 2734 Siciliae

762 2763 1066 2835 potiretur.

428 2871 674 2923 'rx-ansae,
834 2848 923 2902 Eo
974 2854 1237 2918 tempore
1290 2845 1611 2912 Gilbertns,
1666 2843 1876 2904 Oomes
1929 2845 2280 2913 Gloverniae,
2336 2865 2582 2920 magnas
2635 2846 2863 2920 praedas

428 2939 561 2989 tions
585 2939 639 2989 in
762 2931 1149 2989 wallensium
1184 2947 1321 2986 eum
1355 2930 1572 2986 militia
1620 2948 1729 2988 sua
1777 2931 1995 2986 faciens
2038 2931 2210 3003 juxta
2257 2931 2672 3003 Lantilowhyr,
2711 2932 2866 2988 facta

429 3007 615 3058 wales·
761 3017 929 3088 copia
973 3022 1189 3087 apertae,
1237 3033 1472 3087 pugnae,
1512 3033 1648 3071 cum
1683 3015 1904 3072 eisdem
1954 3015 2101 3070 duro
2147 3016 2357 3087 proelio
2396 3016 2716 3074 dimicavit.
2791 3017 2865 3071 In

763 3119 878 3173 quo
935 3100 1255 3172 peremptis
1302 3101 1507 3155 multis
1556 3099 1629 3154 de
1675 3105 1842 3170 parte
1888 3099 2295 3167 Wallensium,
2344 3101 2596 3172 ipsemet
2654 3101 2864 3157 Comes

763 3185 1023 3257 quinque
1075 3184 1296 3240 milites
1347 3184 1624 3256 perdidit,
1665 3183 1738 3238 de
1774 3200 2024 3254 quorum
2058 3202 2304 3240 numero
2351 3191 2480 3241 erat
2529 3184 2864 3240 willelmus

761 3268 1029 3324 Valentis
1093 3268 1314 3339 junior,
1380 3267 1847 3338 consanguineus
1908 3267 2092 3338 Regis
2151 3268 2405 3340 Angliae.
2516 3269 2865 3324 Discedente

762 3358 959 3408 autem
1007 3352 1235 3409 Comite
1285 3352 1634 3417 Glovernioe,
1673 3351 1955 3424 Princeps
1991 3352 2221 3408 Walliae
2269 3353 2513 3409 intravit
2557 3359 2746 3410 terras
2792 3352 2864 3408 de

763 3435 1060 3507 Cardigan
1109 3442 1169 3494 et
1224 3436 1546 3508 Stradewy,
1597 3435 2039 3508 devastavitque
2088 3442 2278 3492 terras
2328 3437 2471 3493 Resi
2519 3437 2627 3493 filii
2675 3437 2864 3494 Mere-

762 3520 917 3585 duci,
976 3520 1078 3592 qui
1130 3539 1266 3576 cum
1316 3522 1481 3592 Rege
1534 3526 1736 3576 contra
1794 3520 2127 3592 Principem
2177 3521 2367 3577 tenuit
2418 3522 2480 3575 in
2522 3522 2632 3577 hoo
2689 3521 2863 3578 bello.

762 3604 1121 3676 Progressus
1158 3605 1367 3661 deinde
1410 3605 1693 3676 Princeps
1729 3622 1937 3661 versus
1967 3611 2187 3662 terram
2211 3606 2283 3661 de
2321 3604 2568 3672 ‘Vueld,
2620 3623 2684 3661 se
2732 3623 2866 3661 cum

760 3689 963 3760 paucis
1011 3690 1086 3745 ab
1133 3689 1390 3746 exercitu
1449 3690 1680 3760 reliquo
1746 3689 2057 3760 separavit.
2124 3683 2263 3745 'Cui
2310 3707 2446 3745 cum
2504 3707 2614 3745 sua
2657 3689 2870 3745 militia

763 3774 1238 3844 supervenientes
1284 3774 1400 3830 viri
1445 3773 1671 3829 nobiles
1714 3773 1755 3828 J
1756 3773 2010 3832 ohannes
2060 3773 2286 3829 Giffard
2319 3780 2382 3830 et
2411 3773 2760 3829 Edmundus
2794 3773 2868 3829 de

430 3891 489 3943 Π
596 3897 613 3945 1
762 3857 997 3914 Mortuo
1038 3858 1212 3924 Mari,
1253 3858 1401 3913 nihil
1438 3865 1634 3914 tamen
1672 3858 2036 3930 suspicantes
2061 3859 2134 3913 de
2160 3858 2451 3930 Principe,
2493 3859 2688 3929 ipsum
2734 3875 2870 3914 cum

426 3958 470 4011 ig
490 3910 683 4014 ξιῖξᾶῃ
762 3943 933 3998 sociis
979 3962 1182 4016 pugna
1227 3943 1639 4014 aggredientes
1687 3943 2041 4008 oeciderunt,
2081 3943 2230 3998 feria
2287 3949 2450 4000 sexta
2484 3948 2618 3999 ante
2654 3944 2867 3998 festum

760 4026 959 4083 Beatae
1007 4028 1223 4086 Luciae.
1297 4027 1590 4099 Principis
1626 4034 1825 4084 autem
1860 4034 2038 4099 caput
2071 4033 2206 4099 post
2238 4033 2506 4094 mortem,
2546 4046 2584 4084 a
2618 4028 2868 4100 quodam

761 4114 862 4184 qui
922 4113 1203 4170 intererat
1261 4112 1547 4183 agnitum,
1610 4129 1745 4168 mox
1803 4111 2182 4177 abscinditur,
2257 4112 2528 4185 Regique
2586 4112 2864 4168 defertur.

761 4196 927 4266 Quod
960 4197 1372 4253 transmissum
1419 4195 1766 4262 Londonias,
1805 4193 2064 4267 positum
2100 4202 2192 4256 est
2223 4214 2331 4269 per
2363 4203 2596 4270 tempus
2632 4195 2870 4268 aliquod

761 4298 939 4353 super
984 4282 1239 4348 Τιιηὶω,
1268 4287 1330 4338 et
1350 4281 1570 4339 hedera
1592 4287 1948 4338 coronatum.

829 4630 842 4660 ¹
862 4629 1004 4695 cnjus
1025 4628 1079 4678 in
1103 4626 1190 4680 the
1212 4628 1411 4694 printed
1431 4634 1581 4682 texts.
1936 4631 1955 4662 ⁴
1975 4623 2255 4695 Arroyouia
2274 4628 2332 4679 in
2352 4629 2481 4697 orig.

822 4708 1149 4774 ²Arr090a2‘oe
1170 4708 1223 4760 in
1244 4708 1370 4773 orig.
1460 4719 1465 4724 ’
1933 4711 1953 4740 ⁵
1968 4707 2137 4780 Bseld
2155 4709 2211 4759 in
2232 4709 2518 4776 Rishanger
2533 4710 2635 4761 and
2651 4709 2828 4762 Trivet
2853 4721 2868 4771 3

824 4791 845 4819 ⁸
859 4787 1144 4855 Arroyom‘oe
1165 4788 1221 4840 in
1241 4789 1367 4858 orig.
1755 4817 1762 4825 ·
1879 4787 2036 4842 Vueld
2054 4788 2111 4840 in
2133 4783 2279 4843 Bibl.
2301 4790 2438 4856 Regi
2465 4795 2526 4841 13
2549 4790 2609 4841 E.
2632 4789 2712 4841 ix.
