3300 5617
855 787 987 849 420
1520 801 1778 850 'rnoMAE
1824 800 2292 850 wiusmonm

524 992 833 1045 A.D.1379.
861 990 899 1014 ‘⁶
939 986 956 1018 ¹
976 987 1272 1051 conveniO,
1328 987 1586 1052 consu10,
1651 994 1739 1051 ut,
1792 987 1903 1043 boc
1962 986 2205 1042 dimisso
2252 986 2569 1059 proposit0‚
2637 986 2787 1041 alibi
2872 983 2988 1039 tibi
3011 978 3205 1033 KRP&

862 1073 901 1098 “
939 1071 1175 1141 tuisque
1223 1071 1488 1141 requires
1525 1069 1797 1142 hospitia,
1838 1089 1968 1142 quae
2004 1070 2476 1142 superabundant
2510 1072 2573 1124 in
2608 1070 2808 1141 patria
2848 1086 2990 1123 oon·
3009 1046 3177 1164 gfff

864 1158 902 1182 ‘⁴
941 1153 1196 1210 vicina.”

932 1239 1045 1294 Ille
1078 1256 1239 1304 vero,
1276 1239 1596 1310 persistens
1647 1239 1710 1293 in
1761 1238 2079 1310 proposito,
2121 1238 2640 1311 contemptibiliter
2689 1236 2992 1309 praecepit

861 1328 930 1379 ut
982 1327 1270 1394 surgeret,
1317 1323 1527 1394 jurans
1563 1340 1627 1377 se
1663 1322 1825 1378 nullo
1860 1321 2034 1379 modo
2088 1323 2437 1378 flectendum
2486 1325 2630 1393 quin
2666 1323 2733 1377 in
2770 1320 2989 1376 eodem

864 1407 990 1462 loco
1044 1408 1167 1463 suis
1220 1407 1478 1478 hospitia
1527 1406 1881 1478 provideret.
1985 1406 2307 1462 Confestim
2361 1424 2504 1478 ergo
2533 1408 2709 1479 jubet
2745 1406 2883 1461 suis
2922 1414 2990 1458 ut

864 1491 1065 1547 domos
1101 1490 1523 1562 ingrediantur,
1570 1496 1632 1545 et
1665 1507 1925 1546 cameras
1971 1490 2237 1562 publicas
2273 1499 2557 1563 occupent
2592 1498 2652 1546 et
2686 1491 2985 1562 privatas,

529 1571 781 1650 lflalpmc-
865 1573 1047 1630 donec
1082 1574 1411 1630 velificandi
1446 1581 1678 1646 tempus
1714 1572 1999 1630 'insistat
2099 1573 2212 1643 Qui
2246 1592 2399 1639 mox,
2438 1580 2507 1630 ut
2540 1574 2828 1637 creditur,
2858 1572 2988 1626 dia-

531 1646 657 1717 ῧῖθῦ
674 1657 810 1692 θοω·
864 1658 1056 1714 bolico
1092 1659 1304 1730 spiritu
1340 1659 1568 1729 agitati,
1607 1658 1844 1713 irruunt
1875 1658 1938 1713 in
1973 1658 2230 1713 claustra
2263 1659 2620 1723 monasterii,
2660 1664 2741 1721 et,
2782 1664 2859 1712 ut
2897 1674 2989 1710 as-

530 1710 807 1841 ffitssgogss
869 1743 1019 1798 solet,
1042 1744 1103 1797 in
1125 1748 1246 1798 tam
1271 1741 1704 1813 indisciplinato
1726 1742 1927 1812 vulgo,
1955 1742 2058 1797 1110
2083 1743 2279 1806 istam,
2306 1743 2420 1798 iste
2444 1742 2629 1807 mam,
2656 1744 2675 1773 ⁸
2694 1741 2989 1811 irrumpit

532 1840 687 1892 there,
867 1844 1176 1891 cameram,
1215 1828 1280 1881 in
1314 1827 1527 1898 quibus
1563 1827 1829 1898 virgines
1884 1826 2021 1880 filiae
2069 1826 2360 1897 majorum
2406 1827 2724 1899 provinciae
2781 1842 2985 1881 serva—

866 1913 1078 1968 bantur
1112 1912 1188 1966 ad
1221 1911 1527 1967 discendas
1574 1911 1823 1976 litteras,
1868 1918 1930 1967 et
1961 1910 2296 1983 ⁴plerisque
2324 1912 2451 1983 jam
2486 1918 2705 1983 paratae
2742 1911 2985 1965 fuerant

866 1996 942 2051 ad
999 1996 1436 2068 suscipiendum
1489 2013 1671 2051 sacras
1730 1996 2036 2065 religionis
2093 1995 2379 2062 habitum,
2437 2001 2499 2051 et
2548 1997 2613 2050 in
2672 1995 2982 2068 proposito

864 2081 1224 2152 virginitatis
1260 2085 1515 2135 mentem
1548 2079 1569 2110 ⁵
1585 2080 1848 2135 fixerant.
1949 2079 2124 2149 Quas,
2166 2086 2363 2153 spreta
2397 2081 2508 2135 loci
2546 2081 2887 2135 reverentia
2920 2084 2981 2132 et

866 2165 979 2219 Dei
1014 2165 1223 2221 timore
1258 2165 1599 2236 postposite,
1628 2164 1966 2235 opprimunt
1999 2171 2061 2218 et
2094 2164 2365 2236 polluunt
2396 2163 2721 2229 violenter3
2765 2170 2828 2218 et
2864 2180 2978 2217 non

869 2249 1058 2304 solum
1093 2250 1156 2304 in
1191 2248 1322 2304 istis
1358 2266 1562 2303 eorum
1609 2246 1793 2303 libido
1841 2248 2003 2312 furit,
2059 2247 2161 2303 sed
2214 2256 2276 2304 et
2325 2249 2622 2303 vidualem
2674 2248 2974 2304 continen-

868 2334 1014 2388 tiam
1049 2338 1111 2387 et
1157 2332 1464 2402 conjugale
1513 2331 1817 2387 vinculum
1871 2331 2182 2403 pollutioni
2230 2332 2460 2387 tradere
2513 2333 2761 2387 minime
2810 2349 2977 2386 vere·

867 2415 1097 2472 bantur.
1170 2416 1328 2472 Nam
1356 2417 1556 2487 plures
1586 2415 1730 2471 illuc
1753 2415 1947 2471 viduae
1979 2416 2374 2472 confluxerant
2400 2416 2737 2488 hospitandi
2761 2414 2973 2487 gratia,

866 2506 937 2556 ut
968 2500 1148 2556 moris
1185 2506 1276 2556 est
1310 2500 1372 2554 in
1406 2501 1622 2555 talibus
1661 2500 1972 2564 abbathiis,
2014 2500 2113 2555 vel
2145 2518 2252 2572 pro
2286 2501 2374 2554 rei
2410 2500 2720 2555 familiaris
2756 2499 2970 2570 inopia,

864 2584 960 2639 vel
996 2602 1104 2655 pro
1137 2583 1455 2656 perfectius
1509 2588 1571 2638 et
1618 2583 1883 2639 securius
1934 2584 2221 2639 servanda
2266 2584 2639 2639 continentia.
2740 2583 2814 2637 In
2850 2601 2974 2637 mu-

864 2668 1042 2724 lieres
1079 2668 1254 2723 ctiam
1291 2667 1650 2739 conjugatae,
1698 2686 1829 2739 quae
1864 2666 2010 2723 illuc
2044 2685 2117 2722 ex
2149 2668 2343 2723 causis
2394 2667 2718 2738 praemissis
2767 2684 2973 2721 conve-

865 2758 1090 2817 nerant,
1159 2751 1514 2807 adulterium
1591 2752 2009 2807 commiserunt
2079 2750 2400 2823 publicum,
2465 2749 2570 2806 sed
2627 2749 2971 2805 violentum.

864 2836 995 2893 Nec
1027 2838 1209 2893 tantis
1251 2837 1507 2892 contenti
1553 2836 1855 2907 nequitiis,
1899 2842 1971 2891 ut
2023 2836 2230 2901 fertur,
2285 2836 2442 2908 ipsas
2496 2835 2968 2890 sanctimoniales

866 2919 887 2951 ⁶
905 2938 1029 2975 suae
1064 2920 1311 2975 luxuriae
1357 2919 1379 2957 ⁷
1394 2919 1858 2983 substraverunt,
1912 2919 2399 2991 parvipendentes
2436 2919 2648 2974 incesti
2683 2925 2747 2973 et
2781 2919 2965 2990 stupri

866 3009 1080 3059 notam.
1158 3003 1287 3073 Qua
1308 3003 1381 3059 de
1417 3020 1483 3057 re
1518 3003 1708 3074 primo
1743 3003 2031 3074 patientes
2068 3004 2150 3075 inj
2156 3004 2365 3068 uriam,
2403 3020 2539 3059 mox
2572 3003 2835 3058 universi
2874 3003 2973 3072 qui

867 3088 930 3142 in
962 3088 1181 3144 vicinia
1228 3087 1622 3151 morabantur,
1669 3086 1745 3141 ad
1781 3104 1926 3156 quos
1962 3087 2173 3142 notitia
2220 3088 2368 3143 tanti
2418 3086 2559 3141 mali
2608 3092 2971 3158 pervenerat,

866 3172 1306 3227 maledictiones
1341 3176 1670 3242 congerunt
1719 3187 1896 3241 super
1932 3187 2134 3225 eorum
2171 3171 2365 3242 capita
2399 3169 2421 3200 ⁸
2439 3171 2584 3225 satis
2639 3170 2971 3233 horribileS,

868 3264 930 3312 et
964 3257 1049 3311 eis
1088 3255 1369 3329 quicquid
1404 3254 1729 3320 infortunii,
1758 3254 2042 3327 quicquid
2077 3254 2328 3320 adversi,
2368 3253 2529 3309 Deus
2566 3254 2655 3309 eis
2692 3255 2974 3310 suscitare

867 3339 1079 3404 valeat,
1119 3339 1425 3411 imprecati
1461 3344 1615 3394 sunt.

534 3410 768 3492 Aquel
793 3481 806 3495 ‚
945 3424 1017 3478 In
1052 3424 1168 3480 hiis
1221 3424 1509 3489 omnibus,
1562 3423 1725 3495 ⁹ipse
1775 3422 2063 3478 Dominus
2115 3422 2155 3477 J
2157 3422 2411 3478 ohannes
2464 3422 2753 3488 Arundel,
2808 3423 2975 3477 nihili

533 3486 737 3597 pem&
753 3481 836 3532 ¹²¹⁸
874 3507 1133 3579 pendens
1200 3514 1430 3564 tantum
1493 3508 1829 3572 clamorem,
1898 3512 1986 3562 tot
2049 3508 2463 3575 execrationes,
2516 3508 2656 3563 talis
2721 3508 2973 3563 infamiae

534 3563 664 3679 331
688 3614 774 3665 the
875 3591 1148 3657 dedecus,
1188 3593 1406 3664 adjecit
1436 3597 1677 3664 peccata
1711 3591 1987 3663 peccatis,
2045 3590 2211 3646 addit
2261 3591 2418 3646 mala
2464 3592 2658 3648 malis.
2748 3592 2975 3647 Revera

536 3682 843 3746 neighbour-
875 3676 1147 3749 permisit
1198 3695 1336 3733 suos
1380 3674 1807 3748 quodammodo
1859 3675 2112 3746 spoliare
2164 3676 2436 3747 patriam,
2489 3677 2795 3747 apporiare
2848 3677 2974 3731 vui-

534 3748 684 3801 hood.
874 3779 1025 3833 gus3
1082 3759 1224 3815 dum
1258 3760 1541 3816 victualia
1588 3759 1686 3814 vel
1737 3764 1952 3814 ctetera
2004 3759 2337 3814 necessaria
2385 3759 2445 3814 vi
2494 3760 2807 3815 afferentes
2861 3778 2975 3815 non

872 3848 1158 3921 compulit
1192 3847 1267 3903 ad
1303 3847 1667 3911 solvendum,
1726 3847 1831 3902 sed
1866 3847 2063 3919 potius
2114 3864 2321 3902 eorum
2374 3847 2609 3903 favebat
2660 3847 2971 3913 violentiae,

869 3938 931 3989 et
964 3934 1091 4004 ipse
1127 3931 1420 4004 particeps
1455 3930 1698 3987 effectus
1734 3931 1950 3986 erroris
1986 3930 2027 3963 ¹⁰
2040 3948 2281 3997 eorum3
2321 3930 2474 3986 unde
2497 3933 2805 4002 protestati
2842 3938 2979 3987 sunt

940 4167 956 4196 ¹
980 4173 1128 4231 atque
1146 4163 1348 4215 obtestor
1380 4172 1437 4214 ut
1467 4163 1523 4214 iu
1556 4163 1643 4214 the
1675 4163 1877 4228 printed
1971 4169 2121 4213 texts.

877 4253 1028 4297 texts.
2038 4245 2057 4272 ⁷
2079 4250 2393 4295 ato-axerunt
2413 4245 2469 4295 in
2491 4245 2580 4298 the
2600 4245 2801 4313 printed
2821 4255 2973 4300 texts.

945 4326 967 4356 ²
983 4325 1189 4375 instaret
1209 4324 1264 4374 in
1285 4324 1373 4374 the
1393 4322 1593 4388 printed
1614 4328 1763 4373 texts.
2037 4325 2058 4352 ⁸
2078 4324 2205 4372 satis
2258 4322 2473 4375 omitted
2526 4326 2583 4376 in
2639 4329 2726 4378 the
2778 4328 2977 4392 printed

941 4405 963 4435 ⁸
984 4406 1191 4469 mmpit
1206 4404 1264 4453 in
1285 4402 1372 4453 the
1392 4402 1594 4467 printed
1613 4408 1763 4452 texts.
1971 4408 2120 4452 texts.

945 4484 966 4514 ⁴
978 4481 1223 4549 pleroeque
1243 4482 1300 4533 in
1321 4483 1410 4534 the
1427 4482 1628 4546 printed
1648 4487 1802 4533 texts.
2035 4483 2056 4511 ⁹
2071 4482 2175 4547 ipse
2187 4480 2399 4533 omitted
2415 4482 2473 4533 in
2493 4482 2581 4535 the
2601 4484 2804 4549 printed
2825 4491 2975 4536 texts.

942 4563 1198 4626 “fis-erant
1257 4560 1615 4628 suscipiendam
1668 4560 1724 4610 iu
1790 4560 1876 4610 the
2037 4560 2076 4589 ¹⁰
2095 4576 2255 4610 mm
2285 4560 2495 4614 omitted
2549 4563 2605 4613 in
2651 4563 2738 4614 the
2782 4564 2983 4629 printed

876 4641 1077 4708 printed
1099 4648 1247 4693 texts.
1969 4644 2120 4689 texts.

943 4725 963 4753 ⁶
985 4721 1054 4773 ad
1071 4738 1212 4772 suam
1231 4719 1478 4772 luxuriam
1498 4719 1556 4771 in
1578 4721 1665 4771 the
1682 4719 1882 4786 printed
