3300 5617
873 781 1004 847 446
1544 790 1808 844 meum:
1854 790 2324 844 wALsn-mm

528 974 671 1029 ΛΔ),
700 981 841 1027 1380.
867 964 1099 1036 plebem
1139 982 1275 1021 cum
1311 965 1470 1020 omni
1517 965 1965 1022 mansuetudine
2017 965 2433 1031 demulcentes,
2485 966 2587 1024 vix
2638 964 2717 1021 ad
2767 964 2959 1020 horam
2982 983 3065 1039 MS.
3082 988 3151 1044 Ba

527 1068 607 1116 sor
627 1067 713 1118 the
869 1049 1073 1105 sedare
1108 1048 1205 1105 vel
1241 1066 1610 1120 compescere
1645 1055 1981 1122 potuerunt.
2980 1052 3075 1117 Reg,
3092 1062 3125 1105 13

526 1143 764 1185 moment.
938 1132 1137 1205 Igitur
1173 1133 1300 1189 Rex
1335 1139 1397 1189 et
1429 1134 1598 1205 regni
1634 1134 1887 1207 majores
1924 1135 1987 1189 in
2023 1133 2312 1205 quendam
2348 1133 2541 1190 locum
2575 1132 2873 1188 munitum
2906 1149 2961 1187 se
2981 1116 3027 1168 Ε·
3044 1119 3092 1171 ῗῑ

528 1223 639 1303 The
662 1225 804 1289 King
864 1218 1252 1283 contulerunt,
1293 1218 1571 1274 facientes
1607 1217 1760 1273 illud
1794 1218 1992 1274 Poetae
2028 1219 2337 1275 consilium
2355 1241 2441 1275 :—

525 1296 771 1407 ἕξξὶῖἒῖᾱω
793 1304 825 1341 ⁸
1080 1330 1118 1356 “
1146 1327 1304 1383 Dum
1340 1326 1503 1384 furor
1539 1327 1602 1383 in
1636 1346 1817 1384 cursu
1852 1334 1962 1395 est,
2002 1326 2262 1384 currenti
2297 1324 2438 1384 cede
2475 1325 2663 1383 furori
2684 1324 2745 1393 ;”

526 1423 679 1487 the-
863 1438 1083 1494 ibidem
1155 1456 1356 1494 rerum
1405 1444 1684 1496 eventum
1750 1438 2166 1511 praestolaturi.
2245 1438 2426 1495 Plebs
2480 1455 2639 1504 ver0,
2701 1437 2955 1508 sequenti

527 1514 773 1593 Excesses
863 1529 1031 1578 noete
1068 1540 1205 1578 cum
1240 1522 1455 1579 furoris
1479 1523 1911 1579 continuatione
1946 1521 2351 1595 progrediens,
2381 1523 2619 1579 domum
2661 1521 2953 1593 cujusdam

525 1583 839 1713 ζζῐῗὲἒξὲἶῗ.
865 1622 935 1660 ex
988 1606 1307 1679 majoribus
1357 1606 1633 1672 civitatis,
1688 1606 1858 1679 cujus
1898 1606 2162 1663 consiliis
2213 1606 2581 1677 imputabant
2628 1623 2696 1661 se
2758 1606 2953 1662 totiens

522 1714 695 1766 made,
860 1690 1013 1745 taxis
1047 1694 1285 1746 vexatos
1322 1690 1525 1755 fuisse,
1554 1689 1821 1746 funditus
1858 1690 2186 1756 diruerunt,
2214 1696 2277 1746 et
2311 1691 2509 1746 omnia
2543 1690 2770 1761 ubique
2805 1689 2953 1743 urbis

862 1772 992 1829 loca
1024 1775 1464 1846 perlustrantes,
1505 1780 1794 1847 quotquot
1828 1791 1899 1830 ex
1946 1774 2343 1831 Januensibus
2368 1775 2673 1847 galeiariis
2708 1773 2952 1845 reperire

861 1864 1149 1930 poterant,
1188 1858 1733 1915 immisericorditer
1768 1859 2175 1925 trucidarunt3
2216 1861 2512 1931 quoniam,
2551 1864 2623 1914 ut
2658 1857 2779 1929 ipsi
2814 1875 2952 1913 asse·

860 1942 1086 2006 rebant,
1125 1959 1272 2014 pene
1309 1942 1697 1999 exhauserant
1732 1944 1858 1999 sine
1882 1944 2082 2000 fructu
2116 1949 2299 1999 totam
2335 1943 2645 2015 pecuniam
2682 1941 2947 2013 regionis.

524 2034 705 2101 Heavy
729 2044 837 2087 ontp
861 2025 941 2081 Et
974 2042 1181 2082 revera
1215 2026 1456 2097 grandis
1493 2027 1608 2084 fuit
1643 2042 1891 2092 summa,
1932 2044 2108 2099 quam
2148 2026 2364 2084 cotidie
2413 2033 2783 2098 receperunt,
2833 2044 2949 2096 quae

519 2104 602 2167 lay
628 2119 760 2167 upon
861 2111 1141 2166 nimirum
1175 2111 1434 2167 excrevit
1466 2128 1572 2183 per
1607 2111 1734 2167 dies
1772 2111 2035 2182 singulos
2072 2111 2148 2166 ad
2196 2111 2628 2182 ¹septingentas
2682 2111 2948 2181 quinqua·

521 2168 837 2285 gztffifflcb
861 2195 1028 2265 ginta
1061 2195 1263 2261 libras,
1302 2213 1435 2267 quae
1469 2213 1576 2268 per
1612 2196 1868 2267 aequales
1903 2194 2200 2267 portiones
2224 2195 2442 2265 viginti
2467 2195 2731 2267 quinque
2756 2193 2946 2265 galeiis

639 2274 651 2285 ‘
859 2278 1301 2346 dividebantur3
1342 2286 1403 2334 et
1436 2278 1675 2350 quidem
1703 2296 1811 2351 per
1843 2285 2078 2351 tempus
2103 2278 2415 2351 prolixum,
2443 2277 2517 2333 ab
2552 2278 2725 2334 initio
2749 2278 2946 2332 mensis

855 2363 1020 2429 Maii,
1085 2381 1201 2436 quo
1271 2381 1471 2419 mense
1541 2365 1735 2435 primo
1806 2363 1991 2436 galeoe
2063 2363 2281 2419 audent
2340 2361 2663 2418 Occiduum
2737 2362 2946 2417 sulcare

854 2466 1153 2514 oceanum,
1192 2466 1379 2520 usque
1416 2448 1491 2504 ad
1525 2450 1702 2503 finem
1736 2449 1989 2504 ²mensis
2037 2448 2319 2520 Augusti,
2374 2453 2507 2520 post
2556 2465 2733 2520 quem
2786 2447 2945 2518 perti·

853 2539 1122 2590 mescunt
1156 2534 1219 2588 in
1252 2538 1451 2589 nostro
1473 2534 1644 2598 mari,
1672 2537 1911 2605 propter
1934 2533 2222 2604 procellas
2247 2538 2310 2588 et
2330 2532 2616 2598 turbines,
2643 2530 2946 2587 immorari.

881 2750 1217 2840 Profectio
1245 2750 1465 2818 Ducis
1494 2771 1727 2819 versus
1756 2748 2077 2833 scotiam,
2107 2756 2167 2817 et
2196 2749 2688 2839 depauperatio
2717 2749 2918 2838 reyni.

519 2882 630 2933 The
651 2882 801 2935 Duke
928 2889 1064 2945 Dux
1087 2884 1441 2945 Lancastriae
1478 2886 1518 2944 J
1520 2888 1794 2953 ohannes,
1835 2887 2052 2959 soepius
2087 2889 2438 2954 nominatus,
2466 2904 2574 2960 per
2595 2889 2707 2944 hoc
2730 2894 2941 2960 tempus

517 2951 579 2998 of
593 2951 807 3002 Lancas-
858 2973 932 3029 ad
967 2973 1358 3030 infestandum
1407 2972 1610 3029 Scotos
1658 2971 1910 3045 perfidos
1946 2978 2008 3029 et
2040 2972 2310 3038 rebelles,
2348 2973 2607 3029 mittitur
2652 2974 2719 3028 in
2766 2980 2943 3044 Pffl’oess

514 3025 720 3133 {223⁰-
857 3054 1153 3125 Boreales,
1215 3074 1352 3113 cum
1409 3057 1824 3113 decentissima
1872 3058 2016 3113 satis
2052 3057 2244 3123 turba,
2299 3056 2373 3111 ad
2422 3056 2858 3121 exturbandum,
2899 3056 2943 3110 si

514 3149 714 3211 against
745 3150 830 3202 the
858 3142 1173 3213 expediret,
1212 3146 1402 3198 totmn
1434 3158 1686 3213 regnum
1725 3139 2049 3196 Scotorum.
2124 3139 2367 3197 Occasio
2389 3141 2765 3213 profectionis
2788 3140 2942 3196 istius

514 3214 675 3267 500³·
858 3227 1054 3283 extitit
1089 3226 1394 3283 Scotorum
1428 3226 1681 3299 irruptio
1715 3225 2072 3289 turbulenta,
2112 3223 2272 3291 dum,
2300 3231 2370 3281 ut
2390 3226 2788 3297 praemittitur‚
2815 3225 2943 3280 satis

855 3308 1168 3366 inhumane
1203 3318 1399 3383 partes
1436 3309 1826 3367 cumbrorum
1861 3314 1923 3365 et
1956 3309 2438 3373 Westmarorum‚
2476 3326 2697 3365 necnon
2758 3306 2943 3364 villam

853 3390 925 3448 de
997 3394 1271 3460 Penreth,
1347 3394 1640 3450 hostiliter
1698 3394 2068 3450 invasissent.
2172 3393 2291 3449 Sed
2352 3393 2494 3465 quid
2552 3393 2687 3448 Dux
2739 3392 2940 3448 ibidem

851 3477 1142 3542 tractavit,
1172 3494 1348 3549 quam
1383 3478 1686 3534 fructuosa
1719 3477 1848 3550 ejus
1884 3477 2171 3550 profectio
2195 3479 2394 3543 fuerit,
2422 3478 2714 3547 'conjicere
2738 3478 2939 3549 poteris

849 3560 956 3616 ’ex
1014 3561 1305 3617 universis
1377 3558 1591 3632 ⁴[suis]
1666 3561 2125 3632 profectionibus
2185 3561 2468 3617 anteactis
2484 3583 2501 3625 ;
2573 3578 2709 3617 nam
2772 3561 2936 3623 Scou’,

513 3684 619 3728 And
637 3684 677 3727 ὴ
697 3685 825 3729 nual-
851 3644 1192 3718 versipelles
1242 3651 1304 3701 et
1361 3642 1515 3710 falsi,
1579 3650 1715 3717 post
1773 3645 1902 3718 ejus
1963 3648 2299 3709 mactatum,
2367 3646 2532 3713 (licet
2600 3645 2941 3700 elaborasset

511 3736 790 3829 ὲςεὲῗωὶνοᾱ
847 3716 958 3802 ‘pro
994 3746 1157 3801 pace,
1221 3734 1343 3785 tam
1379 3728 1618 3785 illorum
1681 3744 1859 3800 quam
1905 3729 2143 3784 ⁸nostra
2203 3744 2379 3800 quam
2438 3726 2733 3798 maxime,)
2785 3729 2940 3800 plura

513 3798 725 3880 ηἷιαέἷῗ·
851 3816 1062 3873 damna
1117 3816 1597 3889 irrecuperabilis.
1667 3832 1851 3889 regno
1924 3814 2160 3889 Anglioe
2224 3817 2578 3888 irrogarunt.
2653 3816 2823 3882 Nam,
2882 3822 2941 3871 ut

511 3887 709 3989 ffiffin‘}
849 3902 1362 3974 praetermittamus
1397 3900 1673 3973 plurima,
1715 3900 1878 3958 Seoti
1913 3906 2019 3957 nos
2054 3916 2171 3956 non
2207 3901 2397 3957 solum
2452 3900 2806 3973 deceperunt
2847 3898 2937 3957 sed

511 4000 660 4040 m
850 3985 1198 4042 deriserunt.

511 4062 792 4141 Ilardships
921 4070 1009 4125 Eo
1075 4076 1336 4142 tempore
1393 4074 1624 4125 vastata
1684 4069 1799 4124 fuit
1856 4082 2005 4140 pene
2064 4067 2368 4139 provincia
2416 4066 2930 4124 Northumbrorum

513 4128 736 4179 inflmoed
757 4145 823 4179 ⁰¹¹
851 4155 1037 4208 nostri
1073 4153 1362 4210 exercitus
1400 4152 1827 4224 hospitatione:
1868 4152 1929 4206 in
1964 4157 2211 4216 tantum,
2249 4157 2320 4207 ut
2351 4152 2737 4223 provinciales
2781 4153 2928 4223 jura·

510 4194 824 4315 ἒίἔζέω
851 4242 1048 4293 mento
1083 4238 1399 4303 firmarent,
1437 4236 1631 4308 magis
1667 4235 2075 4307 aequanimiter
2110 4234 2427 4291 adventum
2464 4235 2754 4293 Scotieani
2785 4253 2929 4291 exer·

917 4500 930 4529 ¹
955 4498 1272 4565 septinyentes
1292 4498 1346 4547 in
1371 4496 1498 4564 orig.
1948 4495 2033 4546 the
2055 4493 2255 4559 printed
2276 4501 2430 4546 texts.

913 4579 934 4608 ²
953 4579 1128 4628 meast}
1192 4577 1402 4628 omitted
1466 4575 1520 4626 in
1576 4574 1846 4628 Camden’s
2012 4575 2034 4605 ⁴
2055 4573 2298 4639 Supplied
2353 4574 2486 4625 stom
2540 4574 2670 4626 Bibl.
2711 4575 2832 4641 Reg.
2870 4580 2922 4624 13

846 4662 972 4707 text.
1946 4656 2008 4707 Ε.
2030 4655 2104 4706 ix.
2128 4657 2229 4706 and
2249 4656 2337 4708 the
2357 4657 2557 4722 printed
2577 4666 2725 4709 texts.

912 4736 1355 4805 'proinorig.;
1407 4738 1663 4790 eoereeted
1714 4735 1847 4786 stom
2011 4736 2895 4803 ‘nmo-alimintbeprintedtexu.
