3300 5617
1106 822 1437 875 HISTORIA
1478 821 1893 876 ANGLIOANA.
2430 813 2562 881 403

566 1148 834 1236 Barqia
890 1149 1211 1240 quoeolam
1268 1152 1558 1219 Eboraci
1619 1176 1774 1223 una
1831 1177 1990 1223 cum
2047 1153 2447 1223 hominibus

1286 1243 1644 1311 submersa.

102 1407 234 1461 MS.
259 1409 397 1461 Bibl.
525 1409 622 1466 Ad
656 1409 944 1464 malorum
979 1415 1176 1465 autem
1226 1411 1543 1477 cumulum,
1583 1413 1800 1469 amissa
1836 1419 1928 1469 est
1960 1415 2164 1470 eodem
2200 1420 2462 1488 tempore
2499 1422 2561 1472 et
2583 1433 2721 1486 ΑΛ),
2750 1437 2893 1486 1379.

104 1476 247 1555 Ress·
277 1482 336 1527 ¹3
456 1495 668 1550 nobilis
704 1495 912 1565 bargia
945 1494 1212 1559 Eboraci,
1254 1514 1385 1566 quae
1439 1497 1580 1552 dum
1630 1498 1808 1553 nimis
1868 1499 2192 1554 inconsulte
2230 1500 2430 1572 galeas
2467 1502 2555 1556 in·
2584 1530 2637 1581 A
2658 1531 2752 1578 b„

108 1543 178 1593 E’
205 1559 280 1593 ¹¹⁸
454 1580 711 1643 vaderet,
764 1584 1003 1651 repente
1054 1580 1497 1637 circumvallata
1546 1582 1807 1654 undique
1859 1601 1895 1637 a
1946 1584 2324 1639 multitudine
2361 1585 2558 1656 galea·
2585 1543 2862 1660 belongifi'g

454 1682 606 1730 rum,
646 1664 873 1735 capitur
909 1682 945 1718 a
978 1664 1124 1718 viris
1162 1663 1529 1721 ¹earundem.
1607 1666 1726 1722 Sed
1760 1667 1913 1721 male
1950 1668 2142 1739 gavisi
2179 1675 2316 1723 sunt
2361 1669 2557 1726 hostes
2584 1670 2637 1713 ω
2659 1662 2880 1721 Y01·¹<‚is

452 1754 614 1804 tanto
660 1749 857 1814 luci-03
919 1766 1054 1803 nam
1113 1765 1264 1813 mox,
1316 1756 1384 1805 ut
1442 1750 1674 1807 barbari
1728 1768 1859 1806 eam
1917 1752 2235 1809 intrassent
2282 1753 2557 1825 quodam·
2583 1730 2873 1846 ffissg’ssffi

454 1833 643 1897 mod0,
672 1842 732 1888 et
767 1834 890 1888 suis
927 1838 988 1888 et
1022 1833 1256 1899 nostris,
1298 1852 1442 1905 quos
1480 1836 1741 1907 captivos
1771 1836 1897 1906 jam
1932 1837 2223 1903 tenebant,
2265 1845 2421 1894 esset
2452 1840 2560 1894 im·
2584 1864 2670 1913 the
2692 1877 2871 1925 enemy

456 1918 629 1991 pleta‚
685 1917 878 1973 subito
932 1923 993 1973 et
1040 1918 1335 1989 insperato
1370 1920 1543 1991 petiit
1575 1920 1928 1991 profundum
1981 1922 2160 1977 maris
2222 1923 2437 1993 abyssi,
2502 1930 2563 1980 et
2586 1945 2653 1980 on
2675 1930 2844 1979 bom-d.

457 2004 723 2058 demersa
758 2008 849 2057 est
884 2020 1018 2056 cum
1054 2002 1346 2057 universis
1382 2003 1654 2074 Anglicis
1692 2011 1868 2075 atque
1903 2005 2167 2060 barbaris
2206 2008 2308 2078 qui
2345 2008 2406 2062 in
2430 2025 2560 2062 eam

457 2092 882 2151 concesserant,
946 2086 1238 2158 rebusque
1287 2087 1555 2143 omnibus
1592 2092 1612 2121 ²
1628 2106 1775 2159 quas
1827 2096 2258 2161 comportarunt
2297 2092 2358 2146 in
2407 2109 2556 2147 eam.

458 2176 477 2203 ³
494 2171 798 2226 Perforata
895 2172 1093 2225 fuerat
1199 2172 1339 2227 dum
1424 2189 1629 2226 manus
1703 2180 2074 2229 consererent
2142 2183 2429 2231 nostrates
2502 2184 2563 2232 et

458 2258 674 2320 hosteS,
725 2257 789 2309 in
828 2255 1116 2326 profundo
1166 2256 1463 2325 ejusdem3
1505 2257 1662 2328 quod
1697 2256 1873 2313 latuit
1924 2264 2049 2313 tam
2098 2268 2328 2315 nostros
2381 2278 2556 2331 quam

456 2343 672 2404 hostes,
714 2341 894 2396 donec
931 2339 1314 2396 effectualiter
1349 2340 1654 2412 dispendia
1675 2342 1812 2398 vitae
1838 2344 2138 2408 sentirent,
2164 2344 2561 2401 submersione

458 2426 720 2503 proefata.

461 2778 625 2845 Dum
669 2776 1054 2843 Armom’cce
1084 2774 1486 2842 Britannice
1515 2795 1562 2841 α
1605 2775 1759 2841 suis
1800 2775 2162 2864 honofflfice
2200 2785 2561 2865 susceptus.

538 2930 662 2986 Sub
712 2928 933 2983 eisdem
983 2927 1207 2991 diebus,
1262 2926 1397 2982 Dux
1431 2925 1756 2982 Armoricae
1799 2927 2142 2994 Britanniae,
2196 2947 2370 3002 quem
2418 2949 2567 3004 prae-
2591 2942 2703 2992 The
2725 2942 2880 2992 Duke

466 3015 719 3070 diximus
770 3016 1044 3067 vocatum
1096 3029 1134 3066 a
1179 3011 1302 3066 suis
1355 3011 1431 3066 ad
1476 3011 1878 3082 recipiendum
1932 3011 2228 3069 Ducatum
2276 3033 2467 3081 suum,
2532 3034 2569 3072 a
2592 3008 2653 3057 0f
2665 3009 2791 3087 Bm,-

468 3117 583 3173 quo
630 3097 796 3153 velut
843 3095 1065 3167 ejectus
1103 3096 1313 3159 fuerat,
1352 3095 1558 3151 multis
1600 3097 1788 3161 annis,
1831 3098 2119 3169 susceptis
2157 3098 2458 3155 obsidibus
2507 3106 2568 3155 et
2591 3083 2901 3192 ffiefissoe‘

467 3182 777 3241 suffioienti
838 3180 1170 3245 securitate,
1243 3180 1650 3235 transfretavit
1702 3180 1778 3235 ad
1831 3199 1956 3246 sua,
2029 3182 2429 3254 applicuitque
2491 3183 2568 3239 ad
2590 3208 2674 3258 hi,
2694 3159 2884 3274 penpie.

467 3274 700 3341 portum
743 3266 915 3338 juxta
965 3263 1245 3320 Sanctum
1295 3264 1556 3319 Maloum
1602 3263 1794 3336 pridie
1829 3264 2031 3320 Nonas
2061 3266 2362 3337 -Augusti.
2453 3267 2568 3324 Cui

469 3357 838 3408 occurrentes
875 3349 1114 3414 domini,
1153 3348 1394 3414 milites,
1434 3349 1734 3419 armigeri,
1773 3356 2147 3415 mercatores,
2201 3353 2380 3417 cives,
2420 3370 2568 3425 pene

468 3454 589 3510 prae
623 3434 840 3507 gaudio
875 3433 1121 3489 visionis
1159 3433 1380 3487 domini
1418 3433 1512 3488 sui
1547 3433 1854 3499 naturalis,
1896 3436 2242 3507 semetipsos
2274 3436 2296 3468 ⁴
2311 3437 2467 3492 intra
2503 3454 2567 3492 se

468 3537 675 3593 capere
709 3536 825 3574 non
858 3517 1164 3583 valebant;
1203 3523 1366 3573 tanta
1413 3523 1542 3573 erat
1580 3517 1932 3574 universalis
1968 3519 2238 3595 hilaritas
2292 3521 2562 3576 omnibus

469 3607 530 3660 in
554 3621 877 3665 commune,
906 3602 1188 3674 gaudium
1213 3608 1274 3657 et
1301 3600 1656 3672 jocunditas,
1684 3607 1753 3657 ut
1782 3601 1803 3634 ⁶
1818 3620 2086 3658 cerneres
2112 3605 2380 3660 certatim
2409 3605 2567 3676 ipsos

469 3688 671 3763 populi
705 3688 998 3760 principes
1025 3686 1496 3758 splendidissime
1519 3692 1792 3749 armatos,
1832 3687 2190 3743 indumentis
2216 3686 2569 3760 pretiosissi-

471 3775 584 3830 mis
609 3772 1098 3834 circumamictos,
1119 3788 1243 3843 prae
1267 3770 1559 3826 desiderio
1581 3771 1841 3836 videndi,
1862 3772 2204 3844 recipiendi,
2226 3773 2565 3838 honorandi,

474 3876 649 3931 quem
686 3874 888 3912 eorum
938 3856 1133 3911 anima
1182 3854 1485 3925 diligebat,
1542 3872 1650 3910 sua
1696 3861 2034 3911 ornamenta
2072 3856 2237 3913 velut
2279 3857 2571 3912 vilissima
2593 3872 2831 3937 neem-ip.

475 3960 721 4015 quaeque
772 3946 1158 4004 contemnere,
1214 3945 1275 3994 et
1323 3957 1386 3995 se
1433 3940 1613 3994 maris
1668 3940 1942 3995 fluctibus
1993 3943 2426 4014 praecipitanter
2483 3943 2571 3996 in·
2594 3940 2703 3990 tion
2726 3939 2789 4018 οξ
2801 3938 2883 3988 his

474 4043 701 4098 gerere,
742 4031 804 4079 et
839 4025 913 4079 ad
947 4041 1159 4079 navem
1194 4023 1401 4078 devote
1426 4023 1489 4078 in
1521 4041 1638 4094 qna
1674 4023 1826 4088 Dux,
1852 4042 2055 4079 eorum
2091 4025 2380 4090 dominus,
2421 4033 2565 4091 erat,
2594 4014 2862 4071 memma·

474 4110 496 4143 ⁶
513 4109 808 4174 accedere,
870 4126 938 4164 ac
998 4109 1061 4165 in
1118 4108 1265 4180 ipsis
1318 4107 1581 4180 Neptuni
1642 4108 2001 4179 gurgitibus,
2054 4114 2231 4181 prout
2281 4117 2566 4182 poterant,

481 4306 1169 4315 ——·--—·-————-—————————————
2451 4309 2544 4315 ——

550 4462 563 4491 ¹
584 4457 833 4509 eorundem
898 4458 953 4507 in
1017 4456 1145 4522 orig.
1221 4458 1322 4507 and
1394 4456 1481 4506 the
1635 4458 1656 4486 ⁴
1679 4456 1803 4505 inter
1825 4456 1878 4505 in
1901 4456 1988 4506 the
2021 4455 2219 4520 printed
2242 4464 2389 4509 texts.

477 4540 679 4604 printed
698 4546 851 4589 texts.
1636 4539 1657 4566 ³
1677 4543 1922 4586 cernentes
1934 4536 1986 4585 in
2005 4536 2132 4601 orig.
2152 4539 2254 4587 and
2269 4538 2354 4588 the
2369 4539 2569 4603 printed

541 4622 563 4651 ²
583 4634 712 4683 quas
733 4619 969 4683 repeated
993 4618 1047 4667 in
1071 4617 1196 4682 orig.
1570 4621 1720 4666 texts.
1791 4615 2059 4665 Corrected
2098 4615 2226 4666 stom
2265 4617 2399 4669 Bibl.
2440 4620 2564 4687 Reg.

542 4701 562 4728 ³
578 4698 805 4763 perditis,
871 4714 975 4746 cum
1044 4714 1215 4746 manus
1280 4696 1333 4746 iu
1395 4696 1482 4745 the
1577 4702 1636 4745 13
1661 4695 1721 4745 Ε.
1747 4696 1821 4746 ix.

477 4778 682 4843 printed
703 4784 853 4828 texts.
1636 4780 1657 4806 ⁰
1679 4773 1898 4826 accidere
1920 4775 1974 4825 in
1997 4774 2125 4841 orig.

2095 4861 2309 4923 002
