3300 5617
743 772 876 836 328
1413 783 1675 832 ‘monus
1720 772 2190 832 wsmmemir

410 986 717 1039 Amne-17.
743 970 1141 1043 indigentibus
1189 968 1526 1041 impendens
1580 967 1798 1024 auxilia
1853 964 2192 1041 opportuna.
2267 967 2497 1040 Nempe
2547 969 2612 1023 in
2659 968 2859 1023 confe-
2885 975 3014 1027 HS.
3036 976 3167 1028 Βῦι.

743 1056 940 1112 rendis
981 1053 1275 1110 beneficiis
1322 1052 1480 1107 ultra
1514 1070 1715 1109 omnes
1750 1052 2014 1108 viventes
2052 1052 2170 1107 fuit
2209 1069 2440 1123 semper
2477 1052 2758 1124 profusus
2799 1058 2865 1107 et
2884 1044 3026 1121 13²5·
3056 1049 3113 1094 1⁸

743 1146 1089 1213 promptus3
1164 1138 1226 1192 in
1284 1154 1483 1192 rerum
1542 1135 1559 1169 ¹
1582 1136 1879 1192 modestus
1939 1136 2253 1201 affluentia,
2320 1153 2437 1191 non
2496 1135 2691 1191 elatus
2752 1142 2863 1192 aut
2882 1111 2952 1162 E·
2978 1126 3059 1160 ¹¹·

745 1224 1048 1297 superbae,
1107 1222 1210 1279 sed
1269 1239 1332 1277 se
1381 1238 1611 1293 semper
1660 1221 1815 1276 intra
1875 1238 1937 1275 se
1984 1220 2303 1285 continens,
2355 1226 2417 1276 et
2472 1220 2857 1275 inferioribus

746 1310 918 1381 quasi
954 1324 1156 1380 parem
1195 1324 1258 1361 se
1299 1305 1568 1377 praebuit,
1614 1310 1676 1360 et
1716 1306 1870 1360 inter
1917 1305 2074 1360 orbis
2131 1304 2416 1376 primores
2454 1310 2519 1360 et
2552 1304 2855 1376 principes

746 1414 809 1452 se
852 1394 1151 1449 dominum
1186 1390 1620 1445 demonstravit.
1698 1389 1771 1444 In
1818 1388 2080 1444 aedificiis
2128 1388 2533 1444 construendis
2582 1389 2853 1444 curiosus

746 1485 807 1534 et
855 1476 1160 1539 sollicitae,
1214 1475 1276 1529 in
1325 1475 1494 1544 regni
1546 1474 1638 1529 sui
1693 1473 1838 1529 locis
1898 1473 2149 1528 diversis
2210 1472 2383 1545 plura
2422 1474 2855 1528 consummavit

746 1562 1009 1624 aedificia„
1087 1564 1211 1615 arte
1278 1558 1755 1629 exquisitissima,
1825 1563 2124 1613 structura
2196 1556 2654 1628 elegantissima,
2732 1558 2853 1613 situ

746 1644 1157 1719 pulcherrima,
1239 1648 1301 1698 et
1374 1642 1704 1714 sumptibus
1775 1642 2071 1714 pretiosa3
2133 1641 2431 1699 moderate
2502 1648 2853 1714 supportans

745 1727 979 1801 gaudia,
1019 1728 1231 1783 leviter
1264 1726 1458 1781 ferens
1500 1725 1729 1780 dmnna.
1799 1724 2248 1780 Recreationum
2307 1730 2473 1780 erant
2530 1725 2587 1779 ei
2644 1725 2855 1781 solatia

747 1813 1053 1884 aucupatio
1102 1818 1164 1867 et
1215 1810 1465 1874 venatio,
1525 1810 1739 1881 quibus
1791 1810 2059 1880 quotiens
2101 1809 2349 1875 vacavit,
2390 1815 2568 1882 prout
2618 1815 2852 1880 tempus

747 1898 882 1953 anni
922 1896 1152 1959 obtulit,
1192 1893 1444 1950 multum
1481 1893 1744 1949 indulsit.
1821 1893 2050 1964 Largus
2079 1899 2208 1949 erat
2236 1894 2299 1948 in
2334 1893 2502 1949 donis
2535 1900 2596 1949 et
2621 1893 2847 1958 hilaris,

747 1981 1028 2054 prodigus
1071 1980 1134 2034 in
1174 1979 1460 2051 expensis.
1553 1976 1811 2049 Corpore
1842 1977 1959 2032 fnit
2013 1977 2269 2049 elegans,
2317 1984 2544 2033 statura
2580 1996 2711 2049 quae
2742 1996 2851 2032 nec

739 2065 968 2135 justum
1004 2062 1325 2125 excederet,
1369 2078 1476 2116 nec
1515 2061 1692 2116 nimis
1732 2061 2093 2133 depressioni
2138 2062 2580 2129 succumberet;
2620 2062 2849 2117 vultum

747 2149 965 2203 habens
1000 2147 1253 2202 humana
1277 2146 1632 2201 mortalitate
1666 2146 1858 2216 magis
1886 2146 2296 2210 venerabilem,
2317 2146 2571 2202 similem
2603 2146 2808 2217 angelo
2830 2160 2877 2211 3·
3274 2150 3275 2225 χ

747 2233 809 2287 in
847 2249 961 2303 quo
994 2230 1292 2286 relucebat
1327 2235 1448 2284 tam
1484 2228 1733 2284 mirifica
1763 2230 1974 2301 gratia,
2013 2235 2083 2285 ut
2113 2230 2164 2285 si
2199 2231 2332 2302 quis
2369 2231 2432 2285 in
2467 2231 2598 2303 ejus
2641 2231 2851 2285 faciem
3274 2252 3275 2293 ς

748 2314 942 2387 palam
1000 2314 1366 2386 respexisset,
1429 2313 1524 2367 vel
1575 2320 1744 2368 nocte
1805 2314 1877 2368 de
1922 2314 2028 2369 illo
2086 2315 2451 2378 somniasset,
2504 2332 2574 2370 eo
2619 2314 2849 2387 procul·
3274 2338 3275 2391 1

749 2400 927 2454 dubio
974 2397 1069 2453 die
1118 2398 1389 2470 sperabat
1435 2398 1549 2453 sibi
1592 2397 1849 2469 jocunda
1883 2398 2093 2453 solatia
2130 2404 2503 2470 proventura.
2579 2399 2853 2472 Regnum
2878 2382 2996 2460 M'S.
3024 2409 3157 2459 Bm.
3274 2396 3275 2471 1

750 2500 892 2539 vero
931 2501 1104 2538 suum
1152 2499 1339 2553 usque
1386 2482 1449 2537 in
1497 2482 1727 2537 senium
1773 2488 2028 2547 strenue,
2074 2485 2388 2555 sapienter,
2446 2489 2508 2539 et
2546 2484 2853 2556 magnifice
2879 2476 3014 2553 1³23·
3048 2481 3109 2526 1³

752 2567 1117 2637 gubernavit.
1193 2567 1273 2621 Et
1303 2566 1444 2638 quia
1474 2566 1670 2621 fuerat
1699 2567 1763 2620 in
1796 2566 2075 2622 universa
2108 2584 2339 2622 morum
2371 2568 2672 2624 honestate
2707 2587 2853 2640 prae·
2881 2543 3051 2659 {0¹¹¹}

751 2651 962 2716 clarus,
983 2651 1091 2706 sub
1123 2667 1192 2705 eo
1218 2650 1419 2706 vivere
1450 2667 1699 2720 regnare
1726 2650 1858 2714 fuit,
1887 2657 2063 2721 prout
2091 2650 2213 2705 suis
2247 2651 2498 2708 subditis
2529 2652 2855 2708 videbatur.
2884 2676 3184 2735 Mun-mah,

751 2735 824 2789 In
855 2741 1082 2790 tantum
1117 2752 1323 2806 nempe
1352 2734 1480 2805 ejus
1520 2735 1675 2788 fama
1719 2734 2086 2805 percrebruit
2132 2735 2288 2807 apud
2329 2736 2595 2791 nationes
2648 2736 2851 2791 barba-
2884 2759 2971 2808 pp.
2993 2749 3115 2805 226,
3134 2746 3173 2794 7.

751 2837 847 2874 ras
895 2825 956 2874 et
1007 2824 1278 2883 remotas,
1332 2823 1402 2873 ut
1454 2818 1813 2873 aestimarent
1846 2836 1909 2872 se
1946 2817 2169 2883 felices,
2223 2819 2326 2891 qui
2364 2819 2460 2875 vel
2503 2819 2632 2892 ejus
2687 2828 2855 2877 erant

753 2903 1013 2958 dominio
1056 2903 1314 2969 subditi;
1377 2902 1473 2958 vel
1510 2903 1566 2956 ei
1604 2901 1974 2973 aliquatenus
2031 2903 2319 2958 foederati.
2410 2902 2661 2958 Nullum
2696 2905 2852 2960 enim

752 2987 1068 3043 credebant
1117 2988 1244 3042 fore
1305 2986 1414 3042 sub
1473 2986 1622 3041 coelo
1682 3004 1952 3056 regnum,
2017 2987 2173 3058 quod
2232 2992 2354 3042 tam
2413 2987 2690 3051 nobilem,
2726 2996 2851 3044 tam

752 3089 1121 3142 generosum,
1151 3079 1210 3127 et
1234 3071 1464 3126 felicem
1487 3070 1764 3142 produxit
1784 3088 2006 3141 regem,
2035 3078 2155 3135 aut,
2184 3089 2252 3126 eo
2275 3069 2298 3103 ²
2322 3089 2554 3144 qnoque
2578 3074 2850 3139 extincte,

751 3155 815 3209 in
848 3161 1148 3226 posterum
1190 3130 1513 3211 susffltabit.

419 3247 606 3300 Alleged
623 3261 729 3292 eon-
822 3238 843 3271 ⁸
857 3239 1055 3294 Luxus
1090 3246 1286 3295 tamen
1309 3246 1371 3295 et
1406 3246 1599 3293 motus
1638 3256 1761 3294 suae
1793 3239 1985 3294 carnis
2016 3239 2294 3307 lubricos,
2333 3241 2511 3296 etiam
2553 3242 2615 3297 in
2652 3248 2854 3298 aestate

417 3311 675 3394 ζῗὶξξξζξῗ,
754 3323 942 3387 senssi,
968 3341 1083 3378 non
1123 3323 1401 3387 cohibuit,
1433 3323 1725 3378 alliciente
1757 3340 1892 3377 eum
1930 3324 2071 3378 satis
2102 3324 2507 3390 inverecunde,
2546 3332 2616 3381 ut
2646 3327 2852 3391 fertur,
3276 3334 3277 3423 χ

417 3401 730 3496 Ἆῖίῐέἓῐρᾄᾪξξ.
752 3405 910 3462 dicta
949 3408 1323 3465 meretricula
1355 3407 1430 3462 A.
1458 3407 1565 3472 P.;
1611 3407 1765 3463 unde
1796 3408 1990 3472 citius,
2025 3414 2093 3464 ut
2120 3416 2376 3480 putatur,
2415 3418 2652 3483 propter
2690 3411 2854 3466 illius

753 3491 1252 3546 lmmoderantiam
1286 3491 1470 3547 vitam
1511 3491 1718 3547 finivit.

419 3582 532 3634 The
554 3585 673 3634 mis.
824 3574 896 3628 In
930 3575 1040 3629 hoc
1076 3574 1200 3629 loco
1248 3593 1472 3630 summe
1518 3576 1834 3631 notandum
1881 3583 1989 3639 est,
2042 3577 2198 3647 quod
2244 3578 2397 3634 sicut
2442 3579 2505 3634 in
2551 3580 2679 3651 ejus
2728 3583 2847 3653 pri-

421 3650 723 3730 squ-tunespt·
754 3658 997 3713 mordiis
1045 3665 1252 3714 cuncta
1297 3665 1468 3729 grata
1514 3665 1575 3714 et
1620 3677 1899 3730 prospera
1946 3662 2274 3717 successive
2317 3663 2511 3734 ipsum
2558 3664 2857 3721 illustrem

419 3716 731 3835 heffu‘gfflnss
753 3743 1150 3805 reddiderunt,
1202 3748 1263 3798 et
1309 3743 1606 3813 inclytum,
1648 3745 1749 3807 ita,
1800 3761 1870 3798 eo
1916 3744 1992 3799 ad
2027 3745 2271 3800 senilem
2307 3753 2539 3803 aetatem
2572 3758 2857 3821 vergente

421 3799 456 3848 Υ
754 3833 816 3882 et
854 3827 930 3881 ed
971 3844 1241 3881 oeenenm
1288 3826 1632 3890 declinante,
1686 3827 1939 3899 peccatis
1982 3829 2368 3900 exigentibus,
2420 3833 2703 3903 paulatim
2753 3835 2861 3889 iun

752 3911 950 3966 felicia
984 3910 1409 3975 decrescebant,
1449 3917 1511 3966 et
1543 3911 1862 3967 infortunia
1897 3913 2084 3968 multa
2114 3914 2368 3971 infausta
2396 3922 2458 3972 et
2490 3918 2860 3975 incommoda

755 3996 1226 4062 succrescebant;
1268 4013 1399 4066 quae
1435 3995 1716 4061 minuere,
1757 3997 1903 4068 proh
1939 3997 2139 4052 dolor!
2179 3999 2393 4055 famam
2429 4001 2576 4074 ejus.

824 4214 836 4244 ¹
862 4212 1101 4262 modestiae
1123 4212 1177 4262 in
1217 4213 1341 4278 orig.
1368 4233 1381 4272 ς
1420 4214 1490 4278 by
1530 4213 1763 4265 inadver-
1842 4220 1873 4244 “
1893 4215 2069 4267 Lam
2091 4226 2245 4270 maten
2271 4228 2318 4270 et
2354 4230 2508 4272 mom
2545 4241 2648 4274 noe
2678 4229 2850 4278 carnis

757 4300 922 4343 tence.
1843 4298 1873 4323 “
1896 4297 2040 4345 etiam
2074 4298 2125 4346 in
2147 4297 2291 4350 senili
2309 4308 2452 4351 oewte
2473 4319 2565 4352 non
2604 4303 2847 4367 cohibuit,-

822 4373 842 4400 ²
874 4389 1057 4437 quoque
1078 4373 1286 4424 omitted
1308 4372 1363 4422 in
1387 4373 1523 4423 Bibl.
1541 4373 1670 4438 Reg.
1701 4379 1759 4423 13
1841 4378 1872 4402 “
1896 4375 2022 4425 unde
2072 4378 2236 4439 citius,
2275 4388 2331 4429 ut
2373 4381 2606 4441 ereditur,
2642 4395 2853 4451 propter

759 4449 819 4499 E.
840 4449 910 4499 ix.
936 4454 1037 4501 and
1059 4452 1146 4501 the
1168 4453 1363 4517 printed
1385 4460 1536 4503 texts.
1841 4460 1873 4482 ‘⁴
1896 4453 2027 4503 illius
2049 4457 2631 4525 immoderantianfinivit
2650 4466 2852 4527 vitan?

826 4532 846 4559 ⁸
869 4531 1071 4579 Instead
1126 4531 1189 4579 of
1237 4531 1339 4582 this
1390 4547 1617 4596 passage,
1673 4533 1761 4584 the
1840 4542 1997 4584 ——not
2017 4550 2048 4585 a
2070 4539 2209 4587 word
2231 4538 2277 4587 is
2299 4539 2412 4590 said
2434 4540 2489 4590 in
2514 4543 2775 4596 reference
2798 4555 2854 4597 to

761 4609 1117 4660 Continuation
1184 4610 1246 4659 of
1303 4610 1584 4661 Mnrimuth
1653 4612 1762 4673 has,
1839 4613 1992 4664 Alice
2013 4616 2210 4668 Peren-s.

1379 4749 1434 4755 --
2006 4756 2075 4762 -ῌ-
2102 4757 2185 4764 ψ-
