3300 5617
1143 792 1472 844 msronu
1514 792 1935 845 Ausucum.
2456 779 2586 850 375

120 991 264 1043 MS.
284 992 422 1041 Bibl,
491 978 627 1034 dam
660 978 829 1044 alias,
868 977 1091 1049 absque
1134 977 1472 1034 resistentia
1519 979 1647 1034 sive
1693 979 1933 1035 licentia
1965 978 2371 1050 Anglicorum.
2444 981 2592 1036 Haec
2610 982 2750 1034 ΔΑ).
2780 988 2923 1036 1378.

122 1058 280 1122 neg.
308 1064 371 1109 13

118 1124 207 1175 E.
233 1126 313 1177 ix.

491 1067 689 1118 tamen
733 1062 795 1116 in
832 1061 1016 1117 Ducis
1052 1062 1318 1118 absentia
1363 1061 1518 1117 faeta
1554 1068 1693 1118 sunt
1739 1064 1803 1118 in
1836 1070 1997 1120 terra
2035 1065 2187 1130 ista3
2233 1064 2434 1135 sicque
2482 1065 2590 1120 sub
2614 1075 2757 1125 other

493 1147 601 1201 hac
655 1153 999 1217 tempestate
1048 1146 1147 1200 hie
1193 1145 1434 1216 illicque
1471 1143 1489 1177 ¹
1523 1147 1906 1218 percutimur,
1959 1147 2179 1218 ubique
2226 1166 2369 1205 vero
2418 1166 2590 1219 gene-
2614 1149 2792 1192 towns.

492 1231 700 1286 raliter
736 1230 1130 1300 flagellamur.
1207 1228 1456 1298 Quia,—

801 1316 839 1341 “
868 1312 937 1368 Si
971 1313 1127 1368 bubo
1164 1312 1348 1385 lapidi
1378 1314 1654 1384 jactetur,
1699 1315 1794 1371 vel
1842 1316 1993 1388 lapis
2029 1314 2139 1382 illi,

797 1400 837 1426 “
864 1396 1028 1454 Ictus
1071 1398 1283 1453 damna
1316 1399 1518 1468 gravis
1554 1416 1785 1472 semper
1819 1400 2059 1458 habebit
2091 1401 2280 1459 avis.”

934 1577 1036 1645 De
1080 1577 1478 1646 Polmtione
1534 1578 2125 1647 Westmonasterii.

560 1696 704 1750 Rem
759 1695 1085 1766 scripturus
1134 1713 1266 1751 sum
1314 1695 1449 1766 plus
1500 1714 1676 1767 quam
1724 1696 2029 1769 tragicam,
2085 1697 2188 1769 qui
2246 1698 2590 1754 comoediam
2615 1713 2874 1763 pollutio„

489 1780 794 1852 scripsisse
831 1797 1062 1852 semper
1096 1784 1476 1850 optaveram3
1529 1780 1721 1835 scelus
1757 1798 1793 1836 a
1827 1782 2041 1837 nostris
2078 1783 2309 1839 saeculis
2345 1783 2590 1838 intenta·
2616 1782 2678 1830 of
2693 1782 2855 1831 West-

490 1871 632 1929 tum,
674 1863 779 1919 sed
814 1864 876 1919 in
910 1864 1126 1919 nostris
1164 1862 1391 1929 diebus,
1429 1864 1579 1936 proh
1614 1863 1815 1919 dolor!
1854 1872 2286 1936 perpetratum3
2339 1867 2593 1937 qualiter
2615 1847 2825 1898 mimter

487 1948 762 2004 videlicet
811 1947 1082 2003 Sathanae
1130 1946 1435 2012 satellites,
1487 1947 1880 2019 irrumpentes
1917 1950 2222 2020 templum,
2262 1951 2592 2007 inauditum
2614 1914 2909 2045 323ζέἒῖ

488 2038 826 2105 perpetrant
878 2031 1116 2087 sceleris
1171 2030 1519 2102 exemplum,
1558 2032 1942 2102 pollutionem
1990 2034 2196 2103 utique
2245 2033 2405 2089 illius
2442 2034 2591 2089 aulai
2616 2048 2927 2098 andmurder

491 2116 622 2181 Dei,
662 2115 735 2171 ab
757 2114 1175 2187 Apostolorum
1211 2114 1484 2186 Principe
1520 2113 1823 2177 dedicatae,
1864 2120 1925 2170 et
1959 2115 2034 2170 ad
2067 2134 2325 2187 praesens
2361 2123 2592 2189 tempus
2617 2115 2905 2166 committed

489 2200 561 2256 ab
598 2201 743 2272 ipsis
780 2200 957 2256 etiam
993 2198 1311 2254 incredulis
1349 2206 1409 2254 et
1444 2199 1570 2253 sine
1607 2199 1720 2253 fide
1755 2196 2021 2254 hostibus
2058 2200 2397 2273 impollutas.
2477 2201 2595 2256 Sed
2616 2181 2771 2232 there.

488 2284 713 2339 invenit
735 2289 966 2354 tempus
997 2287 1280 2347 nostrum,
1309 2282 1457 2353 proh
1481 2281 1678 2337 dolor!
1717 2282 1981 2337 homines
2008 2282 2341 2339 Christiano
2363 2285 2595 2339 nomine

490 2368 819 2437 insignitoS,
858 2367 1088 2438 pejores
1122 2364 1514 2431 ²infidelibus,
1554 2370 1615 2421 et
1649 2365 2127 2421 irreverentiores
2164 2367 2309 2438 ipsis
2347 2366 2596 2423 ethnicis

490 2457 593 2507 aut
626 2450 889 2523 paganis.
967 2450 1198 2504 Revera
1231 2449 1447 2521 pagani
1485 2467 1726 2504 suorum
1764 2467 2064 2505 sacrorum
2099 2451 2499 2506 immunitates
2537 2458 2598 2507 et

483 2535 638 2607 jura,
669 2553 799 2607 quae
834 2552 949 2589 non
986 2533 1388 2598 Soldanorum,
1413 2532 1894 2598 Admiraliorum,
1934 2534 2058 2589 sive
2084 2533 2336 2604 Regum,
2375 2535 2594 2591 chartis

492 2619 830 2684 fulciuntur,
866 2618 968 2675 sed
1006 2619 1196 2674 solum
1229 2617 1534 2672 devotione
1571 2617 1929 2688 ’plebeiana,
1957 2618 2101 2673 adeo
2138 2618 2368 2674 illibata
2403 2626 2593 2674 custo-

491 2703 677 2767 diunt,
704 2708 773 2757 ut
797 2701 1046 2773 capitale
1071 2701 1151 2757 sit
1172 2700 1327 2756 infra
1362 2699 1648 2755 ambitum
1673 2700 1878 2771 templi
1902 2700 1924 2732 ⁴
1941 2700 2123 2756 ullius
2148 2701 2444 2757 hominem
2468 2721 2597 2775 per-

491 2787 763 2843 cussisse.
836 2786 922 2840 At
966 2784 1186 2857 templa
1218 2790 1383 2840 tanta
1417 2784 1677 2854 gaudent
1710 2784 2099 2849 immunitate,
2138 2791 2208 2841 ut
2239 2786 2392 2841 nulli
2426 2786 2602 2842 liceat

493 2869 768 2925 damnum
805 2874 908 2925 aut
942 2885 1259 2939 gravamen
1308 2867 1524 2922 inferre
1560 2867 1679 2922 hiis
1718 2867 1821 2938 qm’
1858 2883 1920 2922 se
1956 2867 2178 2923 talibus
2232 2868 2604 2926 libertatibus

493 2954 880 3009 contulerunt.
956 2952 1006 3007 E
1045 2956 1248 3006 contra
1293 2968 1454 3015 vem,
1508 2950 1830 3007 Christiani
1877 2952 2172 3008 modernis
2221 2954 2601 3025 temporibus,

494 3038 602 3093 sub
652 3037 766 3092 fide
817 3036 970 3101 falsi,
1011 3042 1072 3091 et
1113 3034 1431 3091 deteriores
1481 3035 1750 3099 ethniciS,
1790 3053 1906 3091 non
1955 3037 2158 3093 sinunt
2192 3037 2432 3092 domum
2468 3038 2601 3104 Dei,

491 3126 721 3192 portam
794 3119 948 3184 coeli,
1015 3119 1260 3190 januam
1330 3118 1618 3183 Paradisi,
1685 3118 1914 3175 Summi
1988 3119 2318 3176 Sacerdotis
2390 3122 2602 3186 aulam,

493 3204 768 3261 videlicet
802 3203 1040 3259 Domini
1077 3202 1117 3256 J
1120 3220 1226 3257 esu
1263 3201 1486 3257 Christi
1523 3220 1813 3274 sponsam,
1854 3221 1968 3259 non
2002 3203 2229 3260 ‘solum
2265 3204 2511 3261 liberam
2548 3212 2609 3261 et

493 3290 811 3345 immunem
860 3305 1010 3352 esse,
1051 3285 1155 3343 sed
1202 3286 1381 3341 etiam
1430 3286 1671 3342 incestis
1722 3287 2010 3354 manibus,
2065 3289 2316 3344 funestis
2366 3290 2603 3360 gladiis,

494 3374 644 3428 truci
695 3372 1010 3444 propositO,
1064 3388 1179 3426 non
1234 3376 1463 3426 tantum
1523 3370 1821 3436 ancillare,
1877 3371 1982 3427 sed
2041 3372 2285 3444 insuper
2344 3374 2606 3445 polluere

492 3459 745 3513 humano
804 3456 1109 3526 sanguine,
1162 3472 1279 3510 non
1332 3461 1628 3510 verentur.
1731 3455 1886 3524 Quid
1936 3473 2079 3528 ergo
2129 3456 2441 3512 dicendum
2494 3464 2604 3522 est,

494 3543 595 3596 ubi
656 3540 798 3596 fides
858 3540 1053 3612 periit,
1104 3538 1206 3611 jus
1268 3540 1523 3603 evanuit,
1589 3539 1823 3596 devotio
1894 3540 2107 3611 friguit
2177 3546 2238 3597 et
2309 3541 2562 3598 abcessit
2579 3542 2607 3597 P

494 3625 609 3681 Vel
647 3625 788 3693 quid
822 3623 843 3655 ⁶
861 3623 1253 3689 scribendum,
1294 3623 1396 3678 ubi
1446 3623 1634 3679 omnis
1685 3624 1981 3696 conspirat
2026 3625 2090 3679 in
2137 3623 2428 3681 deteriora
2473 3643 2606 3681 con-

498 3708 745 3765 sensus?
818 3708 1000 3763 Dolor
1047 3713 1245 3764 autem
1292 3724 1398 3762 nos
1448 3707 1624 3763 silere
1662 3708 1979 3779 compellit,
2019 3709 2212 3780 magis
2249 3715 2444 3764 autem
2480 3709 2611 3781 ipsa

495 3790 825 3863 periculosa
868 3804 1151 3862 tempora,
1204 3791 1266 3846 in
1328 3791 1541 3861 quibus
1590 3791 1798 3862 perfidi
1853 3791 2195 3857 Christiani,
2257 3791 2609 3848 Antichristi

497 3875 790 3946 discipuli,
866 3874 1053 3930 divini
1124 3874 1291 3931 verbi
1351 3875 1786 3946 praedicatoreS,
1862 3876 1987 3931 sive
2058 3876 2321 3948 ipsorum
2379 3893 2609 3931 morum

498 3957 931 4013 detestabilium
986 3959 1428 4030 conscriptores,
1480 3958 1651 4024 odiis,
1705 3958 1951 4024 damnis,
2011 3965 2073 4015 et
2129 3958 2365 4029 injuriis
2416 3977 2611 4031 perse·

500 4048 762 4114 quantos.
841 4041 957 4097 Sed
980 4046 1195 4106 tamen,
1223 4060 1297 4095 ne
1334 4042 1639 4097 videamur
1677 4043 1866 4113 magis
1901 4042 2167 4098 homines
2203 4042 2397 4098 vereri
2434 4061 2609 4113 quam

568 4256 580 4284 ¹
598 4253 942 4318 percutiuntur
1019 4252 1075 4302 in
1140 4252 1228 4303 the
1306 4253 1508 4317 printed
1603 4253 1804 4317 printed
1825 4259 1959 4304 texts
1985 4273 1999 4312 ;
2035 4254 2288 4304 corrected
2319 4253 2449 4303 from
2471 4253 2606 4305 Bibl.

496 4341 658 4385 textae
1604 4332 1730 4396 Reg.
1754 4337 1812 4380 13
1837 4332 1898 4382 Ε.
1923 4332 1994 4383 ix,

564 4416 585 4444 ²
606 4420 654 4462 et
670 4409 943 4474 infidelibus
965 4410 1020 4459 in
1035 4410 1122 4460 the
1135 4409 1336 4474 printed
1358 4416 1507 4460 texts.
1671 4413 1692 4439 ⁸
1711 4408 1861 4459 solam
1904 4410 1959 4461 iu
1999 4410 2152 4475 orig.;
2189 4413 2444 4462 corrected
2477 4411 2608 4461 from

564 4495 585 4522 ⁸
597 4489 740 4556 pleb&
800 4490 855 4540 in
917 4489 1062 4554 orig..
1100 4487 1259 4553 plebis
1304 4489 1359 4538 in
1425 4489 1509 4539 the
1606 4488 1691 4539 the
1713 4488 1914 4552 printed
1937 4495 2086 4539 texte.

500 4570 700 4635 printed
722 4575 885 4629 texts3
920 4568 1178 4619 corrected
1215 4568 1347 4617 from
1371 4567 1507 4618 Bibl.
1672 4569 1693 4595 ³
1711 4566 1955 4617 scribendi
2008 4568 2063 4618 in
2120 4567 2241 4634 orig.
2271 4589 2285 4629 ;
2353 4572 2609 4621 corrected

498 4650 629 4714 Beg.
652 4653 714 4699 13
728 4648 790 4699 Ε.
811 4647 887 4697 ix.
1603 4647 1737 4697 from
1759 4647 1845 4699 the
1865 4647 2064 4712 printed
2084 4652 2232 4699 texts·

570 4730 588 4759 ⁴
612 4726 794 4778 nullius
852 4727 907 4777 in
962 4726 1106 4793 orig„
1162 4724 1293 4777 ullius
1328 4724 1381 4777 in
1425 4725 1510 4778 the
