3300 5617
1105 802 1434 854 maroam
1461 801 1880 854 moueant
2420 783 2544 855 271

57 1003 213 1056 Lis,
243 1005 390 1059 Bm,
451 990 690 1047 armatis
717 990 1068 1056 hominibus,
1103 992 1466 1063 pernoctavit
1497 991 1560 1046 in
1593 990 1739 1046 villa
1773 990 1846 1045 de
1885 986 2234 1052 salumn-0,
2272 993 2412 1043 tunc
2442 988 2554 1043 sibi
2579 966 2715 1038 AJD.
2738 992 2882 1038 1346.

55 1070 228 1153 35³3,-
261 1080 327 1124 13
449 1076 680 1131 reddita
735 1094 859 1147 prae
916 1078 1145 1132 timore.
1235 1076 1380 1131 Post
1436 1076 1581 1140 haec,
1643 1075 1816 1131 villas
1879 1072 2077 1129 Sancti
2139 1072 2422 1127 Johannis
2482 1072 2553 1126 dc

63 1136 143 1187 L·
177 1153 267 1190 ¹¹·
449 1160 758 1232 Angeleyn
793 1166 853 1216 et
886 1160 959 1215 de
996 1160 1308 1215 Livesham
1343 1165 1636 1231 potenter„
1662 1159 1821 1230 cepit
1856 1157 1872 1190 ¹
1895 1158 2059 1226 [cum
2099 1156 2309 1211 castris
2349 1175 2552 1211 earun-

450 1246 602 1301 dem.
677 1245 824 1299 Inde
870 1245 1271 1316 progrediens,
1312 1245 1613 1299 civitatem
1648 1244 2021 1300 Pictavorum
2065 1246 2329 1311 potenter
2371 1238 2550 1311 cepit]

449 1349 556 1401 per
615 1330 916 1395 insultum,
993 1330 1179 1401 captis
1251 1329 1662 1384 resistentibus
1722 1329 1818 1385 vel
1891 1333 2119 1396 occisis,
2183 1337 2244 1384 et
2303 1326 2555 1399 quodam

449 1415 759 1487 EpiscopO,
823 1432 956 1468 cum
995 1420 1243 1483 quatuor
1290 1413 1617 1468 Baronibus
1659 1419 1719 1468 et
1755 1414 1959 1471 multis
2010 1417 2142 1471 aliis
2191 1412 2553 1484 fugientibus

450 1515 522 1553 ex
571 1500 689 1554 alia
735 1504 901 1569 parte
952 1495 976 1529 ²
992 1497 1283 1563 civitatis;
1340 1497 1403 1552 in
1458 1515 1576 1567 qua
1627 1514 1762 1551 cum
1815 1499 2068 1570 cepisset
2116 1499 2302 1572 spolia
2341 1502 2556 1567 quanta

448 1583 688 1655 placuit,
726 1581 905 1638 rediit
937 1580 1357 1654 Burdegaliam
1392 1598 1526 1637 cum
1564 1581 1880 1652 triumpho.

450 1814 552 1882 Dc
602 1814 914 1901 captione
968 1813 1244 1881 Galeeioe
1292 1819 1355 1880 ct
1396 1812 1630 1881 reditu
1689 1813 1899 1900 Reyis
1949 1814 2038 1880 in
2084 1813 2445 1900 Anyliam,
2496 1821 2558 1882 et

786 1915 1101 2005 pmoulo
1146 1915 1327 2004 quod
1366 1936 1731 2004 perpessus
1775 1923 1866 1982 est
1909 1915 1998 1983 ”m
2039 1916 2245 1983 mari.

521 2066 693 2121 Anno
742 2065 952 2137 gratim
1001 2063 1314 2119 millesimo
1348 2064 1761 2119 trecentesimo
1797 2063 2249 2135 quadragesimo
2285 2064 2552 2135 septimo,
2578 2060 2717 2146 AD
2746 2066 2889 2113 1347.

454 2150 556 2221 qui
593 2156 684 2207 est
719 2168 903 2205 annus
939 2149 1108 2219 regni
1146 2148 1329 2218 Regis
1367 2148 1662 2213 Edwardi,
1703 2166 1739 2203 a
1775 2147 2134 2219 Conquoestu
2169 2148 2372 2213 Tertii,
2403 2148 2557 2203 vice·
2582 2129 2760 2207 ¹³¹¹ssh5
2776 2130 2839 2177 ⁰f

455 2234 637 2288 simus
687 2233 932 2304 primus,
973 2249 1106 2286 cum
1157 2231 1284 2285 Rex
1317 2230 1553 2302 Angliae
1591 2231 1855 2287 strictius
1902 2230 2197 2287 obsider‘et
2245 2231 2554 2296 Calesiam,
2581 2195 2787 2312 ἓξὲξ
2789 2213 2825 2260 g
2839 2196 2900 2245 of

454 2318 580 2372 Rex
615 2317 897 2381 Franciae,
944 2316 1114 2387 juxta
1165 2315 1610 2386 promissionem
1668 2333 1844 2385 quam
1885 2316 2139 2371 obsessis
2189 2315 2554 2386 promiserat,
2585 2330 2688 2378 and
2709 2300 2824 2389 031⁹).

455 2401 698 2457 collecto
734 2401 1010 2464 exercitu,
1053 2398 1344 2454 Calesiam
1380 2400 1825 2469 appropinquat,
1864 2399 1939 2453 ad
1986 2399 2423 2455 dissolvendum
2460 2399 2557 2454 ob·
2584 2404 2694 2445 ture
2712 2396 2780 2473 pf

455 2485 757 2549 sidionem,
812 2484 863 2539 si
915 2481 1319 2554 quoquomodo
1353 2481 1593 2538 valeret.
1671 2482 1744 2537 In
1796 2483 2051 2538 crastino
2086 2501 2225 2539 vero
2275 2484 2558 2539 adventus
2586 2462 2768 2515 calm·

454 2568 566 2631 sui,
605 2567 758 2623 clam
792 2566 1061 2638 ³aufugit
1096 2566 1373 2631 dilucu10,
1431 2566 1655 2621 relictis
1691 2567 1980 2633 tentoriis,
2023 2585 2158 2622 cum
2206 2568 2558 2623 victualibus

454 2651 680 2707 abunde
729 2652 983 2715 refertis,
1033 2657 1300 2706 metuens
1357 2650 1638 2705 nimirum
1697 2651 1938 2721 Anglici
1991 2651 2176 2723 Regis
2234 2651 2555 2716 audaciam,

456 2753 632 2807 quam
667 2742 939 2808 expertus
976 2735 1169 2791 fuerat
1201 2752 1410 2806 parum
1445 2740 1598 2799 ante,
1639 2734 1850 2789 damno
1888 2752 2011 2791 suc.
2090 2735 2205 2804 Qui
2243 2737 2303 2790 in
2329 2735 2561 2791 Calesia

453 2820 658 2875 villam
681 2819 960 2875 tenebant
995 2826 1198 2875 contra
1231 2819 1458 2890 Regem
1493 2818 1750 2889 Anglioe‚
1790 2820 1919 2874 viso
1955 2820 2112 2891 quod
2147 2820 2274 2874 Rex
2296 2819 2559 2874 Franciae

454 2904 799 2975 aufugisset,
832 2905 959 2975 jam
983 2904 1216 2959 omnino
1235 2902 1627 2974 „desperantes
1664 2903 1737 2958 de
1774 2920 2074 2969 succursu,
2111 2910 2172 2959 et
2206 2920 2275 2959 eo
2310 2905 2559 2958 maxime

454 2989 610 3059 quod
663 2990 816 3043 fame
852 2995 914 3044 et
963 2988 1158 3043 inedia
1205 2985 1597 3051 tabescebant,
1636 2987 1842 3042 villam
1892 2988 2045 3059 Regi
2094 2987 2332 3058 Angliae
2366 2987 2558 3042 reddi-

454 3071 682 3137 derunt,
722 3073 903 3129 salvis
939 3073 1064 3128 vita
1098 3077 1159 3127 et
1207 3069 1504 3126 membris.
1581 3069 1708 3125 Rex
1744 3078 1942 3128 autem
1990 3072 2295 3142 ingressus
2329 3071 2554 3134 villam,

454 3157 581 3227 ejus
618 3156 984 3228 dispositioni
1020 3160 1081 3211 et
1114 3155 1462 3211 ordinationi
1514 3155 1777 3210 totaliter
1829 3155 2184 3221 intendebat,
2231 3156 2399 3227 quasi
2452 3171 2558 3226 per

454 3241 708 3312 spatium
743 3241 917 3296 unius
954 3240 1171 3295 mensis
1205 3256 1446 3293 manens
1483 3238 1721 3293 ibidem.

523 3324 686 3396 Papa
717 3341 877 3390 vero,
917 3322 1292 3380 considerans
1326 3339 1454 3376 rem
1491 3322 1811 3392 contigisse
1848 3323 2200 3377 contrariam
2221 3322 2373 3378 votis
2411 3323 2555 3386 suis,
2586 3326 2697 3378 The
2719 3326 2858 3392 Pope

452 3414 513 3464 et
557 3408 683 3479 jam
737 3409 964 3480 Regem
1014 3407 1250 3477 Angliae
1309 3406 1583 3461 effectum
1641 3405 2089 3462 celeberrimum
2144 3408 2300 3463 inter
2357 3424 2557 3462 omnes
2585 3410 2819 3458 proposes
2842 3411 2872 3445 ss

452 3510 642 3563 reges,
699 3493 1052 3564 interposuit
1103 3497 1300 3563 partes
1348 3508 1503 3555 suas,
1557 3496 1626 3545 ut
1677 3496 1889 3561 treuga
1938 3490 2106 3546 fieret
2152 3490 2307 3546 inter
2354 3508 2555 3562 regna.
2584 3470 2737 3511 truce.

452 3577 531 3633 Et
581 3583 715 3649 post
775 3577 902 3632 hoec
966 3593 1102 3632 cum
1162 3592 1391 3632 summa
1441 3574 1615 3629 laude
1668 3581 1729 3630 et
1800 3574 1992 3645 gloria
2039 3575 2165 3630 Rex
2213 3574 2556 3639 Edwardus,

453 3661 609 3717 circa
629 3662 845 3716 festum
872 3660 1071 3716 Sancti
1104 3657 1430 3723 Michaelis,
1457 3658 1522 3712 in
1551 3657 1833 3728 Angliam
1855 3665 1948 3714 est
1978 3675 2270 3714 reversus.
2348 3658 2465 3714 Sed
2499 3658 2562 3712 in
2585 3668 2804 3718 Edward

452 3745 766 3810 redeundo,
795 3745 949 3800 sicut
984 3743 1273 3814 quondam
1310 3741 1383 3797 de
1419 3742 1727 3797 Britannia
1761 3742 1976 3797 Minori
2013 3743 2355 3813 repatrians,
2382 3742 2561 3797 maxi-
2585 3742 2783 3784 retum
2804 3743 2857 3785 ¹0

453 3846 609 3883 mam
645 3833 1049 3900 tempestatem
1096 3844 1410 3899 perpessus
1448 3832 1541 3882 est
1575 3826 1638 3880 in
1673 3826 1857 3892 mari;
1896 3826 1998 3881 ubi
2046 3827 2262 3882 multos
2298 3827 2558 3881 valentes
2586 3802 2839 3867 Ensshmd·

454 3918 514 3968 et
547 3913 758 3983 probos
795 3912 868 3967 de
906 3911 1029 3967 suis
1081 3911 1295 3975 amisit,
1350 3910 1437 3966 sic
1473 3915 1535 3965 et
1569 3909 1742 3964 modo
1777 3927 2020 3981 magnas
2072 3910 2317 3981 pertulit
2357 3910 2561 3964 adver·
2586 3918 2637 3966 Is
2660 3933 2805 3969 over-

462 3996 704 4063 sitates;
743 3996 932 4052 ⁴unde
975 3996 1175 4052 Beatae
1199 3994 1437 4067 Virgini
1471 3998 1826 4066 conquestus
1851 4000 1958 4059 est,
1985 3994 2319 4059 dicens,—“
2350 3993 2563 4049 Sancta
2586 3985 2738 4035 taken
2770 3987 2841 4050 by
2864 4001 2895 4035 ²²

457 4084 495 4107 ‘⁴
533 4080 788 4146 Maria,'’
837 4081 1050 4152 inquit,
1119 4081 1156 4107 “
1184 4078 1436 4134 Domina
1493 4095 1642 4143 mea,
1700 4077 1845 4149 quid
1898 4083 2006 4143 est,
2063 4077 2219 4149 quod
2270 4077 2561 4134 tendendo
2586 4060 2757 4111 ‘'mm'’
2781 4053 2881 4101 ”¹¹⁶¹

458 4167 497 4194 “
532 4182 740 4222 versus
778 4163 1105 4229 Franciam,
1145 4162 1304 4218 felici
1342 4179 1484 4217 aura
1518 4162 1713 4232 potior
1735 4178 1897 4217 mare
1932 4161 2215 4232 placatur,
2244 4166 2305 4217 et
2352 4168 2563 4218 cuncta
2584 4118 2799 4249 ινῃῑζέῗ
2810 4118 2897 4169 the

2586 4251 2752 4317 Mary.

521 4430 691 4482 1’1Ἶιίει
735 4433 835 4482 and
879 4431 965 4482 the
1004 4429 1149 4496 eight
1193 4428 1452 4493 following
1624 4429 1645 4458 ⁸
1677 4427 1933 4495 affuyitin
1956 4426 2083 4494 orig.

451 4513 631 4573 words,
654 4511 884 4576 supplied
906 4510 1039 4561 from
1057 4508 1451 4572 MS.Bib1.Reg.
1619 4505 1640 4536 ⁴
1665 4506 1793 4557 This
1814 4508 1858 4557 is
1901 4507 2173 4559 somewhat
2194 4508 2388 4559 similar
2402 4516 2456 4560 to
2479 4511 2564 4561 the

456 4597 517 4641 13
538 4591 599 4641 E.
623 4591 695 4641 ix.
731 4605 816 4642 are
848 4589 1057 4640 omitted
1093 4587 1149 4637 in
1170 4587 1316 4653 orig„
1353 4588 1456 4637 and
1558 4593 1766 4639 context
1799 4585 1862 4636 of
1898 4586 2010 4637 MS.
2054 4588 2256 4641 Cotton.
2295 4589 2563 4653 Cleopatra

451 4670 512 4729 in
527 4671 613 4722 the
635 4670 839 4735 printed
859 4675 1010 4720 texts.
1558 4668 1627 4720 A.
1654 4667 1762 4719 xvi.
1787 4667 1905 4731 (8.8.
1934 4669 2104 4733 1347).

516 4753 537 4781 ²
557 4749 838 4801 civitatibus
882 4749 937 4799 in
960 4748 1046 4800 the
1067 4746 1265 4812 printed
1285 4752 1434 4798 texts.
