3300 5617
762 756 891 823 376
1415 767 1677 816 'mom
1723 766 2190 819 wasmom

422 956 732 1007 A.D.1378.
762 952 972 1017 Deum,
1013 953 1129 1007 etsi
1178 948 1380 1020 ¹[non]
1433 949 1712 1006 universa
1757 950 1914 1006 mala
1960 968 2091 1022 quse
2130 953 2278 1008 fiunt
2311 953 2375 1007 in
2409 958 2571 1009 terra
2605 953 2877 1009 scribere
2906 950 3032 1001 MS·
3059 952 3172 1001 Effi-

761 1035 1145 1100 decrevimus,
1204 1036 1310 1090 illa
1362 1034 1571 1090 saltem
1621 1034 1921 1090 trademus
1973 1036 2197 1092 notitiae
2271 1044 2658 1108 posterorum,
2734 1056 2876 1108 quae
2901 1017 3070 1133 {⁶51-
3073 1024 3126 1067 13

761 1137 868 1190 pro
905 1120 998 1174 sui
1036 1118 1441 1189 magnitudine
1478 1118 1662 1173 latere
1699 1136 1814 1173 non
1848 1117 2077 1174 debent.
2954 1121 2969 1134 ’

428 1217 667 1266 Groundg
830 1203 1016 1257 Erant
1064 1220 1206 1273 ergo
1258 1202 1322 1257 in
1369 1201 1485 1256 hiis
1539 1201 1900 1272 temporibus
1954 1202 2069 1258 duo
2119 1202 2420 1273 armigeri,
2474 1204 2690 1275 quibus
2750 1223 2874 1259 non

427 1284 506 1333 for
528 1286 616 1332 the
640 1282 733 1331 im·
761 1286 932 1341 facile
969 1285 1062 1340 vel
1098 1287 1161 1341 in
1187 1285 1408 1357 Anglia
1433 1285 1531 1341 vel
1562 1285 1624 1340 in
1657 1285 1907 1341 Francia
1941 1285 2253 1341 validiores
2285 1287 2534 1358 reperiri
2562 1288 2870 1359 valerent3

424 1349 736 1465 Ξῗῇοέἂιξῐῦῐ
759 1387 969 1424 nomen
1004 1370 1106 1425 uni
1146 1372 1184 1397 “
1212 1370 1503 1426 Robertus
1538 1368 1869 1434 2Haulee,”
1908 1369 2080 1425 alteri
2115 1387 2256 1426 vero
2297 1373 2334 1397 “
2362 1371 2402 1425 J
2403 1371 2657 1427 ohannes
2683 1372 2872 1427 Scha-

426 1482 592 1532 Haule
614 1483 714 1532 and
765 1456 803 1480 ‘⁴
841 1453 998 1509 kel.”
1072 1454 1181 1508 Hii
1241 1460 1375 1509 ante
1435 1452 1800 1518 decennium,
1863 1453 1927 1508 in
1984 1453 2140 1508 bello
2201 1454 2359 1525 quod
2427 1454 2874 1511 illustrissimus

423 1547 565 1598 John
762 1537 1042 1609 Princeps
1078 1537 1400 1593 Edwardus
1437 1543 1638 1593 contra
1673 1537 1970 1608 Hispanos
2014 1542 2298 1610 gesserat,
2337 1537 2401 1607 in
2436 1556 2553 1609 quo
2599 1545 2661 1595 et
2705 1539 2875 1595 Hen-

428 1615 663 1667 Schsskel·
760 1621 951 1676 ricum
1009 1621 1362 1677 Bastardum
1416 1621 1651 1686 devicit,
1716 1627 1777 1678 et
1835 1621 2080 1677 Petrum
2139 1622 2383 1677 fratrem
2443 1622 2591 1693 ejus,
2646 1623 2873 1696 injuste

760 1705 1014 1777 pulsum,
1065 1723 1249 1777 regno
1308 1705 1588 1770 restituit,
1653 1710 1928 1777 ceperant
1976 1704 2266 1761 Comitem
2313 1704 2386 1760 de
2434 1705 2616 1772 Deua,
2669 1707 2872 1762 virum

760 1808 875 1844 nou
922 1789 1258 1860 ignobilem,
1324 1789 1425 1861 qui
1478 1788 1705 1860 judicio
1753 1789 2046 1860 Principis
2108 1795 2168 1845 et
2226 1789 2266 1843 J
2269 1789 2512 1845 ohannis
2573 1790 2868 1857 Cha-udos,

760 1873 1050 1929 dictorum
1081 1874 1509 1944 armigerorum
1558 1873 1851 1944 magistri,
1888 1890 2090 1928 eorum
2138 1874 2404 1946 captivus
2459 1880 2551 1931 est
2601 1874 2864 1931 effectus.

763 1956 951 2028 Super
1004 1974 1254 2026 quorum
1292 1956 1543 2012 decretis
1607 1955 1629 1987 ⁸
1648 1956 1762 2027 ipsi
1824 1957 2108 2028 armigeri
2176 1957 2428 2024 chartas,
2469 1963 2591 2013 tam
2639 1958 2867 2015 Princi-

761 2040 850 2111 pis
912 2058 1088 2111 quam
1148 2040 1289 2095 dicti
1351 2040 1391 2094 J
1394 2040 1635 2095 ohannis
1698 2039 1916 2111 sigillis
1989 2040 2267 2105 firmatae,
2342 2040 2726 2108 obtinuerant,
2787 2062 2867 2098 ne

759 2124 1008 2195 alicujus
1036 2124 1100 2178 in
1124 2130 1424 2195 posterum
1456 2124 1748 2196 impetitio
1782 2122 2135 2195 praepediret
2162 2141 2281 2189 eos,
2310 2125 2620 2195 quominus
2648 2126 2865 2182 emolu-

756 2214 1020 2263 mentum
1054 2214 1232 2264 tantae
1280 2226 1542 2279 personae
1590 2208 1978 2279 perciperent.
2054 2207 2266 2263 Dictus
2315 2208 2502 2279 igitur
2545 2208 2753 2265 Comes
2787 2211 2864 2265 de

757 2292 924 2347 Deua
972 2292 1157 2346 filium
1213 2310 1383 2347 suum
1436 2292 1895 2363 primogenitum
1949 2291 2035 2346 eis
2087 2290 2328 2347 dederat
2379 2293 2443 2346 in
2495 2293 2515 2325 ⁴
2534 2293 2862 2350 obsidatum

755 2394 862 2447 pro
900 2393 986 2441 e0,
1026 2376 1167 2430 dum
1202 2376 1348 2448 ipse,
1389 2376 1680 2431 dictorum
1728 2376 2160 2446 armigerorum
2198 2375 2585 2445 indulgentia,
2626 2377 2700 2432 ad
2733 2396 2864 2450 pro-

754 2460 886 2529 pria
920 2460 1203 2514 remissus
1242 2466 1415 2515 esset.
1494 2459 1705 2514 Comes
1756 2464 1972 2524 autem,
2014 2464 2326 2530 postquam
2379 2459 2698 2531 Hispanias
2732 2479 2864 2533 per-

753 2544 1030 2607 venisset,
1069 2543 1440 2616 parvipendit
1475 2543 1650 2598 fidem
1686 2543 1884 2598 datam
1919 2543 2037 2598 hiis
2075 2544 2178 2615 qui
2215 2561 2350 2598 eum
2386 2550 2678 2616 ceperant,
2717 2546 2857 2611 filio,

753 2632 823 2681 ut
857 2627 1079 2682 dictum
1127 2632 1234 2690 est,
1281 2627 1343 2681 iu
1388 2627 1610 2697 Anglia
1663 2627 1865 2681 obside
1913 2626 2211 2682 derelicto.
2284 2626 2462 2682 Hunc
2488 2645 2651 2699 erg0,
2701 2637 2856 2701 post-

754 2728 930 2781 quam
976 2716 1201 2766 naturae
1249 2710 1446 2765 debita
1491 2709 1913 2780 persolvissent
1959 2709 2075 2764 duo
2123 2709 2515 2764 illustrissimi
2563 2710 2855 2778 Edwardi,

750 2793 1044 2859 videlieet,
1098 2794 1224 2849 Rex
1272 2800 1457 2866 pater,
1516 2793 1673 2848 filius
1729 2810 1960 2864 quoque
1996 2792 2299 2864 Princeps,
2352 2793 2672 2850 consiliarii
2722 2799 2859 2852 novi

751 2877 935 2948 Regis
972 2878 1048 2933 ad
1083 2896 1228 2950 opus
1272 2877 1536 2949 ejusdem
1572 2877 1592 2907 ⁶
1611 2876 1836 2931 tumide
1869 2877 2202 2949 petierunt;
2241 2882 2310 2932 ut
2345 2877 2696 2948 quibusdam
2717 2898 2855 2936 vero

748 2961 958 3032 placet,
998 2962 1107 3018 hoc
1143 2963 1362 3017 factum
1399 2967 1491 3016 est
1525 2961 1587 3014 in
1623 2961 1875 3031 gratiam
1912 2960 2096 3015 Ducis
2133 2960 2506 3026 Lancastfiae,
2547 2963 2651 3032 qui
2685 2963 2856 3019 habe-

748 3044 850 3099 bat
900 3046 1001 3116 jus
1061 3046 1125 3099 in
1183 3063 1431 3116 regnum
1479 3044 1802 3116 Hispaniae,
1854 3048 1938 3108 ut,
2002 3043 2203 3099 habito
2262 3049 2423 3099 tanto
2472 3044 2718 3112 Comite,
2780 3049 2855 3104 ad

747 3129 1015 3198 proedicti
1073 3129 1243 3199 regni
1305 3128 1734 3200 possessionem
1793 3127 2027 3182 facilius
2091 3129 2441 3198 perveniret.
2541 3129 2663 3184 Alii
2716 3149 2854 3186 vero

747 3212 1084 3267 asserebant
1116 3213 1335 3268 factum
1372 3217 1608 3283 propter
1644 3210 1957 3265 Dominam
1985 3210 2315 3274 Matildam,
2355 3230 2615 3267 sororem
2647 3213 2848 3285 Regis,

746 3294 1013 3349 relictam
1054 3294 1292 3349 Domini
1330 3294 1399 3348 P.
1440 3294 1512 3349 de
1550 3294 1896 3365 Courteney,
1948 3300 2033 3358 ut,
2075 3293 2180 3348 illa
2227 3294 2340 3350 sibi
2390 3295 2751 3367 desponsata,
2794 3310 2854 3354 et

748 3377 852 3431 illa
895 3383 1056 3433 tanto
1103 3379 1232 3433 viro
1277 3384 1739 3448 promoveretur,
1778 3385 1847 3433 ut
1895 3395 2008 3448 pax
2047 3383 2108 3433 et
2143 3378 2453 3434 concordia
2498 3390 2854 3438 accresceret

745 3478 852 3531 per
909 3459 1057 3516 tales
1116 3463 1350 3534 nuptias
1400 3463 1552 3518 inter
1612 3479 1814 3532 regna.
1893 3461 2012 3516 Sed
2058 3462 2221 3517 nullo
2281 3462 2453 3519 modo
2513 3465 2852 3536 praedictam

742 3545 764 3572 ⁰
781 3544 1077 3615 prisonam
1124 3551 1468 3617 extorquere
1515 3550 1786 3617 poterant
1834 3544 1906 3599 ab
1955 3544 2192 3600 illorum
2253 3547 2523 3603 manibus
2573 3548 2697 3603 Rex
2743 3568 2850 3606 nec

744 3629 871 3699 ipse
907 3628 1060 3693 Dux,
1108 3630 1250 3700 quin
1296 3631 1491 3700 ipsum
1538 3629 1899 3685 occultarent
1933 3635 1994 3684 et
2029 3629 2101 3684 ab
2139 3647 2341 3685 eorum
2388 3632 2656 3688 manibus
2692 3634 2849 3689 elon·

744 3719 970 3782 garent.
1047 3712 1413 3784 Quapropter
1450 3714 1606 3786 capti
1642 3720 1704 3770 et
1739 3714 1800 3768 in
1834 3713 2010 3768 Turri
2054 3713 2445 3770 Londoniensi
2491 3716 2644 3770 trusi
2691 3724 2846 3774 sunt.

412 3802 559 3866 They
581 3820 657 3853 es·
744 3796 834 3851 De
882 3815 998 3869 qua
1047 3797 1315 3852 custodia
1363 3797 1693 3863 evadenteS,
1749 3796 1769 3835 ⁷
1787 3797 1848 3851 in
1902 3796 2086 3852 Curia
2137 3797 2212 3851 ad
2265 3796 2849 3856 westmonasterium

409 3885 530 3932 cave
554 3870 683 3920 from
743 3884 1148 3954 confugerunt.
1238 3882 1405 3952 Quod
1464 3883 1599 3938 Dux
1648 3882 1909 3953 graviter
1968 3883 2181 3948 ferens,
2246 3888 2306 3940 et
2366 3901 2568 3940 eorum
2628 3887 2846 3951 aemuli,

407 3935 704 4055 ἑξῗίᾟὲᾗρῆ
733 3967 1080 4057 consiliarii,
1107 3966 1129 3999 ⁸
1146 3965 1507 4039 [consilium]
1534 3966 1880 4032 inauditum,
1909 3971 1994 4031 ut,
2016 3956 2311 4033 videlicet,
2340 3969 2551 4039 spretis
2577 3974 2663 4024 tot
2686 3988 2850 4026 sanc-

807 4236 818 4264 ¹
847 4234 1088 4299 Supplied
1140 4235 1271 4285 from
1317 4235 1453 4286 Bibl.
1498 4236 1621 4301 Reg.
1680 4240 1739 4285 13
1904 4237 1924 4264 ³
1947 4234 2108 4284 timide
2143 4235 2196 4286 in
2233 4235 2359 4300 orig.
2384 4237 2484 4285 and
2523 4236 2610 4286 the
2643 4238 2848 4302 printed

737 4313 796 4362 Ε.
822 4314 892 4362 ix.
916 4316 1015 4363 and
1037 4315 1124 4364 the
1146 4314 1346 4378 printed
1368 4322 1518 4366 texts.
1839 4320 1971 4363 texts
1994 4333 2008 4373 3
2034 4316 2290 4365 corrected
2313 4316 2444 4364 from
2468 4314 2604 4367 Bibl.
2627 4316 2755 4381 Reg.
2784 4324 2846 4367 13

800 4394 821 4422 ²
841 4391 1009 4442 Haule
1030 4393 1084 4442 in
1107 4395 1193 4445 the
1215 4395 1416 4458 printed
1439 4402 1586 4446 texts.
1840 4393 1902 4442 E.
1927 4391 1997 4442 ix.
2159 4407 2168 4417 ·

798 4473 817 4501 ³
846 4472 1034 4522 Christi
1054 4475 1284 4538 anniyeri
1301 4474 1353 4522 in
1379 4473 1507 4537 orig.
1531 4473 1633 4522 and
1654 4473 1741 4523 the
1901 4478 1922 4504 ⁶
1935 4492 2192 4541 personam
2213 4478 2268 4526 in
2285 4478 2372 4527 the
2388 4479 2589 4541 printed
2609 4485 2760 4529 texts.

731 4552 930 4615 printed
953 4558 1087 4601 texts
1109 4573 1123 4611 ς
1160 4553 1417 4602 corrected
1440 4552 1572 4601 from
1602 4552 1738 4602 BibL
1903 4556 1922 4582 '¹
1938 4554 1996 4603 de
2019 4555 2072 4604 iu
2098 4556 2185 4605 the
2207 4557 2404 4620 printed
2427 4563 2575 4607 texts.

730 4631 856 4694 Reg.
887 4635 946 4679 13
977 4630 1037 4679 E.
1059 4630 1133 4680 ix.
1903 4633 1923 4662 ⁸
1946 4633 2185 4697 Supplied
2235 4636 2364 4684 from
2409 4635 2547 4685 Bibl.
2591 4635 2724 4702 Reg.
2786 4643 2850 4688 13

797 4711 814 4740 ⁴
836 4706 1040 4759 obsidem
1062 4708 1118 4758 in
1141 4709 1225 4759 the
1256 4709 1458 4774 printed
1485 4717 1636 4760 texts.
1834 4712 1895 4762 Ε.
1920 4711 1992 4762 ix.
2019 4715 2117 4763 and
2141 4713 2225 4764 the
2252 4714 2448 4778 printed
2471 4722 2620 4765 texts,
