3300 5617
791 770 919 831 212
1455 781 1717 831 ‘rsonae
1761 779 2228 831 wusmom

455 985 590 1036 ΑΒ.
619 990 763 1039 1339.
791 976 831 1086 Τ

869 978 986 1039 tur,
1006 972 1340 1030 vicariatus
1365 971 1617 1027 officium
1640 989 1749 1043 per
1770 977 1954 1028 totam
1967 972 2376 1028 Alamanniam
2401 976 2463 1028 et
2486 971 2874 1034 Germaniam,
2900 981 3011 1033 ΠΒ.
3031 982 3152 1034 Ilzrl.

816 1062 831 1086 ⁸
870 1076 937 1114 ac
984 1057 1287 1113 universas
1323 1063 1385 1112 et
1418 1056 1683 1126 singulas
1730 1073 1932 1111 earum
1978 1057 2332 1128 provincias,
2382 1058 2509 1113 sive
2554 1062 2770 1128 pmtes,
2807 1056 2879 1110 ab
2902 1055 3011 1100 655.

2902 1115 3148 1180 Heu-inge

792 1146 831 1170 “
869 1141 1072 1198 eodem
1101 1141 1416 1207 Ludovico,
1456 1141 1566 1195 sub
1600 1141 1925 1212 imperialis
1958 1141 2212 1196 nominis
2247 1141 2441 1206 titulo,
2478 1147 2549 1196 ut
2581 1140 2875 1204 asseritur,

793 1314 831 1338 “
870 1316 1030 1366 rator
1068 1310 1163 1374 sit,
1201 1314 1271 1365 ut
1307 1310 1637 1381 praefertur.
1715 1309 1901 1380 Cujus
1939 1316 2247 1381 praetextu,
2294 1311 2592 1365 nonnullis
2627 1309 2878 1382 pr'aelatis

793 1397 831 1421 ‘⁴
871 1394 1250 1449 ecclesiarum
1321 1400 1383 1449 et
1446 1394 1713 1465 personis
1783 1394 2195 1450 ecclesiasticis
2255 1395 2318 1449 in
2387 1396 2564 1454 terris
2642 1394 2881 1466 Imperii

794 1481 831 1504 “
869 1478 1224 1543 constitutis,
1264 1496 1331 1532 ac
1366 1477 1429 1532 in
1464 1483 1666 1533 nostra
1701 1482 1762 1534 et
1796 1478 2079 1534 Ecclesiae
2104 1485 2440 1535 memoratae
2474 1479 2782 1534 devotione
2815 1496 2880 1532 ac

795 1566 831 1588 “
870 1561 1152 1617 fidelitate
1205 1561 1419 1617 debitis
1472 1562 1944 1633 persistentibus,
2009 1563 2118 1618 sub
2177 1564 2365 1635 poenis
2426 1563 2727 1635 gravibus,
2781 1579 2882 1634 per

794 1649 832 1672 ‘⁶
870 1651 1003 1701 tuas
1040 1646 1127 1702 eis
1163 1646 1391 1702 litteras
1427 1646 1813 1710 comminatis,
1852 1646 2159 1703 mandasse
2194 1647 2429 1713 diceris,
2468 1653 2530 1703 et
2563 1647 2881 1703 districtius

795 1733 832 1755 ‘⁸
871 1728 1211 1799 injunxisse,
1251 1736 1320 1785 ut
1353 1730 1430 1785 ad
1463 1736 1541 1795 te,
1580 1736 1860 1801 tanquam
1897 1730 2162 1801 ejusdem
2197 1731 2483 1787 Ludovici
2517 1731 2582 1785 in
2615 1730 2879 1786 Alaman-

795 1817 831 1839 “
870 1814 970 1868 nia
1037 1820 1098 1869 et
1157 1812 1487 1878 Germania,
1550 1821 1612 1869 et
1680 1815 1944 1886 partibus
2013 1815 2385 1886 supradictis,
2456 1815 2778 1879 Vicarium,
2826 1823 2883 1869 et

795 1901 830 1923 ‘⁶
871 1897 1130 1952 audituri
1160 1898 1581 1953 sententiarum
1610 1905 1672 1953 et
1692 1898 2056 1970 judiciorum
2082 1900 2270 1971 ipsius
2300 1898 2604 1963 Ludovici,
2631 1905 2882 1954 tuorum·

794 1984 830 2007 “
871 1998 985 2050 que
1009 1981 1432 2046 mandatorum,
1458 1982 1891 2047 rectitudinem,
1920 2001 1989 2038 ac
2012 1984 2334 2055 praestituri
2357 1982 2550 2050 eidem
2574 1983 2879 2046 Ludovieo,

795 2066 833 2090 “
870 2063 969 2119 vel
1018 2065 1129 2120 tibi
1183 2064 1199 2096 ¹
1217 2066 1345 2137 ejus
1404 2065 1656 2131 nomine,
1718 2067 2165 2138 recognitiones,
2227 2067 2504 2138 homagia
2563 2067 2634 2122 de
2693 2068 2879 2131 terris,

794 2150 831 2174 ‘⁴
870 2147 1057 2213 bonis,
1097 2154 1159 2204 et
1186 2147 1441 2219 juribus,
1500 2168 1631 2220 quoe
1667 2155 1869 2206 tenent
1902 2150 1976 2206 ab
2012 2150 2290 2222 Imperi0,
2332 2153 2725 2207 convenirent.
2799 2149 2882 2204 De

794 2234 831 2258 “
869 2237 930 2286 te
959 2231 1163 2303 igitur,
1191 2232 1294 2296 fili,
1322 2232 1426 2287 ubi
1451 2233 1530 2289 sit
1558 2240 1663 2289 tua
1683 2239 2035 2305 tuorumque
2065 2235 2529 2290 consiliariorum
2561 2234 2880 2307 prudentia,

795 2317 832 2340 “
871 2331 942 2368 ex
993 2313 1099 2369 ²eo
1146 2316 1475 2387 praesertim
1524 2334 1641 2372 non
1696 2319 2013 2374 sufficimus
2068 2318 2365 2382 admirari,
2406 2318 2562 2390 quod
2613 2337 2748 2374 cum
2801 2324 2879 2380 tu,

794 2400 830 2424 ‘⁶
872 2398 1026 2454 sicut
1079 2398 1429 2464 audivimus,
1486 2417 1593 2471 pro
1643 2401 1884 2456 illorum
1942 2403 2288 2475 repetitione
2340 2402 2570 2473 jurium
2632 2420 2764 2473 quae
2815 2400 2880 2455 ad

793 2484 831 2508 “
869 2487 929 2536 te
965 2482 1179 2537 asseris
1225 2484 1540 2555 pertinere,
1594 2502 1711 2540 non
1764 2486 1889 2541 sine
1944 2487 2258 2558 grandium
2307 2504 2691 2558 personarum
2735 2486 2882 2558 peri·

793 2569 830 2592 ‘⁴
870 2565 1038 2630 culis,
1079 2584 1146 2621 ac
1182 2584 1567 2638 expensarum
1591 2575 1654 2624 et
1677 2575 2019 2641 sumptuum
2055 2569 2375 2642 profluviis,
2414 2570 2780 2643 peregrinari
2814 2569 2884 2625 ad

794 2653 830 2676 ‘⁴
869 2655 1067 2720 partes
1115 2649 1479 2706 Alamanniae
1528 2654 1847 2717 curaveris,
1900 2660 1961 2708 et
2005 2654 2221 2709 multos
2285 2673 2461 2726 super
2518 2654 2630 2709 hoc
2681 2654 2882 2709 feceris

794 2736 831 2758 “
871 2739 1202 2805 apparatus,
1241 2752 1395 2790 nunc
1446 2736 1660 2807 spretis
1714 2736 1979 2808 ejusdem
2015 2738 2461 2809 praedecessoris
2496 2738 2880 2811 processibus,

794 2818 832 2844 ‘⁸
871 2822 934 2872 et
966 2817 1232 2874 deductis
1269 2817 1680 2875 damnabiliter
1727 2820 1790 2875 in
1835 2825 2231 2893 contemptum
2265 2822 2456 2892 poenis
2493 2828 2552 2878 et
2588 2822 2884 2878 sententiis

794 2903 832 2927 “
872 2900 1244 2973 supradictis,
1291 2901 1505 2973 quibus
1556 2909 1615 2957 te
1663 2904 1989 2969 manifeste,
2043 2905 2095 2960 si
2150 2923 2282 2976 quae
2332 2906 2501 2961 nobis
2554 2907 2884 2961 referuntur

796 2987 832 3011 “
870 3002 1013 3040 vera
1046 2985 1182 3050 sint,
1220 3002 1337 3040 non
1372 2985 1591 3057 absque
1626 2986 1919 3042 horrenda
1951 2994 2105 3052 nota,
2147 3007 2279 3059 quae
2312 3008 2428 3044 non
2462 3007 2672 3061 parum
2696 2989 2884 3044 obfus-

794 3070 833 3095 “
870 3075 966 3124 cat
1023 3069 1111 3123 tui
1184 3068 1509 3124 claritatem
1570 3071 1824 3141 generis,
1887 3070 2272 3142 proculdubio
2341 3072 2712 3145 ³implicasti.
2812 3074 2886 3129 Et

795 3155 832 3180 ‘⁶
871 3153 1270 3216 nihilominus,
1327 3155 1596 3225 quamvis
1655 3174 1762 3211 nos
1815 3161 1875 3211 te
1927 3174 2228 3228 nunquam
2286 3156 2719 3224 offenderimus,
2781 3177 2883 3214 nec

795 3240 833 3264 “
871 3244 1073 3293 contra
1094 3244 1154 3293 te
1190 3238 1415 3311 aliquid
1448 3237 1795 3306 fecerimus3
1847 3258 2181 3312 quanquam
2217 3247 2279 3297 et
2311 3242 2707 3298 intelleximus
2742 3243 2884 3299 falso

795 3323 832 3346 ‘⁴
872 3326 934 3375 et
966 3321 1323 3377 mendaciter
1359 3329 1709 3395 suggestum
1758 3324 1868 3379 tibi
1909 3342 2015 3396 per
2064 3341 2163 3380 eos
2215 3325 2318 3397 qui
2370 3332 2449 3390 te,
2506 3327 2776 3392 salutem,
2829 3334 2887 3383 et

796 3407 833 3429 “
870 3403 1147 3459 honorem
1183 3412 1352 3461 tuum
1403 3407 1643 3462 minime
1697 3407 1971 3478 diligunt,
2013 3409 2212 3475 fuerit,
2253 3409 2410 3480 quod
2439 3427 2550 3465 nos
2586 3411 2884 3466 carissimo

797 3489 833 3512 “
874 3487 935 3540 in
982 3487 1239 3554 Christo,
1279 3489 1401 3545 filio
1447 3497 1649 3546 nostro
1696 3491 1991 3563 Philippo,
2041 3492 2200 3563 Regi
2248 3492 2512 3549 Franciae
2548 3494 2789 3560 illustri,
2827 3496 2885 3550 in

795 3572 834 3595 “
872 3571 1155 3626 auxilium
1210 3591 1439 3644 guerrae
1494 3592 1634 3638 suae,
1692 3574 1994 3645 ingentem
2054 3576 2317 3648 pecuniae
2378 3578 2766 3648 quantitatem
2815 3577 2884 3632 de

796 3656 834 3680 “
872 3661 1074 3710 nostra
1147 3673 1381 3711 camera
1448 3654 1835 3723 ⁴dederimus,
1918 3658 2189 3730 quodque
2262 3660 2696 3718 institutionem
2761 3680 2883 3735 per·

792 3741 833 3765 “
873 3755 1145 3794 sonarum
1182 3739 1708 3796 ecclesiasticarum
1758 3760 2233 3801 concesseramus
2287 3745 2481 3801 eidem
2515 3746 2580 3801 in
2615 3748 2878 3803 omnibus

795 3826 832 3850 ‘⁶
871 3823 1136 3894 ecclesiis
1171 3824 1341 3895 regni
1366 3824 1477 3888 sui,
1506 3843 1637 3896 quae
1673 3826 2006 3881 omnimoda
2039 3845 2239 3884 carere
2261 3830 2511 3885 veritate
2530 3837 2880 3897 noscuntur;

796 3909 833 3933 “
871 3907 1015 3962 talia
1065 3925 1316 3979 namque
1367 3927 1667 3980 nunquam
1720 3911 2015 3982 postulata
2065 3913 2307 3970 fuerunt
2357 3931 2395 3968 a
2439 3915 2628 3980 nobis,
2676 3933 2785 3972 nec
2817 3933 2884 3971 ea

797 3994 833 4016 “
872 3991 1361 4047 concessissemus
1430 3992 1865 4063 quomodolibet
1921 4012 2058 4050 cum
2110 4002 2554 4070 quantacunque
2612 3999 2885 4056 instantia

798 4079 833 4099 ‘⁴
872 4075 1058 4145 petita
1090 4075 1377 4142 fuissent3
1438 4094 1546 4132 nec
1582 4076 1839 4133 decimas
1893 4084 2097 4134 contra
2130 4085 2190 4137 te
2227 4079 2382 4153 Regi
2414 4080 2436 4113 ⁶
2455 4082 2721 4140 Franciae
2755 4102 2884 4141 con·

798 4159 834 4183 “
873 4158 1176 4224 cessimus,
1239 4159 1343 4214 sed
1401 4159 1684 4217 adversus
1743 4161 2091 4219 Teutonicos
2162 4163 2461 4222 Ludovico
2530 4167 2886 4225 adhaerentes

798 4243 834 4267 ‘⁶
873 4241 1170 4312 praedicto,
1210 4243 1515 4315 ipsiusque
1552 4244 1834 4301 Ecclesiae
1882 4245 2160 4304 Romanoe
2213 4247 2499 4316 inimicos,
2539 4251 2644 4321 qui
2695 4252 2771 4308 ad
2804 4254 2887 4308 in-

872 4524 1198 4591 ·hnjumat,
1220 4528 1364 4580 Harl.
1393 4535 1506 4580 655.
1956 4536 1973 4564 ⁴
1995 4533 2293 4599 dederamus,
2316 4536 2462 4589 Harl.
2489 4543 2602 4591 6⁵5.

864 4606 884 4635 ²
906 4621 981 4664 ea,
1004 4605 1147 4657 Harl.
1172 4612 1285 4658 655.
1958 4614 1977 4642 ⁸
1999 4614 2318 4679 ancornn,
2341 4617 2486 4671 Harl.
2512 4624 2623 4671 655.

868 4686 888 4715 ⁸
909 4683 1252 4750 multiplicasti,
1274 4686 1418 4739 Harl.
1445 4694 1555 4738 655.

792 1229 829 1254 ‘³
869 1225 1179 1297 suscepisti
1216 1225 1290 1280 de
1325 1226 1511 1290 sact03
1550 1242 1687 1280 cum
1721 1225 1848 1296 ipse
1883 1225 2217 1281 Ludovicus
2251 1243 2360 1281 nec
2394 1225 2523 1281 Rex
2553 1243 2664 1281 nec
2691 1181 3084 1314 Imm-{5:13-
