3300 5617
788 754 927 827 ‘334
1464 772 1723 825 mom
1766 771 2238 825 wammam

456 966 594 1021 A.D.
624 972 765 1024 1377,
793 961 1112 1027 camisiam,
1139 963 1505 1020 vestimentis
1530 963 1674 1020 suis.
1751 963 2036 1020 Custodes
2058 979 2200 1020 vero
2225 960 2496 1033 Quinque
2519 960 2814 1017 Portuum
2836 977 2913 1015 ex
2936 962 3054 1015 MS.
3076 961 3194 1015 nm

454 1051 569 1103 The
793 1045 999 1112 officio,
1039 1054 1160 1103 tam
1195 1049 1259 1102 in
1293 1049 1661 1121 processione
1702 1066 1878 1120 quam
1913 1050 1978 1104 in
2011 1049 2285 1105 unctione
2321 1053 2384 1103 et
2416 1046 2622 1111 Missa,
2651 1051 2733 1111 et,
2773 1050 2912 1117 post
2935 1033 3077 1098 13⁶8·
3095 1036 3148 1080 ¹³

455 1119 760 1188 Aminflnss·
792 1129 1056 1196 Missam,
1097 1132 1238 1188 dum
1274 1133 1390 1187 iret
1436 1132 1510 1189 ad
1558 1132 1852 1188 Palatium
1890 1133 1964 1188 ab
1999 1133 2266 1197 ecclesia,
2323 1148 2553 1203 semper
2589 1136 2910 1187 tenuerunt
2935 1100 2997 1151 E·
3019 1115 3098 1149 ¹¹³

789 1215 1198 1271 umbraculum
1235 1217 1487 1272 sericum
1522 1235 1823 1288 magnum,
1852 1217 2064 1274 coloris
2100 1217 2267 1282 aerii,
2295 1222 2545 1287 quatuor
2579 1215 2771 1271 hastis
2802 1231 2910 1286 per

791 1307 1040 1371 quatuor
1060 1302 1305 1372 angulos
1332 1302 1693 1373 colligatum.
1770 1300 1888 1357 Sed
1910 1319 2025 1357 non
2050 1301 2315 1356 obstante
2338 1300 2682 1355 umbraculo
2706 1317 2908 1371 suprae

790 1384 968 1449 dicto,
1008 1402 1144 1440 mox
1167 1391 1480 1458 antequam
1503 1385 2000 1457 Archiepiscopus
2028 1403 2163 1441 eum
2188 1386 2311 1441 suis
2335 1386 2602 1442 vestibus
2625 1385 2902 1449 exuisset,

790 1468 1003 1524 allatus
1057 1475 1150 1525 est
1200 1488 1427 1541 pannus
1482 1487 1697 1525 aureus
1735 1488 1771 1524 a
1807 1468 2155 1535 Comitibus,
2197 1470 2305 1525 sub
2352 1486 2469 1541 quo
2518 1469 2713 1533 latuit,
2764 1468 2904 1523 dum

789 1554 1080 1610 unctionis
1115 1555 1446 1626 perciperet
1481 1560 1864 1610 sacramenta.
1978 1554 2493 1626 Arohiepiscopus,
2521 1560 2592 1610 ut
2626 1554 2898 1619 diximus,

786 1654 857 1692 eo
908 1637 1147 1704 nudato,
1204 1640 1374 1695 unxit
1424 1656 1631 1694 manus
1683 1637 1813 1708 ejus
1849 1637 1923 1693 de
1972 1637 2102 1693 oleo
2157 1638 2532 1701 sanctificato,
2599 1642 2614 1673 ¹
2636 1634 2896 1709 [dicens;

787 1724 901 1764 ——“
940 1722 1252 1794 Ungantnr
1312 1740 1520 1778 manus
1567 1723 1699 1778 istoe
1765 1721 1839 1777 de
1886 1722 2017 1778 oleo
2077 1719 2460 1793 sanctificato]
2519 1722 2675 1777 unde
2742 1722 2898 1777 uncti

792 1810 829 1834 ‘⁶
869 1806 1109 1863 fuerunt
1157 1808 1354 1878 Reges
1392 1814 1453 1863 et
1486 1807 1819 1880 Prophetae,
1860 1812 1923 1863 et
1970 1806 2127 1863 siout
2177 1806 2346 1861 unxit
2386 1805 2626 1862 Samuel
2675 1804 2902 1861 ²David

791 1892 829 1917 ‘⁶
868 1890 932 1945 in
964 1891 1228 1963 Regem;
1256 1899 1324 1948 ut
1360 1893 1442 1947 sis
1478 1891 1820 1946 benedictus
1856 1895 1918 1945 et
1952 1890 2307 1947 constitutus
2333 1890 2461 1944 Rex
2482 1891 2548 1944 in
2569 1906 2753 1961 regno
2787 1891 2902 1945 isto

793 1976 831 2001 “
869 1992 1046 2046 super
1080 1976 1361 2047 populum
1408 1976 1608 2040 istum,
1654 1991 1830 2046 quem
1878 1975 2166 2031 Dominus
2220 1975 2382 2029 Deus
2417 1980 2560 2030 tuus
2595 1973 2760 2029 dedit
2791 1974 2898 2029 tibi

793 2060 831 2085 “
870 2058 945 2113 ad
990 2059 1313 2131 regendum
1374 2066 1435 2116 et
1493 2058 2001 2131 gubernandum.”
2071 2059 2228 2115 Item
2277 2059 2427 2114 dixit
2485 2058 2900 2123 orationem,—

794 2143 831 2169 “
870 2143 1166 2215 Prospice‚
1219 2143 1598 2218 Omnipotens
1648 2143 1873 2199 Deus.’'
1996 2143 2144 2199 Post
2187 2144 2331 2208 haeo,
2382 2143 2553 2198 unxit
2595 2142 2898 2213 Archiepi-

789 2244 999 2299 scopus
1036 2234 1212 2299 caput
1247 2228 1394 2298 ejus,
1452 2233 1513 2283 et
1546 2234 1752 2299 pectus
1789 2234 1852 2284 et
1887 2228 2177 2299 scapulas,
2229 2227 2548 2298 ambasque
2590 2243 2898 2297 compages

790 2311 1183 2377 brachiorum,
1229 2312 1568 2377 dicens,—“
1586 2312 1901 2384 Ungantur
1943 2318 2123 2383 caput
2175 2311 2354 2376 istud,
2409 2316 2636 2383 pectus,
2679 2315 2742 2366 et
2776 2327 2896 2365 sca-

787 2398 826 2423 “
863 2395 1038 2465 pulae,
1068 2402 1127 2451 et
1163 2413 1476 2468 compages
1516 2396 1910 2462 brachiorum,
1939 2396 2012 2452 de
2050 2395 2178 2451 oleo
2215 2395 2593 2460 sanctificato,
2624 2393 2798 2459 etc.,”
2835 2399 2898 2449 ut

784 2480 1136 2635 5332301?
1161 2480 1685 2621 ssffissffaffff
1709 2477 2515 2636 &Zitsswgfflffhgffiao‘s'
2535 2478 2901 2618 ‘ssfnffffiss

789 2651 826 2675 “
865 2647 1177 2720 Propheta,
1206 2654 1267 2703 et
1289 2649 1666 2705 ascendentes
1691 2648 1815 2704 laeti
1837 2648 2129 2713 dixerunt,
2162 2652 2176 2676 ‘
2195 2648 2381 2704 Vivat
2417 2646 2434 2679 ¹
2460 2643 2664 2718 [ΒΜ]ο
2740 2646 2898 2702 Alle-

789 2736 826 2759 “
870 2734 886 2760 ‘
913 2732 1075 2787 luia.’
1097 2732 1132 2757 ’'
1207 2733 1529 2803 Postquam
1577 2733 1882 2803 subjunxit
1916 2731 2542 2803 Metropolitanus,—“
2570 2730 2751 2796 Deus,
2791 2730 2899 2784 Dei

789 2820 828 2844 “
866 2816 1042 2883 filius,
1100 2817 1140 2872 J
1143 2834 1277 2873 esus
1340 2818 1633 2883 Christus,
1701 2816 1989 2872 Dominus
2036 2822 2253 2882 noster,
2305 2817 2408 2888 qui
2458 2834 2495 2870 a
2552 2815 2730 2870 Patre
2776 2814 2900 2870 oleo

791 2905 829 2929 “
868 2904 1245 2959 exultationis
1294 2909 1505 2959 unctus
1544 2909 1636 2959 est
1670 2922 1793 2976 prm
1827 2903 2214 2975 participibus
2271 2903 2414 2968 suis,
2455 2903 2583 2973 ipse
2618 2918 2726 2974 per
2757 2919 2901 2972 prae-

790 2989 827 3014 ‘⁸
868 2993 1091 3042 sentem
1140 2988 1291 3043 sacri
1342 2988 1623 3058 unguinis
1671 2987 2026 3042 infusionem
2076 2987 2351 3056 spiritum
2402 2984 2696 3040 Paracleti
2730 3002 2903 3056 super

788 3074 827 3099 ‘¹
866 3076 1043 3143 caput
1094 3077 1263 3126 tuum
1301 3071 1588 3137 infundat,
1641 3070 1664 3103 ⁴
1680 3071 2146 3126 benedictionem
2194 3070 2554 3140 eandemque
2588 3086 2778 3141 nsque
2829 3068 2902 3122 ad

788 3157 825 3181 “
865 3155 1145 3210 interiora
1179 3155 1372 3211 cordis
1409 3155 1497 3210 tui
1533 3160 1840 3227 penetrare
1876 3156 2055 3210 faciat
2072 3165 2100 3221 ς·
2128 3161 2415 3225 quatenus
2450 3154 2562 3208 hoc
2587 3152 2807 3211 visibili
2844 3158 2902 3207 et

787 3240 827 3266 ‘⁸
865 3239 1160 3294 tractabili
1183 3238 1335 3294 dono
1357 3239 1681 3294 invisibilia
1712 3238 2033 3311 percipere,
2062 3244 2139 3304 et,
2167 3237 2476 3309 temporali
2511 3254 2695 3308 regno
2722 3237 2901 3308 justis

788 3326 826 3350 ‘⁶
865 3323 1361 3379 moderaminibus
1429 3329 1690 3388 executO,
1758 3323 2112 3378 aeternaliter
2154 3339 2290 3378 cum
2338 3340 2405 3377 eo
2463 3339 2733 3395 regnare,
2786 3338 2902 3376 me·

789 3409 826 3434 ‘⁴
866 3407 1112 3463 rearis.”
1208 3407 1366 3472 Mox,
1398 3408 1564 3463 finita
1592 3408 1872 3472 oratione,
1918 3407 2411 3478 Archiepiscopus
2448 3424 2584 3462 cum
2616 3406 2902 3478 Episcopo

782 3490 1204 3561 hymnum‚—“
1239 3491 1396 3547 Veni
1436 3491 1699 3556 Creator,
1743 3490 2061 3562 Spiritus‚’'
2100 3490 2117 3523 ¹
2142 3488 2558 3563 [inceperunt],
2615 3490 2781 3561 Rege
2815 3490 2901 3544 in·

782 3576 958 3629 terim
993 3580 1285 3646 prostrato
1320 3576 1382 3630 in
1416 3576 1597 3647 longa
1618 3575 1810 3641 venia,
1838 3581 1900 3631 et
1921 3576 2080 3631 circa
2113 3593 2250 3631 eum
2284 3574 2736 3647 Metropolitano
2769 3591 2902 3629 cum

787 3658 1184 3730 Suffiaganeis
1222 3661 1366 3716 suis.

858 3743 1108 3815 Expleto
1143 3744 1380 3816 hymno,
1421 3748 1651 3799 erectus
1690 3750 1782 3800 est
1805 3743 1931 3799 Rex
1955 3744 2028 3800 ab
2050 3742 2527 3815 Archiepiscopo,
2569 3748 2631 3798 et
2663 3740 2902 3798 indutus

785 3834 878 3884 est
917 3829 1110 3900 primo
1150 3829 1352 3884 tunica
1389 3828 1590 3884 Sancti
1630 3828 1926 3894 Edwardi,
1970 3834 2032 3883 et
2065 3834 2216 3901 post,
2259 3828 2527 3899 ejusdem
2568 3826 2899 3892 dalmatica,

786 3912 1049 3983 projecta
1086 3912 1243 3968 circa
1288 3912 1505 3967 collum
1543 3913 1674 3984 ejus
1709 3913 1876 3977 stola,
1916 3912 2373 3983 Archiepiscopo
2412 3912 2702 3968 orationes
2747 3929 2899 3966 com-

454 4000 694 4067 Delivery
711 4004 773 4052 of
787 4002 1050 4068 petentes
1087 3997 1326 4052 interim
1362 4003 1770 4069 prosequente.
1846 3997 1994 4052 Post
2016 3998 2162 4063 hoec,
2215 3995 2730 4068 Archiepiscopus‚
2770 4014 2904 4051 cum

452 4070 535 4120 the
554 4070 731 4121 SWOFd
789 4081 1115 4154 Episcopis,
1155 4080 1401 4137 tradidit
1435 4082 1492 4136 ei
1529 4081 1814 4152 gladium,
1856 4081 1943 4136 ita
1983 4081 2181 4137 dicens
2203 4084 2337 4147 ;—“
2362 4082 2583 4153 Accipe
2619 4080 2902 4152 gladium,

449 4136 632 4252 ἓξὲξ
793 4170 830 4193 “
868 4183 973 4237 per
1044 4184 1252 4222 manus
1314 4166 1758 4238 Episcoporum,
1822 4165 1965 4221 licet
2023 4165 2315 4237 indignas,
2390 4165 2519 4222 vice
2584 4171 2789 4262 tamen
2847 4171 2909 4220 et

451 4269 649 4336 ΜΨ·
793 4253 831 4363 «ἶ
868 4256 1229 4407 ῗζῖῗζῖξζ,
1253 4249 2462 4407 Βὲἓὲἓὲἶῗοῆῗὲἒὲοὲίἲῖἒὲἓοῗέἰῖζῗ
2490 4249 2908 4391 23351’5211235

854 4591 867 4623 ¹
895 4589 1138 4656 supplied
1158 4589 1290 4641 from
1320 4588 1458 4639 Bibl.
1483 4587 1612 4654 Reg.
1640 4593 1703 4638 13
1733 4587 1794 4638 Ε.
1966 4590 1986 4618 ³
2013 4593 2035 4637 1
2064 4586 2231 4654 Kinys
2250 4588 2287 4639 i.
2310 4593 2392 4639 45.

788 4671 864 4721 ix.
915 4670 1146 4722 Omitted
1167 4670 1221 4720 in
1244 4670 1331 4720 the
1354 4669 1555 4734 printed
1576 4676 1729 4720 texte.
1964 4668 1983 4696 ⁴
2006 4667 2462 4744 benedictionemque
2500 4666 2697 4718 eandem
2733 4667 2789 4718 in
2823 4668 2914 4720 the

847 4752 869 4783 ²
890 4748 1140 4801 Davidem
1162 4748 1219 4801 in
1241 4749 1327 4801 the
1349 4748 1552 4813 printed
1574 4754 1724 4799 texts.
1895 4745 2098 4811 printed
2118 4754 2267 4799 texts.
