3300 5617
716 788 845 860 374
1377 801 1637 850 ‘mom
1680 800 2150 850 wammam

383 993 522 1045 A.D.
546 999 688 1045 1378.
716 988 1052 1054 incredulis,
1082 989 1208 1045 sive
1231 987 1450 1044 nostris
1486 987 1736 1054 aemulis,
1763 987 1884 1044 odii
1921 1004 2025 1045 seu
2059 987 2303 1045 malitiae
2337 987 2544 1059 ¹argui
2575 987 2600 1021 ²
2620 988 2818 1044 valea-
2845 994 2965 1045 MS.
2995 993 3134 1044 Bm.

714 1093 865 1129 mus.
916 1073 1011 1129 Ne
1044 1090 1186 1144 ergo
1212 1073 1435 1129 lateant
1464 1073 1698 1128 omnino
1732 1073 1983 1144 posteris
2014 1073 2171 1129 facta
2203 1078 2549 1138 nostratum,
2575 1074 2817 1146 parcius
2839 1062 2980 1179 {8ss-
3013 1067 3080 1111 ¹³

718 1176 894 1228 quam
930 1164 1099 1229 gesta
1132 1162 1270 1213 sunt
1309 1158 1504 1213 omnia
1536 1164 1677 1213 tunc
1711 1158 1992 1230 temporis
2027 1157 2284 1214 locuturi
2325 1175 2547 1223 sumus,
2591 1158 2817 1212 cursim
2931 1144 3014 1179 ¹²

717 1242 1088 1308 transeundo,
1115 1243 1312 1314 potius
1339 1259 1517 1314 quam
1541 1240 1787 1308 silendo,
1825 1242 2163 1308 infortunia,
2194 1259 2373 1314 quam
2393 1243 2458 1296 in
2479 1240 2697 1298 talibus
2735 1242 2822 1297 in-

719 1325 1013 1381 morando,

388 1416 470 1466 He
491 1431 683 1466 crosses
791 1410 1106 1479 Ingressus
1140 1425 1304 1464 mare
1339 1408 1493 1474 Dux,
1541 1413 1677 1480 post
1711 1426 1829 1463 non
1877 1408 2097 1464 multos
2138 1408 2284 1474 dies,
2336 1408 2414 1464 ad
2461 1408 2830 1463 Britanniam

389 1499 511 1534 0V01’
529 1491 583 1533 ²0
723 1500 814 1549 est
858 1493 1140 1563 trajectus
1185 1493 1574 1558 Armoricam,
1636 1492 1742 1548 ubi
1788 1493 2108 1548 combustas
2169 1496 2309 1549 sunt
2353 1492 2622 1563 quasdam
2667 1492 2829 1547 villae

388 1551 684 1666 ξξᾞξζξῇ
722 1595 826 1649 per
851 1576 1167 1631 Dominum
1190 1575 1513 1631 Robertum
1537 1576 1821 1642 Knolles;
1863 1577 1967 1632 sed
2002 1582 2150 1631 ’non
2184 1576 2441 1647 impune,
2468 1594 2604 1630 nam
2627 1576 2826 1647 plures

394 1684 601 1732 Knoues
724 1661 925 1717 amisit
965 1678 1035 1715 ex
1069 1660 1492 1715 valentioribus
1527 1661 1676 1717 viris
1713 1661 1856 1719 suis.
1932 1658 2067 1715 Dux
2100 1677 2243 1716 vero
2279 1659 2355 1716 ad
2387 1659 2666 1715 Sanctum
2699 1660 2826 1714 Ma-

393 1750 506 1813 lays
528 1755 678 1798 waste
726 1746 885 1800 Ioum
923 1762 986 1800 se
1023 1762 1157 1800 cum
1182 1744 1451 1800 omnibus
1488 1745 1676 1816 copiis
1701 1744 1969 1810 contulit,
1997 1744 2203 1800 villam
2241 1744 2395 1800 inter
2430 1762 2628 1799 omnes
2655 1743 2826 1799 villas

394 1816 479 1867 the
501 1831 653 1867 00¹1ss-
726 1829 1049 1885 Britanniae
1084 1829 1390 1893 munitam,
1441 1828 1461 1861 ⁴
1480 1829 1567 1885 ita
1601 1834 1687 1894 ut,
1727 1828 1834 1884 ina
1879 1833 2066 1901 capta,
2122 1828 2332 1883 fecisse
2367 1828 2594 1899 aliquid
2626 1829 2825 1898 magni

391 1890 490 1948 ¹³¹7·
726 1913 1044 1970 videretur.
1121 1911 1238 1968 Sed
1260 1912 1487 1978 villani,
1515 1918 1583 1968 ut
1605 1911 1843 1978 dieitur,
1870 1911 1944 1967 de
1967 1911 2116 1967 tanti
2141 1912 2429 1967 exercitus
2453 1911 2828 1967 multitudine

725 1996 1072 2060 tremefacti,
1111 1995 1451 2053 obtulerunt
1485 1995 1640 2051 Duci
1676 1995 1899 2061 villam,
1940 2012 2010 2049 eo
2047 1999 2219 2067 pacto
2259 2000 2328 2050 ut
2368 1995 2494 2066 ipse
2530 2012 2629 2049 eos
2669 2012 2704 2050 a
2739 2013 2828 2049 rae

726 2081 882 2152 pinis
920 2086 982 2135 et
1008 2079 1295 2136 incendiis
1332 2085 1617 2145 tueretur,
1659 2096 1795 2135 cum
1819 2078 2087 2135 omnibus
2122 2077 2291 2135 bonis
2327 2078 2470 2134 suis.
2546 2077 2662 2134 Sed
2695 2077 2830 2132 Dux

724 2163 874 2219 hanc
924 2164 1144 2219 civium
1198 2162 1649 2219 submissionem
1709 2162 2007 2217 aestimans
2068 2178 2200 2217 esse
2251 2160 2601 2226 vecordiam,
2657 2168 2830 2233 prout

727 2246 1030 2303 dicebatur
1066 2265 1104 2301 a
1137 2246 1426 2319 pluribus,
1456 2245 1659 2302 audita
1692 2251 1815 2301 tam
1858 2249 1878 2278 ⁸
1891 2246 2154 2316 gratiosa
2192 2244 2540 2311 conditione,
2566 2262 2681 2300 non
2704 2262 2829 2300 sus-

728 2331 886 2402 cepit
920 2347 1039 2397 eos,
1080 2330 1186 2387 sed
1219 2331 1458 2403 repulit,
1498 2330 1561 2385 in
1596 2334 1827 2386 tantum
1866 2336 1934 2385 ut
1979 2346 2184 2400 pacem
2214 2327 2469 2384 oblatam
2509 2336 2825 2400 sperneret,

727 2412 1007 2469 mandans
1043 2419 1114 2469 ut
1146 2414 1272 2469 sine
1321 2413 1651 2471 conditione
1699 2412 1899 2485 aliqua
1937 2412 2251 2468 redderent
2291 2412 2406 2467 sibi
2451 2412 2674 2478 villam,
2713 2413 2829 2468 fac-

728 2503 862 2552 tus-o
898 2496 971 2551 de
1008 2515 1079 2553 ea
1131 2503 1193 2555 et
1226 2497 1457 2553 civibus
1502 2514 1868 2569 quaecunque
1911 2497 2025 2552 sibi
2076 2496 2353 2568 placeret.
2457 2494 2631 2551 Cives
2667 2513 2825 2561 vere,

726 2589 1037 2653 postquam
1073 2581 1200 2637 haec
1235 2581 1555 2646 audissent,
1594 2580 1861 2636 videntes
1900 2598 2029 2635 rem
2066 2581 2168 2651 agi
2201 2598 2308 2651 pro
2349 2580 2656 2651 capitibus,
2696 2598 2828 2635 con-

728 2670 898 2736 cepta
934 2663 1180 2721 audacia
1200 2665 1407 2720 villam
1442 2664 1716 2721 alacriter
1752 2664 2110 2721 munierunt.
2187 2663 2322 2718 Dux
2365 2681 2525 2729 vere,
2572 2663 2829 2719 collectis

729 2746 1101 2813 exercitibus,
1145 2754 1206 2803 et
1244 2747 1421 2804 rebus
1459 2746 1860 2823 expugnandae
1893 2747 2054 2804 villae
2092 2747 2458 2813 necessariis,
2489 2746 2675 2818 jussit
2708 2748 2831 2803 suis

728 2837 798 2887 ut
832 2832 988 2886 irent
1025 2830 1101 2886 ad
1142 2830 1557 2903 experiendum
1591 2831 1750 2887 vires
1789 2849 1924 2887 cum
1959 2831 2215 2897 villanis,
2256 2830 2398 2886 dum
2435 2831 2562 2898 ipse
2596 2831 2831 2887 interim

730 2933 793 2969 se
830 2914 1154 2971 contineret
1190 2932 1225 2970 a
1259 2914 1454 2986 longe,
1481 2915 1981 2985 contemplaturus
2004 2913 2312 2980 bellantes,
2347 2921 2407 2970 et
2441 2914 2690 2985 optimos
2725 2933 2831 2987 pro

730 2998 957 3053 meritis
995 3003 1491 3055 remuneraturus.
1568 2998 1900 3055 conserunt
1923 3016 2066 3069 ergo
2101 3016 2307 3054 manus
2331 2996 2572 3070 Anglici
2609 3006 2668 3053 et
2702 2999 2833 3053 Bri-

734 3082 911 3147 tanni,
954 3087 1013 3138 et
1065 3081 1379 3138 “utrolibet
1428 3081 1643 3138 aeriter
1703 3082 2064 3139 decertatum
2124 3088 2234 3149 est,
2296 3082 2418 3138 illis
2465 3083 2832 3155 cupientibus

729 3183 824 3220 res
874 3171 935 3221 et
983 3165 1178 3236 capita
1223 3166 1537 3231 custodire,
1602 3166 1736 3223 istis
1796 3184 1829 3221 e
1876 3166 2167 3223 contrario
2218 3165 2540 3222 nitentibus
2585 3167 2831 3223 villanos

731 3254 1001 3315 atterere,
1042 3255 1103 3304 et
1137 3249 1365 3305 civibus
1402 3248 1553 3320 ⁷[et]
1594 3267 1796 3305 eorum
1827 3249 2293 3322 possessionibus
2329 3250 2633 3306 dominari.
2710 3251 2831 3308 Sed

398 3339 510 3388 The
534 3339 685 3389 Duke
732 3332 984 3397 tandem,
1023 3339 1093 3388 ut
1128 3333 1405 3400 creditur,
1447 3333 1725 3405 injuriam
1772 3335 1962 3404 passis
2011 3334 2245 3388 fortuna
2289 3334 2490 3398 ⁸favit,
2531 3339 2590 3390 et
2626 3352 2830 3406 preva-

398 3406 443 3456 is
465 3407 691 3488 dffeated
732 3417 973 3472 luerunt
1020 3416 1308 3483 Britanni,
1362 3416 1634 3488 Anglicis
1686 3435 1721 3471 a
1767 3418 1955 3472 muris
1991 3417 2244 3488 turpiter
2281 3417 2424 3472 satis
2461 3416 2720 3488 dejectiS,
2773 3423 2836 3472 et

396 3473 615 3589 ἰὶἓωῒ
734 3500 1183 3571 quamplurimis
1208 3518 1279 3555 ex
1306 3501 1727 3556 valentioribus
1751 3501 2096 3556 interfectis.
2173 3499 2328 3569 Quid
2351 3500 2563 3572 plura?
2629 3501 2838 3556 Doluit

507 3555 551 3589 θ’
733 3582 867 3639 Dux
902 3602 1140 3640 suorum
1178 3585 1332 3640 facta
1366 3585 1595 3649 foedari,
1635 3602 1770 3640 cum
1813 3586 1938 3640 suis
1978 3584 2267 3640 militibus
2308 3584 2736 3656 praes'tantiores
2772 3586 2838 3640 in

733 3685 906 3739 opere
940 3668 1157 3723 Martio
1191 3668 1494 3739 reperiret.
1570 3667 1956 3740 Quapropter,
1995 3668 2243 3724 recessit
2265 3669 2472 3734 iratuS,
2513 3668 2837 3740 dedignans

732 3743 1007 3807 accedere
1062 3751 1137 3806 ad
1184 3752 1382 3807 hostes
1436 3757 1560 3808 tam
1618 3759 1849 3820 truces3
1915 3752 2018 3808 sed
2071 3752 2191 3808 illis
2243 3752 2537 3809 commisit
2579 3753 2838 3826 propriis

734 3835 977 3890 arbitrio
1013 3839 1074 3891 et
1107 3834 1416 3890 voluntati.

399 3923 710 3976 TheFrench
806 3918 924 3974 Sed
961 3919 1103 3974 dum
1152 3918 1280 3974 haec
1326 3923 1603 3990 aguntur,
1656 3918 1871 3976 Gallici
1905 3936 2068 3974 mare
2108 3936 2386 3975 oceanum
2424 3924 2835 3993 pervagantes,

398 3992 587 4124 {wey
610 4060 711 4109 aad
734 4003 907 4059 villas
943 4003 1006 4059 in
1034 4001 1330 4058 Cornubia
1364 4002 1612 4058 licenter
1646 4002 1983 4070 incendunt,
2009 4002 2288 4060 videlicet
2320 4004 2534 4076 Fowey
2569 4008 2631 4061 et
2665 4022 2839 4076 quas-

800 4262 815 4292 ¹
841 4263 978 4327 reyni
1010 4261 1065 4310 in
1103 4262 1233 4328 orig.
1279 4264 1380 4313 and
1422 4264 1509 4314 the
1543 4263 1740 4328 printed
1903 4264 1923 4292 ⁸
1941 4262 2150 4328 ylariosa
2172 4263 2226 4313 in
2250 4263 2408 4329 orig.;
2432 4267 2686 4317 con-ected
2705 4266 2842 4316 stom

734 4348 909 4400 texts3
957 4343 1212 4392 corrected
1269 4342 1399 4391 from
1434 4342 1568 4392 Bibl.
1612 4344 1735 4409 Reg.
1835 4342 1920 4393 the
1943 4344 2144 4407 printed
2166 4350 2313 4394 texts.
2681 4344 2696 4363 ⁸

740 4426 799 4470 13
822 4420 881 4468 Ε.
905 4418 981 4469 ix.
1901 4424 1921 4451 ⁸
1942 4422 2190 4487 utrobique
2211 4424 2266 4473 in
2289 4424 2375 4473 the
2395 4423 2595 4488 printed
2617 4433 2770 4477 texts.

799 4525 820 4554 ²
843 4530 1060 4571 tax-emur
1083 4521 1137 4571 in
1160 4522 1245 4573 the
1267 4523 1464 4587 printed
1488 4532 1636 4575 texts·
1901 4505 1918 4531 ⁷
1945 4503 2187 4568 supplied
2230 4504 2361 4553 fr⁰¹¹¹
2412 4504 2550 4554 Bibl·
2597 4506 2728 4571 Reg·
2781 4512 2846 4557 ¹³

1833 4581 1895 4631 E.
1918 4580 1989 4631 ix.
2015 4584 2115 4632 and
2136 4583 2222 4632 the
2243 4583 2442 4646 printed
2465 4590 2617 4633 texts.

1898 4663 1917 4690 ⁸
1931 4664 2102 4725 patuit
2134 4662 2187 4711 in
2224 4662 2350 4729 orig.
2378 4684 2393 4723 ;
2427 4664 2688 4715 corrected
2710 4664 2850 4716 stom

801 4733 821 4762 ⁴
844 4733 917 4781 ita
940 4730 1148 4782 omitted
1170 4732 1225 4782 in
1248 4733 1334 4785 the
1350 4733 1551 4799 printed
1568 4742 1718 4788 texts.
1833 4739 1918 4790 the
1939 4740 2141 4804 printed
2158 4747 2307 4793 texts.

799 4631 819 4659 θ
842 4644 935 4676 non
954 4626 1163 4677 omitted
1184 4628 1239 4678 in
1256 4629 1342 4679 the
1365 4628 1564 4693 printed
1587 4637 1735 4681 texts.
