3300 5617
804 786 937 850 348
1474 802 1740 851 ‘metm
1786 800 2253 853 vammum

461 978 601 1031 ΑΛ).
630 984 773 1035 1377.
803 987 841 1010 “
879 984 1265 1049 tendentium,
1294 990 1477 1056 ¹quas
1500 986 1752 1059 scriptas
1774 987 1840 1042 in
1861 987 2072 1043 cedula
2093 987 2323 1042 inclusa
2355 986 2762 1057 praesentibus,
2801 986 2910 1041 Jo-
2933 1010 3048 1061 HS·
3071 1012 3177 1064 BQ

461 1074 773 1141 Cauterbury
802 1072 841 1095 “
880 1070 1098 1125 hannes
1120 1070 1385 1141 Wyclefl',
1414 1071 1630 1128 Rector
1646 1071 1911 1127 eeclesiae
1936 1071 2009 1127 de
2047 1071 2454 1135 Luttelworth,
2477 1071 2908 1126 Linoolniensis
2933 1079 3062 1141 Reg.
3089 1086 3137 1129 1³

461 1142 771 1208 ffldffiflwp
801 1157 838 1180 ‘⁴
878 1154 1184 1220 Dioecesis,
1225 1155 1417 1211 dictus
1458 1155 1828 1227 ‘Theologiae
1863 1155 2212 1220 Professor,’
2246 1155 2531 1210 asseritur
2565 1160 2688 1210 tam
2723 1156 2908 1227 impie
2934 1145 2994 1194 E.
3020 1145 3088 1196 5¹·

458 1209 763 1325 ggfgfflgffl’
797 1240 836 1264 ‘⁴
876 1256 1053 1309 quam
1100 1244 1321 1295 temere
1370 1240 1706 1304 suscitasse,
1745 1239 1979 1311 plenius
2015 1239 2183 1294 vobis
2233 1238 2565 1304 scribimus,
2615 1256 2723 1310 per
2757 1240 2905 1295 alias

458 1292 570 1391 thsst
592 1292 723 1393 theg
796 1326 833 1348 ‘⁴
872 1330 1102 1379 nostras
1151 1330 1418 1395 patentes
1454 1324 1707 1390 litteras,
1749 1342 1895 1396 quas
1921 1342 2057 1380 cnm
2093 1323 2482 1395 praesentibus
2517 1322 2898 1379 destinamus.

455 1408 601 1473 Κίος
622 1413 722 1462 and
795 1410 831 1432 ‘⁴
870 1407 1161 1463 Volumus
1209 1409 1416 1480 igitur,
1457 1415 1519 1465 et
1551 1414 1768 1465 vestrae
1814 1408 2169 1465 fraternitati
2212 1407 2574 1474 mandamus,
2613 1416 2901 1480 quatenus

456 1476 632 1589 23on
655 1480 719 1527 ⁰¹⁸
793 1498 830 1520 ‘⁴
870 1495 1267 1552 clarissimum
1302 1497 1363 1551 in
1421 1497 1662 1553 Christo
1684 1497 1929 1561 ²filium,
1983 1494 2340 1551 Edwardum
2382 1496 2611 1568 Regem
2663 1495 2900 1567 Angliae

454 1543 741 1662 benffffn‘zd
791 1580 828 1604 ‘⁶
870 1579 1180 1646 illustrem,
1210 1588 1272 1637 et
1305 1580 1551 1636 dilectos
1587 1581 1761 1646 filios,
1787 1580 2015 1636 nobiles
2049 1580 2210 1636 viros
2233 1586 2404 1635 natos
2439 1579 2582 1636 dicti
2599 1581 2801 1651 Regis,
2830 1600 2899 1635 ac

456 1676 519 1723 of
542 1675 629 1727 the
791 1664 828 1689 ‘⁴
869 1662 1146 1720 dilectam
1207 1665 1269 1719 in
1321 1664 1561 1721 Christo
1620 1665 1822 1731 filiam,
1880 1664 2138 1720 nobilem
2198 1663 2511 1719 mulierem
2571 1665 2610 1719 J
2612 1666 2897 1720 channam

455 1745 704 1821 errotis-of
791 1750 829 1774 ‘⁸
868 1748 1291 1821 Principissam
1326 1749 1704 1822 Aquitanniae
1741 1756 1802 1805 et
1836 1749 2088 1814 walliae,
2127 1749 2429 1820 ⁸aliosque
2465 1754 2769 1820 magnates
2821 1750 2896 1804 de

453 1807 664 1872 wycnf.
793 1834 831 1857 ‘⁴
870 1831 1108 1903 Anglia,
1137 1839 1199 1889 et
1221 1834 1588 1890 consiliarios
1625 1834 1880 1906 ‘regios,
1920 1851 2027 1905 per
2061 1851 2167 1888 vos
2203 1839 2266 1889 et
2299 1833 2448 1888 alios
2485 1833 2799 1903 magistros
2835 1839 2896 1888 et

792 1918 829 1941 ‘⁴
869 1916 1090 1987 peritos
1127 1918 1191 1971 in
1229 1918 1410 1973 Sacra
1445 1918 1695 1990 Pagina,
1733 1926 1852 1974 no'n
1885 1918 2210 1973 maculatos
2236 1916 2646 1989 hujuscemodi
2683 1918 2893 1972 errori-

791 2002 829 2026 “
869 2000 998 2066 bus,
1064 2001 1170 2057 sed
1228 2003 1292 2057 in
1368 2002 1481 2058 fide
1544 2003 1806 2058 sinceros
1867 2008 1929 2057 et
1999 2002 2279 2066 fervidos,
2344 2001 2629 2057 studeatis
2701 2003 2892 2056 facere

787 2087 826 2111 ‘⁴
866 2085 1127 2155 plenario
1161 2086 1487 2152 informari,
1527 2104 1595 2141 ao
1632 2087 1721 2142 eis
1760 2086 2010 2151 ostendi,
2050 2092 2270 2158 quanta
2292 2085 2651 2142 verecundia
2683 2085 2890 2141 devoto

788 2172 826 2196 ‘⁶
866 2187 1050 2241 regno
1087 2170 1324 2240 Angliae
1359 2172 1587 2226 oriatur
1622 2171 1852 2236 exinde,
1893 2176 1956 2226 et
1990 2169 2149 2241 quod
2193 2188 2310 2225 non
2346 2169 2538 2225 solum
2575 2176 2712 2225 sunt
2746 2171 2887 2242 ipsae

789 2256 828 2281 ‘⁸
868 2254 1286 2310 Conclusiones
1323 2273 1583 2310 erroneoe
1620 2254 1686 2309 in
1721 2254 1855 2319 fide,
1904 2253 2027 2319 sed,
2069 2253 2120 2309 si
2156 2254 2306 2308 bene
2355 2254 2750 2319 advertantur,
2798 2255 2886 2308 in·

788 2342 825 2365 ‘⁴
864 2345 1053 2394 nuunt
1088 2356 1319 2394 omnem
1355 2339 1661 2395 destruere
1697 2339 1986 2411 politiam.
2064 2338 2145 2394 Et
2178 2338 2502 2409 requiratis
2539 2356 2640 2393 eos
2675 2338 2883 2394 ‘sta-ic·

785 2426 823 2449 ‘⁴
861 2423 1110 2489 tissime,
1152 2423 1309 2494 quod
1356 2425 1376 2453 ⁸
1398 2423 1523 2493 [ad]
1579 2422 2028 2494 extirpationem
2062 2428 2363 2478 tantorum
2427 2440 2718 2486 errorum,
2780 2440 2885 2493 pro

785 2510 823 2535 “
862 2508 1192 2563 reverentia
1241 2507 1354 2562 Dei
1402 2514 1463 2563 et
1495 2507 1855 2579 Apostolicae
1906 2506 2098 2573 Sedis,
2140 2512 2201 2562 et
2251 2512 2470 2570 nostra,
2509 2507 2882 2578 ipsorumque

784 2597 821 2620 “
862 2594 1073 2648 merito
1109 2592 1265 2664 apud
1313 2591 1507 2647 Deum
1543 2598 1605 2648 et
1653 2591 1935 2647 honorem
1971 2591 2206 2656 soecu10,
2263 2598 2546 2661 tanquam
2600 2590 2883 2646 Catholici

783 2682 820 2705 ‘⁴
860 2678 1154 2749 principes
1192 2683 1255 2732 et
1287 2676 1524 2748 pugiles
1563 2675 1736 2732 dictae
1773 2674 1929 2741 fidei,
1984 2676 2144 2730 omni
2201 2694 2319 2747 qua
2370 2682 2650 2747 poterunt
2698 2676 2882 2731 effica-

783 2765 819 2789 “
860 2763 952 2817 cia
985 2762 1248 2817 tribuant
1295 2760 1581 2816 auxilium
1617 2765 1680 2816 et
1713 2761 1994 2816 savorem.
2071 2759 2225 2815 Data
2258 2759 2463 2815 Romae
2512 2757 2669 2831 apud
2706 2760 2881 2815 Sane-

780 2852 817 2874 “
856 2853 977 2902 tam
1030 2846 1282 2901 Mariam
1335 2845 1643 2917 Majorem,
1699 2843 2044 2901 ’undecimo
2130 2843 2436 2900 Kalendas
2488 2843 2528 2899 J
2529 2843 2674 2911 unii,
2734 2863 2881 2900 anno

779 2936 817 2959 “
857 2931 1166 3003 septim0.”

442 3153 560 3205 Bull
584 3155 645 3206 of
849 3134 887 3160 ‘⁸
912 3128 1366 3189 Venerabilibus
1392 3126 1694 3192 fratribus,
1720 3123 2180 3197 Archiepiscopo
2218 3122 2627 3180 cantuariensi
2663 3129 2722 3180 et
2744 3121 2878 3195 Epi·

440 3222 578 3287 Pope
599 3224 726 3274 Gre·
779 3220 816 3244 “
857 3235 1032 3290 scopo
1068 3213 1481 3278 Londoniensi,
1526 3213 1799 3277 salutem,
1841 3216 1950 3265 etc.
2022 3209 2231 3281 Nuper
2267 3227 2373 3281 per
2422 3227 2550 3274 nos,
2594 3227 2710 3264 non
2756 3210 2878 3263 sine

336 3332 357 3357 l
440 3304 569 3354 801'5
586 3290 750 3341 XLtO
779 3306 816 3328 ‘⁴
857 3302 1027 3373 gravi
1064 3299 1256 3356 cordis
1296 3297 1628 3355 turbatione
1672 3301 1733 3350 et
1781 3294 2043 3367 plurium
2067 3294 2181 3349 fide
2224 3293 2536 3363 dignorum
2578 3293 2874 3357 relatione,

440 3356 718 3472 {JehArchf‘
780 3390 817 3412 ‘⁴
858 3392 1131 3457 percepto
1168 3384 1324 3455 quod
1361 3382 1660 3438 «Iohannes
1697 3378 1970 3450 Wyclyff,
2025 3377 2241 3433 Rector
2289 3377 2571 3432 Ecclesiae
2619 3377 2691 3431 de
2739 3376 2876 3431 Lut-

437 3438 752 3558 cffntzffbffffy
781 3474 817 3498 ‘⁶
858 3470 1145 3535 telworth,
1186 3465 1612 3523 Lincoluiensis
1650 3462 1958 3527 Dioecesis,
2020 3462 2215 3517 Saeroe
2263 3461 2505 3532 Paginae
2553 3460 2874 3524 Professor,

438 3558 537 3606 and
780 3560 816 3582 ‘⁶
858 3555 1083 3610 utinam
1137 3570 1251 3608 non
1298 3550 1587 3621 Magister
1624 3548 1928 3611 Errorum,
1982 3545 2044 3600 in
2090 3552 2212 3601 tam
2261 3544 2667 3601 detestabilem
2713 3563 2876 3599 vesa-

440 3623 629 3689 Bisslmp
657 3624 719 3676 ΟΥ
778 3644 813 3667 “
854 3640 1014 3694 niam
1049 3645 1269 3694 temere
1293 3634 1581 3708 prorupit,
1622 3631 1779 3704 quod
1814 3630 2123 3686 nonnullas
2159 3629 2598 3702 Propositioncs
2635 3635 2695 3685 et
2731 3627 2879 3683 Con-

435 3688 653 3820 ξζὲυξοιῃ
777 3727 813 3752 “
854 3724 1146 3779 clusiones
1183 3738 1454 3776 erroneas
1491 3737 1560 3773 ac
1602 3717 1800 3781 falsas,
1847 3723 1907 3770 et
1946 3714 2100 3769 male
2143 3713 2207 3768 in
2246 3713 2360 3769 fide
2402 3720 2692 3778 sonantes,
2745 3731 2876 3782 quse

434 3774 812 3889 tha‘t’vte'lssgif“
853 3816 1072 3864 statum
1109 3806 1287 3862 totius
1313 3801 1595 3860 Ecclesiae
1633 3799 1975 3856 subvertere
2001 3804 2063 3852 et
2097 3815 2374 3852 enervare
2411 3797 2696 3861 nituntur,
2736 3812 2877 3868 qua-

438 3889 500 3940 be
523 3890 658 3941 cited
684 3900 736 3942 to
774 3897 811 3920 “
851 3910 1102 3964 rumque
1126 3890 1360 3962 aliqum,
1401 3883 1754 3959 quibusdam
1782 3883 2025 3938 mutatis
2061 3881 2348 3945 terminis,
2375 3879 2398 3912 ⁸
2415 3877 2688 3952 [imitari]
2714 3880 2875 3935 vidc-

435 3970 618 4020 “Ppeffl'
640 3971 693 4009 Μ
774 3981 810 4005 “
848 3977 1062 4033 bantur
1098 3990 1405 4048 perversas
1460 3968 1762 4042 opiniones
1799 3973 1860 4022 ct
1896 3964 2219 4021 doctrinam
2254 3963 2550 4019 indoctam
2589 3963 2872 4019 damnatas

433 4023 518 4072 the
539 4024 697 4089 Papal
772 4065 809 4089 ‘⁴
848 4059 1145 4117 memoriae
1183 4054 1438 4113 Marsilii
1474 4054 1548 4108 de
1585 4053 1792 4108 Padua
1828 4056 1887 4107 ct
1929 4049 1968 4105 J
1971 4048 2215 4104 ohannis
2251 4046 2324 4103 de
2347 4046 2688 4111 ”Gandunm
2729 4065 2870 4118 quo·

434 4088 604 4152 Coun’
629 4091 682 4141 in
771 4150 808 4172 ‘⁴
847 4164 981 4201 rum
1012 4144 1164 4199 liber
1203 4160 1309 4214 per
1346 4139 1536 4195 felicis
1572 4134 1992 4194 recordationis
2029 4134 2068 4188 J
2071 4133 2357 4189 ohannem
2402 4132 2623 4205 papam
2645 4131 2874 4189 ViceSi‘

818 4386 979 4453 ¹qrms
1027 4384 1238 4435 omitted
1304 4381 1357 4432 in
1418 4380 1505 4432 the
1568 4379 1769 4445 printed
1924 4379 1944 4407 ⁸
1967 4375 2194 4429 Omitted
2273 4374 2326 4425 in
2405 4374 2532 4441 orig.
2613 4375 2715 4426 and
2785 4374 2870 4424 the

768 4474 914 4520 texts,
1857 4455 2057 4520 printed
2078 4462 2245 4515 texts3
2284 4472 2345 4504 et
2367 4453 2422 4503 in
2447 4453 2586 4503 Bibl.
2629 4453 2761 4519 Reg.
2809 4454 2870 4503 13

832 4551 852 4579 ²
876 4546 1101 4599 Omitted
1122 4543 1180 4593 in
1204 4542 1289 4592 the
1312 4540 1513 4606 printed
1535 4546 1685 4591 texts,
1855 4536 1917 4586 Ε.
1942 4536 2013 4586 ix.

831 4629 851 4657 ⁸
872 4634 919 4677 et
939 4623 1063 4676 alios
1084 4624 1140 4674 in
1165 4624 1250 4673 the
1267 4622 1468 4686 printed
1483 4628 1634 4671 texts.
1921 4620 1936 4645 ²
1962 4615 2041 4667 II.
2089 4613 2199 4667 Cal.
2244 4614 2397 4666 Junii
2438 4613 2493 4664 in
2538 4612 2624 4664 the
2665 4608 2871 4678 printed

834 4709 847 4736 ⁴
872 4706 999 4772 reyis
1019 4704 1075 4754 in
1097 4702 1182 4755 the
1203 4701 1403 4767 printed
1417 4707 1567 4752 texts.
1854 4702 2005 4746 texts.

832 4784 1165 4851 ’sactissimus
1204 4781 1258 4831 iu
1297 4780 1424 4845 orig.
1452 4800 1467 4840 ς
1514 4778 1768 4829 corrected
1927 4778 1948 4808 ⁸
1969 4775 2210 4839 Supplied
2230 4774 2363 4824 stom
2384 4772 2470 4824 the
2491 4772 2688 4838 printed
2708 4778 2865 4823 texts.

762 4869 891 4918 from
916 4865 1002 4915 the
1023 4863 1227 4929 printed
1249 4868 1398 4912 texts.
1919 4859 1940 4885 ⁹
1969 4853 2213 4906 Gandavo
2235 4852 2289 4904 in
2311 4853 2398 4904 the
2419 4853 2620 4918 printed
2641 4860 2795 4905 texts.
