3300 5617
400 2453 405 2458 -
483 2427 553 2489 by
573 2425 661 2476 the

827 755 913 818 60
1479 768 1741 817 mom
1788 743 2254 818 wstsmonm

485 957 624 1009 AD.
655 963 798 1010 1296.
826 951 864 975 ‘⁴
903 948 1131 1006 litteras
1168 957 1449 1023 patentes.
1558 951 1714 1008 Data
1764 952 1919 1024 apud
1973 950 2242 1008 ¹Brithin
2291 948 2556 1006 'decim0
2601 948 2697 1005 die
2752 947 2923 1015 Julii,
2949 949 3207 1019 Rishmga.

826 1035 865 1059 “
904 1034 1072 1105 regni
1107 1035 1292 1091 nostri
1327 1054 1476 1091 anno
1513 1034 1777 1107 quarto.”
2949 1018 3060 1071 MS·
3079 1019 3188 1071 Bm·

489 1141 711 1193 Edvnd
897 1116 1254 1190 consignata
1287 1119 1502 1184 littera,
1552 1119 1858 1192 ³factoque
1909 1118 2108 1191 sigillo
2143 1116 2437 1174 communi
2485 1116 2654 1188 regni
2690 1115 2921 1182 Scotiae,
2948 1085 3142 1204 §32¹³

486 1211 726 1274 proceeds
747 1215 801 1259 to
825 1201 1111 1272 processit
1168 1202 1292 1258 Rex
1352 1209 1421 1259 ut
1466 1202 1697 1258 videret
1746 1210 2020 1258 montana
2080 1201 2311 1268 Scossoe,
2367 1200 2729 1272 praecedento
2790 1217 2925 1255 eum

486 1276 573 1326 the
594 1275 761 1326 N0r⁸h
827 1302 1057 1357 semper
1115 1303 1220 1357 per
1279 1305 1455 1342 unam
1513 1285 1733 1342 dietam
1791 1286 2080 1358 Episcopo
2145 1284 2544 1341 Dunelmensi.
2655 1284 2923 1355 Cumque

477 1342 799 1395 ⁰f500⁰⁸¹¹³=
824 1369 1134 1425 transisset
1166 1370 1510 1436 moraviam,
1538 1375 1599 1426 et
1633 1370 2000 1443 pervenisset
2032 1387 2219 1441 usque
2244 1368 2464 1440 Eilgin,
2490 1368 2688 1424 omnia
2719 1367 2923 1423 videns

825 1469 953 1508 esse
1002 1460 1225 1526 pacata,
1270 1472 1548 1510 converso
1584 1455 1794 1509 itinere
1835 1454 2151 1509 revertitur
2186 1452 2533 1508 Ber-wicum.
2632 1452 2706 1507 In
2759 1451 2921 1506 rede-

822 1536 979 1592 undo
1027 1543 1242 1602 autem,
1285 1539 1561 1595 transivit
1608 1556 1715 1611 per
1753 1537 2111 1594 Abbathiam
2159 1537 2234 1593 de
2285 1537 2504 1603 Scone;
2545 1536 2645 1591 ubi
2695 1536 2923 1592 sublato

482 1620 593 1699 The
616 1619 778 1673 Coro·
819 1620 1013 1693 lapide
1049 1641 1165 1695 quo
1203 1623 1399 1694 Reges
1438 1622 1766 1688 Scotorum,
1794 1628 2055 1694 tempore
2090 1621 2496 1686 coronationis,
2538 1621 2802 1676 solebant
2836 1621 2921 1676 uti

483 1695 659 1737 ”⁸⁰⁰³
817 1722 923 1776 pro
981 1705 1209 1772 throno,
1254 1724 1442 1777 usque
1480 1706 2067 1763 westmonasterium
2116 1705 2420 1761 transtulit
2471 1704 2659 1770 illum,
2709 1704 2923 1776 jubens

480 1753 718 1870 {3222}
740 1827 793 1870 ω
818 1787 952 1843 inde
989 1789 1116 1845 fieri
1154 1788 1574 1845 celebrantium
1610 1788 1947 1845 cathedram
1985 1788 2370 1845 sacerdotum.

478 1887 779 1938 Westmins-
887 1871 975 1926 Eo
1024 1879 1285 1945 tempore
1345 1873 1489 1940 Rex,
1542 1873 1698 1945 apud
1750 1873 2080 1928 Berwicum
2133 1877 2444 1928 convocato
2509 1871 2922 1936 Parliamento‚

478 1961 569 2004 ter.
816 1955 1078 2011 omnium
1112 1963 1453 2029 magnatum
1492 1955 1704 2013 Scotiae
1742 1956 2053 2012 fidelitates
2088 1956 2329 2028 recepit,
2373 1961 2436 2011 et
2468 1955 2747 2026 homagia
2767 1978 2782 2009 ε
2823 1956 2923 2026 qui

816 2038 892 2093 ad
926 2039 1014 2094 rei
1050 2045 1234 2111 gestae
1270 2041 1613 2096 memoriam
1646 2046 1993 2112 perpetuam
2028 2040 2404 2095 confecerunt
2437 2056 2614 2110 super
2666 2037 2780 2094 hoc
2828 2038 2922 2094 lit-

815 2130 972 2179 teras
1019 2130 1303 2195 patentes,
1344 2142 1546 2180 eorum
1599 2124 1820 2195 sigillis
1873 2124 2148 2189 munitas,
2190 2123 2550 2179 continentes
2594 2123 2657 2177 in
2699 2121 2922 2178 Gallico

815 2206 972 2263 hunc
1007 2213 1267 2265 tenorem
1283 2231 1374 2264 :—

480 2291 634 2342 Form
655 2291 716 2343 of
891 2294 929 2317 “
972 2291 992 2322 ⁴
1007 2291 1289 2349 Omnibus
1361 2298 1678 2365 praesentes
1737 2291 1966 2348 litteras
2024 2290 2242 2347 visuris
2301 2289 2397 2346 vel
2457 2289 2765 2355 audituris,
2826 2289 2865 2345 J
2865 2308 2921 2346 o-

477 2358 777 2410 mbmiuiffl
820 2376 859 2400 “
898 2375 1118 2433 hannes
1155 2377 1381 2448 Comyn
1426 2377 1499 2432 de
1538 2376 1871 2441 Badenauz,
1911 2381 2044 2439 etc„
2086 2376 2226 2446 quia
2275 2374 2351 2430 ad
2401 2374 2575 2430 fidem
2627 2381 2688 2430 et
2721 2374 2918 2430 volun-

478 2492 655 2543 nobloe
677 2493 739 2543 of
821 2461 859 2484 ‘⁴
897 2465 1078 2515 tatem
1138 2460 1526 2517 illustrissimi
1586 2460 1890 2531 principis,
1960 2477 2029 2514 ac
2087 2459 2378 2515 carissimi
2437 2458 2658 2514 domini
2717 2459 2916 2524 nostri,

486 2559 742 2610 Seofland,
820 2545 859 2568 ‘⁴
898 2542 1189 2609 Edwardi,
1237 2543 1349 2599 Dei
1399 2544 1594 2615 gratia
1645 2544 1832 2615 Regis
1881 2542 2136 2614 Angliae,
2201 2542 2436 2599 Domini
2491 2542 2816 2607 Hiberniae‚
2854 2561 2918 2597 ac

818 2628 859 2653 “
899 2625 1081 2682 Ducis
1116 2625 1509 2699 Aquitanniae,
1536 2627 1825 2691 venimus,
1863 2626 2260 2699 promittimus
2295 2644 2403 2698 pro
2437 2625 2606 2681 nobis
2642 2632 2706 2681 et
2737 2627 2915 2681 haere·

820 2712 858 2735 ‘⁴
897 2710 1068 2766 dibus
1104 2712 1338 2777 nostris,
1379 2710 1488 2767 sub
1524 2728 1698 2782 poena
1727 2729 2034 2783 corporum
2065 2715 2394 2766 nostrorum
2430 2715 2492 2764 et
2526 2709 2914 2773 castellorum,

819 2797 856 2819 ‘⁴
896 2811 966 2849 ac
1015 2795 1275 2850 omnium
1331 2812 1463 2866 quae
1513 2794 1729 2849 habere
1768 2812 2098 2867 possumus,
2145 2791 2300 2864 quod
2348 2811 2455 2850 nos
2493 2794 2815 2849 serviemus
2863 2792 2916 2847 ei

819 2880 856 2903 ⁰⁶
895 2876 1041 2933 bene
1091 2884 1152 2933 et
1200 2878 1452 2934 fideliter
1498 2883 1702 2934 contra
1753 2895 1952 2933 omnes
2000 2882 2207 2950 gentes
2258 2895 2390 2949 quas
2437 2877 2638 2934 vivere
2675 2883 2737 2932 et
2770 2876 2915 2931 mori

818 2965 855 2985 ·‘
894 2968 1155 3033 possunt,
1199 2961 1467 3018 omnibus
1503 2961 1734 3017 vicibus
1775 2961 1990 3034 quibus
2039 2961 2407 3033 requiremus·
2441 2960 2536 3016 vel
2572 2961 2913 3033 praemunie-

817 3047 855 3070 “
894 3061 1029 3100 mur
1062 3062 1168 3116 per
1203 3044 1560 3101 antedictum
1595 3044 1898 3100 dominum
1947 3051 2232 3111 nostrum,
2269 3044 2496 3117 Regem
2531 3043 2785 3116 Angliae,
2823 3045 2915 3099 vel

817 3131 854 3152 ‘⁴
894 3126 1154 3183 haeredes
1209 3146 1364 3185 suos.
1463 3128 1544 3184 Et
1589 3127 1747 3200 quod
1781 3146 1884 3184 nos
1931 3146 2047 3184 non
2094 3129 2346 3184 sciemus
2382 3127 2658 3183 damnum
2694 3146 2911 3194 eorum,

817 3217 853 3235 ‘⁸
895 3211 1038 3282 quin
1086 3211 1233 3267 illud
1270 3211 1657 3283 impediemus
1694 3212 1963 3268 omnibus
1998 3212 2224 3269 viribus
2258 3213 2494 3275 nostris,
2541 3218 2601 3267 et
2635 3230 2734 3268 eos
2771 3231 2912 3284 prae·

819 3297 857 3318 ‘⁸
896 3294 1249 3350 muniemus.
1355 3295 1435 3350 Et
1469 3294 1543 3350 ad
1579 3296 1695 3351 ista
1728 3295 1979 3351 tenenda
2012 3302 2074 3352 et
2108 3296 2393 3351 servanda
2442 3296 2771 3367 obligamus
2813 3315 2914 3352 nos

816 3380 852 3401 ‘⁶
893 3382 953 3431 et
988 3376 1247 3432 haeredes
1282 3384 1530 3443 nostros,
1558 3385 1619 3434 et
1654 3378 1851 3433 omnia
1883 3379 2035 3435 bona
2067 3388 2284 3435 nostra.
2378 3379 2629 3451 Insuper
2664 3385 2725 3434 et
2751 3379 2911 3451 jura·

815 3463 852 3484 “
892 3478 1043 3525 mus,
1085 3461 1258 3516 tactis
1310 3460 1709 3518 Sacrosanctis
1762 3462 2139 3533 Evangeliis;
2180 3469 2240 3518 et
2288 3470 2506 3535 postea,
2551 3481 2656 3518 nos
2692 3481 2908 3529 omnes,

814 3545 852 3568 ‘⁸
892 3549 953 3598 et
1005 3542 1254 3615 quilibet
1304 3551 1589 3609 nosram,
1642 3563 1749 3617 per
1801 3563 1882 3610 se,
1937 3546 2078 3601 fecit
2125 3547 2463 3618 homagium
2512 3547 2668 3602 dicto
2718 3555 2912 3604 nostro

814 3628 852 3651 ‘⁸
892 3625 1124 3682 domino
1166 3627 1319 3699 Regi
1355 3626 1593 3700 Angliae
1630 3629 1694 3683 in
1728 3628 1855 3684 hinc
1887 3629 2196 3685 verba:'—‘
2223 3630 2353 3702 Ego
2389 3636 2586 3686 vester
2632 3632 2807 3687 homo
2841 3631 2910 3687 li·

814 3713 851 3736 ⁸⁴
894 3713 909 3736 ‘
936 3710 1075 3782 gius
1112 3710 1330 3766 efficior
1365 3710 1438 3766 de
1472 3712 1601 3767 vita
1633 3717 1695 3769 et
1729 3712 2031 3779 membris,
2058 3731 2128 3769 ac
2160 3719 2395 3770 terreno
2429 3715 2665 3782 honore,
2712 3722 2913 3772 contra

1454 3849 1615 3856 ---—-—

2001 3851 2074 3859 ⁴—-

877 3957 968 4006 1οι·
1023 3953 1234 4021 perhaps
1286 3951 1516 4018 Brichin,
1574 3953 1817 4021 meaning
1969 3956 2246 4024 ’Properly
2290 3958 2480 4025 fracto,
2534 3973 2592 4010 as
2649 3957 2707 4010 in
2762 3960 2911 4012 Rish-

806 4030 1044 4087 Brechin.
1904 4051 2062 4102 anger
2082 4037 2183 4087 and
2204 4037 2609 4104 Hemingburgh.

870 4114 1032 4165 'This
1090 4115 1204 4166 date
1238 4114 1339 4166 and
1389 4113 1596 4181 locality
1650 4129 1816 4166 corre-
1969 4115 1990 4145 ⁴
2006 4115 2117 4167 The
2139 4112 2408 4169 subsnnce
2428 4118 2491 4169 of
2513 4117 2614 4169 this
2637 4119 2908 4173 document

807 4194 967 4258 spond
1003 4193 1129 4245 with
1167 4195 1253 4246 the
1274 4194 1476 4247 French
1496 4201 1609 4247 text
1628 4194 1692 4245 of
1714 4194 1814 4246 this
1902 4194 1948 4246 is
2001 4195 2154 4262 given
2230 4197 2303 4263 by
2374 4196 2780 4265 Hemingbnrgh,
2849 4200 2903 4251 in

806 4266 1075 4325 document
1112 4273 1263 4340 given
1314 4275 1385 4341 by
1423 4273 1812 4340 Hemingbnrgh
1901 4274 2115 4337 Frencln
2166 4274 2269 4327 and
2305 4276 2712 4344 concluding—“
2729 4278 2901 4331 Donet

807 4351 892 4415 (or
935 4353 1340 4419 Hemingford)=
1387 4354 1480 4405 but
1521 4353 1574 4404 in
1619 4354 1812 4419 Rymer
1899 4359 1934 4383 “
1956 4371 1991 4405 a
2023 4353 2168 4406 Werk
2201 4353 2245 4406 le
2277 4356 2471 4407 wintine
2511 4357 2654 4423 quint
2680 4358 2804 4425 jour
2844 4359 2902 4411 ‹1ae

804 4432 873 4496 (1.
898 4448 946 4497 p.
972 4433 1096 4496 842)
1112 4432 1156 4482 it
1169 4432 1655 4484 varia—“Datum
1674 4431 1814 4497 apud
1901 4439 1931 4461 “
1954 4434 2150 4496 Marce,
2167 4431 2212 4486 Ie
2231 4449 2327 4486 ane
2346 4435 2413 4486 ds
2435 4451 2576 4503 reque
2595 4445 2756 4489 noso-e
2779 4441 2900 4506 reiq-

805 4515 837 4539 “
860 4510 1492 4576 Kyncardymsoenndodie
1505 4511 1812 4579 Juliisteqm·
1897 4518 1929 4543 “
1952 4529 2074 4563 nour
2116 4511 2160 4564 le
2212 4515 2287 4565 rei
2335 4514 2671 4582 d’Enqletme
2709 4519 2900 4571 vintine

805 4595 838 4620 ‘⁶
859 4590 1014 4639 nostri
1031 4606 1160 4640 anno
1179 4591 1403 4657 quarto.'’
1897 4596 1930 4623 “
1952 4590 2150 4658 quart?
