3300 5617
1133 831 1473 884 111sromA
1502 832 1927 885 AnochNA.
2494 821 2624 886 109

176 1009 478 1131 Q·
517 1017 738 1090 Anglia
771 1016 1123 1075 morabatur.
1195 1016 1370 1074 Hanc
1406 1021 1601 1073 autem
1635 1015 2028 1082 Comitissam,
2069 1017 2273 1073 eodem
2311 1034 2459 1074 anno
2491 1035 2622 1091 cap·
2650 1026 2786 1082 ΑΒ.
2826 1034 2969 1085 1306.

174 1077 280 1129 MS·
305 1079 376 1129 Β]
411 1081 447 1133 ¹·
519 1111 642 1160 tam
694 1103 769 1159 ab
820 1101 1109 1174 Anglicis,
1151 1119 1287 1158 cum
1340 1102 1578 1173 quidam
1626 1102 1914 1174 perimere
1950 1101 2289 1166 voluissent,
2343 1119 2458 1158 non
2490 1120 2622 1174 per·
2650 1111 2761 1163 The

172 1144 388 1268 {agii-¹3
517 1188 685 1246 misit
717 1187 878 1244 Rex:
937 1188 1041 1243 sed
1093 1187 1157 1242 in
1205 1186 1554 1243 domuncula
1607 1186 1858 1257 quadam
1911 1186 2107 1258 lignea
2160 1204 2335 1259 super
2388 1204 2622 1242 murum
2650 1177 2898 1231 00⁰⁸oeOE
2919 1180 2982 1231 of

344 1264 358 1278 '
521 1272 698 1329 castri
734 1271 1036 1344 Berewyoi
1084 1271 1278 1344 posita
1329 1277 1437 1338 est,
1478 1277 1548 1327 ut
1579 1277 1819 1343 possent
1871 1288 1999 1327 eam
2053 1272 2386 1344 conspicere
2432 1277 2618 1328 trans-
2644 1244 2895 1377 {ghaun

517 1362 739 1413 mmm·
2644 1380 2856 1431 woodeu

587 1441 662 1497 In
714 1440 864 1497 festo
912 1441 1306 1505 Pentecostes,
1345 1440 1690 1504 Edwardus,
1730 1439 1887 1496 filius
1938 1439 2123 1511 Regis
2171 1440 2426 1511 Angliae,
2480 1457 2616 1496 cum
2641 1460 2778 1511 cuge.

515 1542 824 1582 numerosa
858 1526 1134 1581 societate
1177 1525 1463 1596 juvenum
1511 1523 1798 1580 nobilium
1835 1523 2152 1580 Londoniis
2189 1542 2224 1580 a
2254 1530 2425 1596 patre
2460 1524 2614 1580 mili·
2642 1528 2879 1589 Edward,

516 1609 740 1666 taribus
789 1609 970 1664 armis
1018 1609 1245 1665 cinctus
1297 1614 1405 1664 est.
1496 1607 1609 1677 Qui
1648 1607 1874 1673 exinde,
1928 1625 2064 1663 cum
2112 1609 2369 1664 tironum
2418 1608 2617 1664 multi·
2640 1595 2829 1648 1³⁶⁰oe
2850 1597 2911 1675 (ἓῖ

515 1693 734 1759 tudine,
775 1692 1031 1750 Scotiam
1081 1692 1432 1749 continuatis
1483 1691 1658 1747 dietis
1708 1692 2019 1756 contendit,
2060 1692 2134 1747 ad
2181 1691 2617 1764 reprimendum
2639 1662 2903 1790 {2¹2⁸ssae

515 1784 754 1833 conatus
790 1776 1034 1832 Roberti
1069 1776 1142 1832 de
1178 1776 1353 1843 Brus,
1393 1776 1681 1832 invasoris
1730 1777 1913 1847 regies
1964 1775 2308 1848 dignitatis3
2370 1793 2617 1847 praeces·
2641 1745 2891 1860 mdgpm,

517 1867 714 1918 serant
745 1877 888 1917 vero
935 1878 1070 1916 eum
1105 1859 1457 1931 Aymericus
1507 1860 1580 1916 de
1614 1858 1927 1925 valentiis,
1968 1859 2177 1916 Comes
2214 1859 2611 1926 Penbrochiae,
2642 1862 2791 1912 ceeds
2814 1869 2868 1914 to

515 1946 805 2002 Bobertus
853 1944 926 2000 de
964 1943 1260 2010 Olifforde,
1317 1950 1378 2000 et
1425 1944 1720 2000 Henricus
1775 1943 1849 1999 de
1897 1944 2105 2015 Percy,
2159 1944 2326 2000 missi
2377 1962 2413 1999 a
2450 1944 2615 2016 Rege
2643 1928 2899 1980 Soeflffld·

514 2047 648 2085 cum
681 2047 861 2085 manu
891 2034 1132 2094 armata,
1173 2029 1247 2084 ad
1279 2028 1447 2085 novis
1502 2028 1756 2084 motibus
1806 2028 2213 2084 resistendum.
2289 2028 2427 2101 Ipse
2474 2046 2615 2084 vero
2641 2037 2833 2087 'Pi-ans-

516 2115 658 2179 Rex,
695 2114 855 2170 lento
890 2114 1080 2186 gradu
1117 2117 1372 2178 secutus,
1415 2118 1835 2169 convocaverat
1869 2114 2206 2179 exercitum,
2249 2130 2425 2184 quem
2459 2113 2616 2186 apud
2640 2103 2836 2155 ⁸cfi⁰¹²⁸

514 2198 846 2255 Karliolum
889 2198 1074 2271 jussit
1121 2214 1249 2253 esse
1299 2203 1568 2270 paratum
1621 2196 1686 2252 in
1736 2196 2028 2267 quindena
2082 2196 2280 2252 Sancti
2333 2196 2373 2251 J
2374 2197 2616 2253 ohannis
2642 2171 2797 2223 ⁰¹⁹oe·

515 2283 817 2355 Baptistae,
855 2283 919 2338 in
966 2299 1274 2338 occursum
1307 2281 1415 2337 filii
1466 2281 1579 2346 sui,
1633 2298 1769 2336 cum
1820 2281 2025 2337 eodem
2064 2280 2313 2336 ulterius
2348 2297 2618 2354 progres-

519 2386 739 2424 surum.
828 2366 1094 2431 Interim,
1159 2366 1449 2422 Robertus
1509 2365 1582 2420 de
1641 2365 1819 2430 Brus,
1873 2365 2224 2421 circumiens
2284 2372 2503 2422 terram
2562 2373 2623 2423 et

519 2452 795 2523 homagia
859 2450 1180 2506 multorum
1264 2449 1574 2521 recipiens,
1651 2450 1972 2505 coadunato
2045 2450 2304 2506 exercitu
2375 2452 2626 2523 copioso,

523 2534 1015 2607 appropinquavit
1081 2533 1242 2591 villae
1305 2532 1507 2589 Sancti
1569 2533 1609 2588 J
1610 2533 1875 2598 ohannis,
1935 2533 1999 2588 in
2056 2534 2229 2606 cujus
2289 2534 2631 2605 proesidium

521 2637 707 2692 nuper
742 2619 1058 2674 advenerat
1088 2616 1441 2688 Aymericus
1478 2615 1551 2671 de
1586 2616 1880 2674 Valentiis
1918 2618 2310 2690 supradictus.
2382 2618 2630 2689 Equites

517 2707 717 2759 autem
779 2702 1088 2757 Scotorum
1146 2717 1346 2757 omnes
1405 2700 1580 2756 lineis
1642 2717 1821 2773 super
1882 2719 2045 2757 arma
2095 2720 2218 2768 sua,
2281 2719 2356 2757 ne
2416 2701 2633 2757 discer-

522 2793 819 2852 nerentur,
873 2785 1064 2841 induti
1120 2790 1316 2851 erant;
1372 2801 1444 2839 ex
1493 2784 1671 2856 jussu
1728 2785 2011 2858 principis
2066 2786 2159 2841 sui
2208 2786 2364 2842 novi.
2462 2786 2633 2842 Misit

526 2892 669 2946 ergo
705 2873 999 2929 Robertus
1035 2871 1109 2927 de
1145 2872 1322 2937 Brus,
1362 2872 1616 2929 invitans
1669 2872 2051 2945 Aymericum
2101 2874 2175 2929 ad
2228 2890 2626 2945 congressum.

529 2957 642 3028 Qui
699 2956 1019 3031 respondit,
1085 2957 1244 3028 quod
1302 2974 1439 3013 cum
1497 2974 1566 3012 eo
1615 2974 1733 3013 non
1783 2957 1879 3013 die
1932 2957 2053 3022 illo,
2109 2957 2213 3014 sed
2263 2959 2325 3013 in
2377 2958 2631 3014 crastino

188 3048 384 3110 Trivet,
529 3042 849 3099 dimicaret.
949 3040 966 3075 ¹
981 3041 1199 3114 Igitur,
1264 3040 1637 3097 subtrahente
1698 3058 1762 3098 se
1821 3041 2096 3107 Roberto,
2161 3059 2295 3097 cum
2354 3043 2496 3107 suis,
2557 3043 2631 3098 ad

185 3130 233 3180 Ρ·
257 3121 389 3197 41οχ
532 3128 785 3200 spatium
836 3126 1011 3182 unius
1045 3126 1329 3191 milliarii,
1369 3130 1431 3181 et
1462 3125 1704 3182 reficere
1751 3143 1815 3181 se
1849 3126 2097 3190 volente,
2134 3126 2631 3198 appropinquante

186 3182 300 3233 MS·
325 3184 461 3238 Bm·
529 3211 677 3268 hora
753 3211 1105 3283 vespertina,
1175 3210 1523 3281 Aymericus
1590 3227 1729 3266 cum
1800 3210 1924 3266 suis
1992 3210 2233 3266 armatis
2306 3209 2626 3282 egreditur,

185 3248 405 3368 {⁶3³³
533 3300 595 3351 et
656 3294 850 3351 subito
920 3295 1336 3367 superveniens
1411 3294 1632 3360 Scotos,
1709 3293 1925 3349 multos
1984 3292 2282 3349 interemit
2354 3294 2626 3350 inermes.

532 3379 646 3436 Cui
703 3397 840 3435 cum
897 3378 1325 3450 aliquantulum
1394 3377 1707 3444 Robertm,
1789 3378 2102 3449 caeterique
2181 3378 2284 3449 qui
2358 3395 2422 3434 se
2495 3396 2631 3434 cum

529 3462 829 3520 celeritate
865 3467 1252 3529 armaverant,
1292 3461 1668 3526 restitissent,
1721 3461 1975 3526 tandem,
2025 3461 2475 3533 praevalentibus
2510 3461 2631 3518 An-

526 3547 719 3621 glicis,
774 3548 983 3620 fugere
1037 3553 1176 3603 sunt
1226 3547 1430 3603 coacti.
1524 3545 1683 3616 Quos
1732 3546 2032 3602 insecutus
2083 3546 2434 3618 Aymericus
2495 3564 2628 3603 cum

526 3632 650 3688 suis
684 3649 875 3704 usque
909 3632 974 3686 in
1017 3630 1273 3687 insulam
1322 3630 1396 3686 de
1447 3630 1698 3704 Kentyr,
1753 3636 2013 3687 castrum
2047 3630 2211 3687 illius
2245 3630 2374 3696 loci,
2414 3635 2627 3704 putans

525 3715 848 3772 Bobertum
883 3732 947 3772 se
970 3714 1263 3786 recepisse
1284 3715 1348 3770 in
1372 3732 1459 3780 eo,
1487 3715 1734 3771 obsedit.
1811 3715 2160 3786 Expugnato
2183 3720 2380 3771 tamen
2415 3721 2623 3780 casti-0,

523 3817 637 3855 non
671 3817 810 3855 eum
857 3799 1098 3863 invenit,
1141 3798 1280 3870 quia
1327 3799 1562 3870 fugerat
1609 3798 1686 3854 ad
1735 3804 2022 3855 extremas
2072 3799 2295 3855 insulas
2330 3799 2624 3870 regionis3

525 3884 629 3940 sed
662 3901 904 3941 uxorem
938 3901 1008 3940 ac
1058 3883 1302 3939 fratrem
1352 3901 1543 3949 suum,
1600 3883 1928 3955 Nigellum,
1983 3883 2069 3939 ibi
2116 3885 2289 3955 cepit,
2330 3902 2463 3940 cum
2501 3885 2627 3955 qui·

522 3968 771 4024 busdam
819 3968 988 4034 aliis3
1055 3984 1202 4039 quos
1257 3984 1457 4023 omnes
1510 3984 1699 4039 usque
1763 3968 2129 4025 Berewicum
2193 3968 2334 4024 fecit
2393 3967 2621 4024 deduci.

521 4051 660 4107 Non
693 4051 881 4107 multo
927 4056 1079 4123 post,
1120 4056 1326 4123 captus
1362 4057 1454 4107 est
1506 4050 1718 4107 Comes
1768 4051 1841 4107 de
1891 4051 2091 4116 Athel,
2148 4052 2250 4123 qui
2300 4049 2373 4105 de
2434 4057 2626 4107 castro

525 4136 761 4207 fugerat
799 4133 1108 4192 antedicto·
1185 4133 1359 4190 Circa
1393 4135 1609 4190 festum
1648 4134 1849 4191 Sancti
1884 4134 2191 4191 Michaelis
2226 4151 2497 4191 reversus
2534 4143 2626 4191 est

526 4218 817 4275 Bobertus
853 4218 926 4273 de
975 4218 1132 4274 Brus
1182 4235 1369 4289 usque
1421 4217 1712 4290 Keyntyr,
1771 4224 1833 4274 et
1883 4219 2143 4275 Henrico
2197 4219 2269 4274 de
2322 4219 2511 4291 Percy
2562 4218 2626 4273 in

524 4303 849 4376 propinquo
898 4301 1168 4358 existenti
1233 4302 1665 4374 superveniens,
1735 4302 2016 4373 quosdam
2080 4302 2154 4358 de
2213 4302 2436 4358 familia
2494 4303 2622 4375 ejus

1742 4503 2359 4510 ---————-————-—--————--
2380 4504 2451 4510 ——-
2480 4505 2519 4510 0-—

593 4628 704 4679 ¹At
723 4629 827 4681 this
848 4630 990 4681 word
1021 4629 1107 4681 the
1141 4629 1411 4682 Cottonian
1444 4628 1560 4680 MS.
1596 4627 1660 4680 of
1682 4626 2016 4692 Rishanger’s
2051 4626 2339 4690 Chronicle,
2379 4628 2623 4681 Faustina

523 4709 587 4758 B.
610 4708 703 4771 ix„
725 4709 850 4760 ends
871 4709 1122 4777 abruptly,
1145 4709 1234 4761 fol.
1262 4714 1374 4759 14⁴.
