3300 5617
805 782 938 843 458
1473 791 1734 843 ‘mmm
1779 793 2269 844 wALsmGEAM

468 963 606 1013 AD·
637 969 783 1014 1381.
881 967 1269 1022 Illuccscente
1306 965 1400 1021 die
1435 966 1705 1031 Veneris,
1745 966 1842 1021 die
1878 967 2006 1032 irae,
2046 968 2147 1022 die
2186 967 2607 1022 tribulationis
2648 976 2717 1021 et
2752 983 2977 1038 angus·
3002 976 3203 1030 {18312

469 1046 582 1095 The
604 1047 770 1095 imur·
811 1051 930 1115 tim,
995 1052 1090 1106 die
1151 1050 1502 1106 calamitatis
1563 1058 1624 1106 et
1680 1051 1956 1116 miscriae,
2019 1052 2289 1107 nondum
2366 1053 2559 1107 finitis
2644 1052 2976 1107 Matutim's
3002 1044 3172 1121 Qu

471 1122 620 1228 genta
638 1116 729 1229 df}
812 1135 969 1205 apud
1010 1135 1292 1189 Sanctum
1328 1134 1641 1200 Albanum,
1685 1152 1898 1189 venere
1941 1135 2015 1190 de
2054 1136 2206 1190 villa
2243 1136 2319 1191 de
2363 1136 2599 1191 Barnet
2637 1136 2758 1191 sub
2806 1136 2975 1192 sesti-
3000 1109 3057 1158 E
3078 1127 3137 1161 ¹¹·

471 1196 601 1295 ’ἕξει
625 1196 710 1295 ῑῖιθ
814 1220 1045 1272 natione
1120 1218 1391 1283 maxima,
1468 1219 1568 1289 qui
1642 1218 1990 1274 nunciarent
2062 1237 2412 1274 communes
2490 1220 2841 1283 mandasse,
2904 1228 2975 1276 ut

473 1320 634 1363 towns
656 1314 717 1362 of
814 1301 1129 1372 assumptis
1168 1320 1366 1356 secum
1397 1301 1800 1356 communibus
1837 1302 2117 1357 villarum
2154 1302 2229 1357 de
2267 1304 2499 1359 Barnet
2522 1310 2588 1359 et
2624 1304 2705 1359 de
2748 1305 2973 1360 Sancto

473 1379 663 1458 138ξῦοῐ
685 1382 788 1430 and
813 1385 1063 1451 Alban0‚
1108 1404 1243 1440 cum
1283 1386 1463 1440 armis
1503 1386 1716 1456 quibus
1757 1403 1819 1440 se
1859 1385 2175 1440 defendere
2225 1388 2458 1442 scivere
2508 1388 2757 1451 meliuS‚
2814 1389 2970 1443 Lon·

475 1447 621 1562 Saimt
652 1514 664 1535 ‚
815 1469 1018 1524 donias
1066 1470 1343 1524 festinare
1390 1475 1803 1541 properarent:
1869 1470 1961 1523 sin
2009 1470 2179 1534 aliae,
2230 1471 2453 1541 viginti
2504 1472 2709 1526 millia
2757 1490 2969 1526 eorum

477 1515 526 1565 Λ
551 1515 646 1563 ban
667 1530 705 1565 δ’
816 1554 991 1608 simul
1042 1572 1349 1608 accessura
1395 1553 1470 1607 ad
1517 1551 1941 1607 incendendum
1988 1553 2164 1609 villas
2212 1556 2516 1624 praefatas,
2571 1562 2637 1610 et
2680 1574 2785 1610 eos
2829 1575 2967 1609 cum

815 1644 1103 1708 potestate
1163 1655 1378 1707 magna
1437 1637 1779 1692 adductura.
1872 1637 1992 1692 Res
2044 1639 2252 1692 statim
2304 1638 2653 1694 notificatur
2710 1640 2963 1704 Abbati,

817 1722 919 1792 qui
955 1723 1172 1777 timens
1228 1739 1431 1776 eorum
1481 1721 1815 1785 adventum,
1870 1726 1932 1776 et
1983 1721 2199 1775 damna
2248 1739 2319 1776 ex
2359 1740 2429 1777 eo
2468 1730 2781 1785 secutura,
2825 1742 2963 1778 con·

817 1806 1016 1861 sestim
1076 1808 1407 1861 convocatis
1468 1806 1762 1860 universis
1823 1805 2002 1860 curiae
2065 1823 2189 1860 suae
2250 1807 2495 1862 famulis
2560 1814 2626 1863 et
2688 1808 2959 1872 villanis,

481 1878 593 1967 'Phe
621 1882 792 1960 fxbbot
816 1890 1144 1945 Londonias
1191 1891 1469 1945 festinare
1515 1890 1769 1960 rogavit,
1810 1889 1885 1944 ad.
1919 1888 2321 1959 mitigandum
2360 1908 2571 1945 eorum
2626 1891 2953 1958 malitiam,

479 1950 704 2063 ffigmfft
818 1981 878 2029 et
925 1974 1361 2046 impediendum
1409 1973 1744 2028 adventum.
1842 1972 1970 2027 Nec
2017 1990 2206 2038 mora,
2257 1973 2470 2029 villani
2526 1976 2843 2040 festinant,
2898 1986 2961 2032 et

481 2030 706 2131 (190,ssssss
818 2057 1065 2114 Abbatis
1127 2057 1427 2127 armigeri,
1492 2057 1566 2111 ad
1629 2056 2053 2112 occurrendum
2112 2057 2221 2122 eis,
2283 2064 2346 2113 et
2419 2058 2768 2115 Londonias
2842 2059 2960 2114 iter

481 2150 767 2210 prudentto
819 2142 1115 2214 accipiunt
1173 2161 1308 2197 eum
1369 2141 1618 2197 fervore.
1715 2140 2099 2195 Dissimiliter
2160 2148 2363 2195 tamen
2424 2141 2513 2196 hii
2575 2149 2639 2198 et
2701 2144 2819 2205 illi,
2884 2143 2957 2197 de

481 2216 695 2279 00mP1y·
817 2225 1113 2281 Abbathia
1149 2226 1375 2281 scilicet
1410 2232 1471 2279 et
1506 2225 1578 2278 do
1613 2224 1796 2290 villa3
1855 2224 1995 2294 quia
2041 2231 2336 2281 nostrates
2374 2225 2455 2279 ad
2490 2227 2948 2297 proficiendum,

819 2309 1022 2364 villani
1058 2328 1198 2364 vero
1234 2309 1310 2364 ad
1357 2308 1744 2372 officiendum,
1800 2326 1863 2363 se
1916 2313 2215 2378 pararunt.
2309 2308 2467 2364 Cum
2505 2310 2665 2364 enim
2704 2317 2951 2366 ventum

819 2395 1030 2449 fuisset
1087 2413 1202 2448 non
1261 2392 1465 2464 procul
1539 2410 1574 2447 a
1645 2392 1980 2457 Londoniis‚
2048 2392 2221 2463 juxta
2278 2393 2576 2463 praedium
2651 2395 2952 2465 quoddam

817 2479 1093 2549 Magistri
1144 2476 1470 2548 Hospitalis
1528 2477 1728 2532 Sancti
1780 2476 1820 2531 J
1823 2475 2083 2542 ohannis,
2135 2477 2233 2532 cui
2268 2494 2489 2531 nomen
2530 2478 2949 2548 “Heybury,’'

484 2556 616 2607 Oath
637 2557 697 2605 Of
817 2563 1019 2617 vident
1064 2562 1283 2617 ibidem
1333 2560 1646 2632 quamdam
1688 2560 2145 2626 multitudinem,
2193 2562 2365 2631 quasi
2415 2561 2637 2632 viginti
2686 2564 2949 2618 millium

483 2624 748 2739 fealtg‘gx-
819 2647 1172 2702 rusticorum
1222 2652 1282 2700 et
1327 2646 1651 2700 communis
1700 2645 1886 2715 vulgi,
1940 2645 2061 2715 qui,
2112 2645 2377 2700 immisso
2428 2645 2572 2715 igne
2633 2647 2697 2700 in
2747 2647 2953 2702 editis·

482 2698 626 2805 335„
681 2707 715 2755 y
822 2732 999 2786 simas
1054 2731 1273 2796 domos,
1316 2748 1446 2800 quae
1501 2729 1629 2798 jam
1666 2729 1948 2785 ardebant
2002 2728 2561 2799 inextingujbiliter,
2602 2731 2947 2786 nitebamur

481 2824 798 2885 Strawe,one
822 2834 956 2870 cum
1004 2814 1253 2870 diversis
1302 2813 1707 2869 instrumentis
1769 2819 1978 2868 cuncta
2025 2831 2157 2884 quae
2203 2813 2481 2869 incendio
2530 2814 2781 2869 dissolvi
2826 2833 2944 2870 non

483 2891 643 2966 ofthe
821 2904 1106 2971 poterant,
1159 2898 1500 2953 subvertere
1547 2897 2027 2952 machinamentis
2089 2896 2211 2954 solo
2259 2904 2455 2953 tenus,
2560 2897 2693 2953 Visi
2744 2907 2941 2954 autem

483 2965 746 3073 ἰὲἓὲἔξξω
821 3004 856 3039 a
892 2983 1143 3055 quodam
1182 2982 1418 3036 illorum
1454 2980 1713 3046 ductore,
1756 2980 1856 3052 qui
1892 2980 2207 3035 vocabatur
2246 2984 2284 3006 ‘⁶
2305 2980 2344 3035 J
2349 2981 2613 3037 ohannes
2653 2983 2938 3047 Sti-awe,’'

819 3086 951 3122 mox
999 3067 1267 3123 accersiti
1315 3072 1375 3121 et
1412 3066 1616 3131 coacti,
1658 3065 1833 3119 fidem
1872 3065 1927 3119 ci
1970 3066 2236 3120 fecerunt
2279 3064 2439 3136 quod
2484 3066 2643 3135 Regi
2686 3066 2938 3123 Ricardo

820 3158 880 3207 et
915 3150 1319 3207 communibus
1356 3149 1736 3204 adhaererent.

483 3235 532 3285 Α
558 3235 771 3287 division
891 3236 1075 3290 Erant
1121 3253 1226 3306 pro
1275 3241 1413 3290 tunc
1459 3233 1647 3289 turbae
1695 3234 2052 3289 rusticorum
2098 3233 2161 3288 in
2206 3238 2329 3289 tres
2378 3240 2581 3304 partes
2633 3242 2928 3305 separatm,

485 3304 646 3381 pfthe
820 3319 891 3373 do
941 3320 1153 3390 quibus
1201 3337 1318 3373 una
1361 3336 1498 3389 pars
1549 3318 1811 3383 vacabat,
1857 3323 1925 3371 ut
1971 3317 2244 3381 diximus,
2296 3316 2690 3373 destructioni
2728 3320 2931 3390 praedii

485 3379 773 3487 ὲῗξῗῖξξὲἱῧ
820 3403 1156 3475 supradicti.
1232 3402 1370 3457 Alia
1401 3402 1572 3473 juxta
1594 3401 1922 3457 Londonias
1960 3400 2304 3471 expectavit,
2344 3400 2409 3455 in
2444 3401 2577 3457 loco
2619 3402 2732 3457 “le
2758 3403 2929 3457 'Mile

483 3503 568 3554 the
600 3505 791 3556 Tower,
822 3492 859 3514 ‘⁸
899 3489 1064 3542 Ende
1085 3488 1118 3510 ‘⁹
1186 3494 1410 3542 vocate.
1510 3486 1711 3541 Tertia
1764 3504 1905 3542 vero
1952 3490 2339 3556 occupaverat
2385 3485 2655 3541 Montem
2701 3487 2923 3542 Turris.

817 3573 905 3627 Ea
949 3578 1145 3627 autem
1184 3571 1359 3626 turba
1406 3588 1536 3641 qum
1584 3586 1765 3641 prope
1812 3569 2051 3624 Turrim
2098 3574 2243 3633 erat,
2296 3569 2383 3624 ita
2429 3569 2825 3624 inverecunda
2868 3578 2928 3626 ct

815 3656 1070 3711 insolens
1119 3655 1460 3719 habebatur,
1511 3661 1580 3709 ut
1618 3653 1900 3709 victualia
1938 3652 2142 3725 Regis,
2189 3671 2319 3723 quae
2360 3651 2441 3707 ad
2478 3653 2717 3708 Turrim
2754 3655 2923 3709 vehe-

815 3742 1046 3806 bantur,
1092 3739 1375 3810 diriperet
1434 3738 1845 3793 inverecunde.
1936 3737 2015 3792 Et
2076 3738 2335 3808 insuper,
2382 3742 2550 3792 tanta
2595 3738 2926 3808 agitabatur

817 3825 1058 3889 insania,
1103 3830 1171 3878 ut
1209 3823 1434 3893 Regem
1476 3821 1854 3894 compelleret
1890 3821 1965 3876 ad
2016 3820 2449 3877 concedendum
2499 3820 2923 3893 eis-Archiepi-

819 3927 1056 3981 scopum
1097 3916 1157 3964 et
1193 3907 1550 3978 Magistrum
1597 3906 1928 3979 Hospitalis
1968 3906 2166 3961 Sancti
2204 3906 2246 3959 J
2248 3904 2514 3971 ohannis,
2555 3905 2814 3976 aliosque
2860 3906 2921 3960 in

817 3995 945 4065 ipsa
986 3993 1158 4046 Turri
1199 3992 1535 4055 occultatos,
1583 4009 1729 4061 quos
1771 4007 1973 4044 omnes
2016 3989 2343 4061 proditores
2391 3989 2715 4054 vocabant3
2778 3989 2920 4044 alias

819 4079 995 4133 sciret
1037 4077 1416 4147 semetipsum
1455 4075 1580 4130 vita
1626 4075 1995 4146 privandum.
2073 4074 2199 4127 Rex
2254 4073 2462 4143 igitur,
2524 4073 2586 4128 in
2624 4080 2752 4128 arto
2789 4092 2919 4128 con-

819 4164 1078 4225 stitutus,
1130 4161 1400 4232 permisit
1446 4178 1546 4215 eos
1587 4159 1650 4214 in
1687 4159 1925 4214 Turrim
1964 4158 2203 4221 intrare,
2249 4164 2311 4213 et
2356 4158 2487 4213 loca
2534 4159 2921 4214 secretissima

819 4267 924 4319 pro
974 4262 1081 4302 sua
1126 4247 1422 4301 voluntate
1468 4243 1831 4313 nequissima
1876 4241 2252 4313 perscrutari,
2290 4240 2314 4273 ⁹
2333 4242 2551 4313 quippe
2613 4244 2716 4313 qui
2774 4242 2917 4297 nihil

487 4337 774 4389 Cowzuffice
818 4350 1035 4402 negare
1088 4336 1211 4386 tute
1259 4329 1452 4401 potuit
1505 4328 1664 4399 quod
1709 4326 2001 4398 petebant.
2074 4327 2262 4381 Erant
2295 4344 2366 4382 eo
2399 4332 2665 4398 tempore
2700 4328 2763 4382 in
2796 4327 2922 4397 ipsa

487 4407 747 4470 dissplssyed
820 4416 996 4472 Turri
1062 4415 1316 4470 sexcenti
1375 4412 1488 4467 viri
1549 4412 1767 4476 bellici,
1832 4412 2011 4467 armis
2071 4411 2367 4476 instructi,
2426 4410 2545 4465 viri
2625 4412 2804 4468 fortes
2860 4418 2921 4466 et

483 4472 730 4604 ἓζὲξξίῃ
823 4499 1231 4572 expertissimi,
1271 4506 1334 4553 et
1382 4496 1639 4554 sexcenti
1687 4494 1998 4566 sagittarii,
2051 4495 2151 4566 qui
2200 4494 2660 4565 omnes,—quod
2706 4495 2919 4551 mirum

487 4606 572 4657 the
590 4606 784 4658 Tower.
829 4655 852 4660 -
877 4652 916 4658 ῳ
943 4651 1048 4657 ψ
1089 4648 1248 4655 -.-.,
1269 4648 1378 4653 ,Η
1457 4648 1504 4652 .,

879 4748 892 4779 ¹
913 4742 1175 4796 Milleende
1197 4742 1250 4794 in
1272 4742 1401 4809 orig.
1820 4736 1831 4805 Ι
1914 4741 1934 4770 2
1954 4738 2133 4806 quippe
2145 4739 2351 4791 omitted
2366 4736 2421 4788 in
2436 4738 2524 4791 the
2540 4738 2743 4804 printed
2758 4744 2909 4793 texts.
