3300 5617
1108 780 1443 833 rus'roam
1470 780 1889 833 mancum.
2416 771 2546 834 219

56 976 197 1028 MS,
220 976 381 1027 Harl.
449 968 487 996 “
527 963 799 1022 suffultos
835 962 1081 1029 idoneis,
1120 962 1197 1018 ad
1236 980 1342 1019 vos
1395 971 1635 1036 propter
1677 981 1748 1019 ea
1786 963 2149 1021 destinando.
2224 963 2284 1020 Ν
2287 981 2370 1029 08,
2409 965 2553 1020 licet
2575 954 2880 1007 A.D.1339.

62 1047 202 1094 655.
446 1051 485 1076 “
525 1048 724 1106 arduis
785 1054 846 1103 et
904 1046 1373 1118 importabilibus
1435 1049 1728 1119 agitemur
1788 1050 2061 1104 continue
2133 1067 2313 1120 supra
2371 1048 2545 1113 vires,

62 1111 380 1228 ξξῖὴὸδ·
446 1137 484 1161 “
523 1139 754 1205 paratos
789 1131 864 1187 ob
900 1130 1255 1185 desiderium
1306 1131 1466 1202 pacis
1517 1132 1812 1203 praedictae
1865 1150 1971 1187 nos
2023 1132 2341 1195 offerimuS,
2393 1132 2546 1195 aliie„

66 1244 309 1311 Εἴπω..
446 1220 483 1246 “
524 1223 807 1288 quantum
844 1213 1142 1270 commode
1178 1232 1313 1269 cum
1349 1215 1649 1271 honestate
1679 1215 1806 1270 fieri
1843 1215 2077 1287 poterit,
2116 1215 2547 1287 praetermissis,

446 1304 483 1329 ‘⁶
525 1299 835 1356 efficaciter
883 1316 1060 1370 super
1108 1299 1517 1354 reformatione
1566 1299 1940 1370 ¹hujusmodi
1987 1318 2094 1371 pro
2131 1300 2346 1371 quiete,
2389 1299 2548 1354 utili-

447 1388 485 1412 “
525 1390 664 1446 tate,
705 1400 773 1437 ac
809 1383 1026 1437 honore
1064 1381 1374 1451 utriusque
1409 1383 1615 1453 partis,
1647 1383 2033 1453 interponere,
2075 1383 2229 1438 sicut
2263 1383 2548 1455 praemisi-

448 1472 485 1496 ‘⁴
526 1485 677 1531 mus,
716 1471 891 1538 prout
925 1484 997 1521 ex
1031 1466 1151 1521 alto
1186 1465 1353 1520 nobis
1396 1466 1845 1530 ministrabitur,
1887 1467 2298 1522 sollicitudinis
2334 1473 2548 1522 nostrai

451 1556 488 1579 ‘⁴
529 1557 757 1623 partes;
809 1567 986 1621 super
1024 1549 1256 1621 quibus,
1284 1553 1516 1603 matura
1545 1548 1962 1604 deliberatione
1998 1551 2235 1621 praevia,
2262 1550 2551 1606 rescribat

451 1639 489 1663 ‘⁶
529 1635 715 1699 nobis,
768 1651 1126 1705 quaesumus,
1178 1632 1399 1705 regalis
1462 1632 1899 1704 magnificentia
1948 1651 2070 1690 suaa
2115 1634 2549 1708 beneplacitum

451 1721 489 1746 “
568 1715 943 1773 oluntatis.”²

519 1737 847 1873 {ascripsit
915 1807 1111 1856 autem
1183 1816 1412 1855 summo
1484 1798 1754 1854 Pontifici
1826 1799 1952 1854 Rex
2009 1799 2244 1871 Angliae
2303 1802 2366 1856 in
2424 1802 2550 1859 haec

444 1887 625 1942 verba
642 1907 733 1942 ε-

88 1976 216 2026 MS.
239 1976 385 2026 Harl.
522 1974 560 1999 ‘⁶
597 1969 617 2002 ³
634 1970 996 2026 Reverenter
1020 1975 1082 2023 et
1105 1967 1315 2024 devote
1349 1966 1679 2038 recepimus
1720 1967 2059 2024 Sanctitatis
2084 1979 2297 2025 vestrae
2322 1970 2549 2026 litteras
2575 1982 2713 2033 AJ),
2747 1990 2884 2035 1340.

92 2049 223 2093 «355.
245 2109 257 2121 ,
450 2056 489 2082 “
527 2053 736 2110 ultimo
794 2052 963 2109 nobis
1021 2051 1252 2117 missas,
1303 2069 1411 2123 per
1472 2068 1617 2121 quas
1681 2068 1883 2121 pacem
1940 2054 2390 2119 reformandam,
2452 2055 2547 2110 vel
2575 2050 2715 2114 King

92 2110 359 2228 {leming'
450 2140 489 2165 “
526 2145 766 2210 treugas
820 2135 1121 2202 ineundas,
1179 2153 1312 2190 cum
1363 2134 1614 2190 Domino
1665 2135 1940 2207 Philippo
1977 2135 2050 2189 de
2085 2136 2343 2203 Valesi0,
2382 2138 2550 2193 nobis
2576 2117 2843 2231 {dward's

96 2193 240 2294 Νῗέ
280 2215 293 2227 ”
448 2223 487 2248 “
526 2228 725 2278 vestra
756 2220 1089 2292 benignitas
1124 2218 1437 2291 persuasit,
1477 2218 1796 2274 clementer
1830 2219 2110 2289 adjiciens
2147 2239 2252 2278 vos
2287 2222 2441 2277 velle
2477 2222 2551 2277 ad
2575 2195 2888 2314 Ρέἒζῇξὲἓ,

98 2315 318 2378 Rymer,
448 2308 487 2332 “
529 2307 715 2378 ipsam
772 2321 978 2376 pacem
1037 2302 1468 2358 reformandam
1525 2302 1590 2356 in
1647 2303 1886 2374 propria
1944 2321 2211 2374 persona,
2274 2311 2551 2375 tanquam
2579 2317 2698 2369 dict,

99 2382 145 2431 Ῑ·
174 2399 224 2446 1>-
257 2387 404 2436 1107.
448 2393 487 2418 “
526 2395 806 2447 tractator
842 2387 1187 2454 amicabilis,
1226 2386 1549 2453 intendere,
1590 2387 1642 2442 si
1678 2405 1783 2443 nos
1820 2393 1881 2442 et
1903 2387 2213 2460 Philippus
2237 2390 2552 2461 praedictus

450 2477 488 2502 “
526 2474 625 2529 ⁴in
658 2473 769 2529 hoo
806 2472 1165 2529 voluerimus
1203 2471 1548 2526 consentire.
1623 2471 1751 2526 Nos
1790 2472 2046 2543 quidem,
2088 2480 2347 2530 sanctam
2383 2474 2551 2529 affec-

451 2562 490 2587 “
528 2560 747 2614 tionem
804 2561 1062 2613 vestram
1122 2555 1195 2610 de
1249 2555 1505 2610 filiorum
1566 2555 1764 2626 quiete
1825 2556 2140 2612 sollicitam
2189 2558 2251 2611 in
2303 2557 2554 2613 Domino

453 2646 491 2670 ‘⁶
532 2642 1008 2714 contemplantes,
1050 2639 1123 2694 de
1177 2639 1401 2695 salubri
1450 2639 1830 2710 persuasione
1884 2638 1904 2670 ⁵
1924 2647 1985 2694 et
2033 2647 2232 2696 vestra
2266 2642 2554 2697 oblatione

454 2731 493 2756 ‘⁶
532 2728 596 2782 in
630 2732 794 2783 tanta
828 2731 1066 2794 tamque
1114 2723 1232 2794 pia,
1273 2727 1473 2793 grates
1522 2728 1582 2777 et
1628 2723 1853 2792 gratias
1901 2723 2069 2779 vobis
2117 2725 2420 2781 humiliter
2460 2744 2553 2780 cx-

455 2816 493 2839 “
534 2810 818 2867 solvimus
889 2825 1035 2878 quas
1085 2797 1371 2870 valemuS,
1430 2811 1490 2861 et
1540 2806 1649 2861 sub
1717 2806 1887 2860 firma
1937 2807 2264 2864 dilectionis
2315 2811 2554 2865 rectitu-

456 2898 494 2922 “
533 2894 807 2965 diuisque
829 2897 1045 2947 vestrae
1081 2889 1316 2955 fiducia,
1346 2890 1503 2945 sanis
1540 2890 1756 2946 vestris
1794 2891 2066 2962 cupimus
2101 2893 2385 2948 inhaerere
2423 2912 2554 2948 con-

456 2982 494 3005 “
534 2979 703 3044 siliis,
765 2992 988 3046 nosque
1050 2974 1267 3030 sanctis
1328 2973 1709 3045 beneplacitis
1769 2975 1984 3030 vestris
2045 2977 2377 3046 specialiter
2422 2996 2554 3032 con-

457 3066 495 3090 “
534 3064 809 3119 formare.
886 3058 1005 3115 Sed
1054 3059 1118 3112 in
1170 3057 1468 3129 publicam
1518 3057 1787 3112 notitiam
1829 3058 1957 3128 jam
2009 3060 2262 3124 devenit,
2305 3062 2557 3133 qualiter

459 3151 494 3174 “
531 3146 688 3202 idem
723 3144 1037 3215 Philippus
1073 3160 1328 3214 regnum
1348 3147 1615 3196 nostrum
1639 3141 1924 3207 Franciae,
1953 3143 2028 3198 ad
2050 3162 2154 3199 nos
2179 3163 2285 3216 per
2307 3152 2558 3201 mortem

459 3234 495 3258 “
533 3230 780 3287 celebris
830 3227 1129 3283 memoriae
1180 3225 1421 3282 Domini
1469 3224 1697 3290 Karoli,
1760 3226 1958 3282 ultimi
2019 3228 2202 3299 Regis
2263 3230 2549 3296 Francius,

459 3320 495 3344 “
535 3314 807 3371 avunculi
861 3312 1067 3378 nostri,
1124 3310 1392 3381 legitime
1448 3309 1808 3375 devolutum,
1850 3311 1963 3366 sibi
2018 3321 2219 3369 contra
2257 3315 2557 3384 justitiam

459 3404 495 3428 ‘⁸
534 3398 870 3470 usurpavit3
935 3402 1013 3460 et,
1060 3412 1129 3450 eo
1166 3412 1282 3449 non
1330 3399 1657 3459 contentus,
1709 3400 1900 3450 terras
1946 3403 2176 3453 nostras
2214 3399 2277 3453 in
2323 3399 2558 3456 Ducatu

459 3490 496 3514 “
534 3482 869 3555 Aquitaniae
906 3481 1021 3536 sibi
1063 3479 1302 3535 attraxit
1329 3478 1502 3550 juxta
1541 3479 1735 3546 vires3
1773 3479 1998 3536 insulas
2033 3488 2262 3539 nostras
2299 3485 2362 3539 in
2383 3486 2555 3550 mari,

464 3575 502 3598 ‘⁶
541 3576 601 3626 et
648 3569 828 3625 etiam
874 3582 1127 3636 regnum
1161 3568 1429 3618 nostrum
1464 3562 1721 3632 Angliae,
1762 3563 2043 3620 invadens
2087 3566 2384 3623 hostiliter
2425 3588 2560 3624 cum

461 3658 498 3683 “
536 3653 793 3724 navigi0‚
823 3649 977 3723 quod
1019 3648 1128 3704 sub
1168 3648 1361 3704 colore
1401 3646 1601 3702 Sancti
1637 3646 1907 3716 Passagii
1943 3651 2317 3705 transmarini
2352 3670 2558 3723 parare

462 3743 499 3767 “
539 3758 602 3796 se
660 3738 922 3800 finxerat,
985 3732 1005 3766 ⁶
1024 3733 1330 3795 deformat,
1385 3748 1562 3802 quam
1614 3730 1940 3800 juraverat,
2004 3750 2240 3788 causam
2300 3735 2554 3802 Christi3

462 3825 499 3851 “
541 3823 742 3878 Scotos
803 3819 980 3878 etiam
1039 3817 1103 3871 in
1160 3816 1348 3871 nostri
1407 3814 1785 3869 rebellionem
1854 3832 2164 3887 perperam
2223 3819 2555 3884 concitavit,

464 3911 501 3935 “
542 3905 880 3963 machinans
926 3901 1161 3958 omnino
1206 3918 1313 3956 nos
1371 3899 1719 3970 deprimere,
1770 3906 1838 3955 nt
1885 3900 1971 3955 sic
2032 3900 2254 3956 dictum
2311 3919 2560 3973 regnum

530 4162 543 4191 ¹
573 4159 736 4225 hujus,
758 4155 903 4206 Harl.
930 4158 1045 4204 655.
1558 4148 1680 4198 with
1704 4165 1843 4201 some
1873 4151 2165 4214 variatione,
2205 4153 2251 4202 is
2279 4154 2480 4218 printed
2503 4157 2556 4205 in

529 4241 551 4270 ²
573 4239 686 4289 The
709 4239 822 4287 date
844 4235 889 4285 is
911 4232 1144 4297 supplied
1182 4231 1236 4280 in
1262 4233 1467 4296 Rymer,
1555 4229 1760 4293 Rymer,
1783 4231 1936 4294 (New
1958 4231 2181 4292 Foedera,
2216 4233 2269 4283 ii.
2310 4251 2357 4298 p.
2390 4239 2557 4302 1107,)

461 4324 564 4359 -“
607 4317 801 4367 Datum
838 4312 977 4379 apud
1035 4311 1316 4360 Aviuionem
1372 4308 1464 4358 xii.
1556 4307 1688 4357 from
1711 4309 1824 4359 MS.
1851 4310 2047 4361 Cotton.
2092 4312 2227 4362 Otho
2250 4314 2315 4363 D.
2341 4314 2410 4364 11.
2447 4316 2558 4365 The

465 4401 494 4424 ‘⁴
527 4391 783 4444 Kalendas
839 4387 1102 4448 Januariz',
1150 4386 1470 4452 pontificatus
1555 4392 1666 4435 text
1682 4388 1742 4437 of
1758 4388 2150 4454 Hemingburgh
2168 4393 2269 4442 and
2285 4391 2557 4444 MS 11ar1.

465 4481 497 4503 ‘⁶
520 4489 649 4523 anno
669 4470 884 4536 φαίνησθ’
1557 4470 1651 4514 655
1679 4464 1771 4515 has
1792 4467 1919 4516 been
1942 4469 2169 4532 adopted.

531 4555 552 4583 ⁸
574 4552 801 4602 Inserted
857 4555 911 4600 at
978 4550 1064 4598 the
1119 4548 1218 4597 end
1273 4544 1336 4594 of
1382 4543 1467 4592 the
1626 4545 1645 4574 ⁴
1668 4544 1748 4604 ad,
1774 4546 1920 4595 Harl.
1949 4551 2046 4598 655

465 4631 697 4682 Arundel
720 4629 835 4680 MS.
859 4628 916 4677 in
939 4645 971 4677 a
992 4628 1129 4677 hand
1150 4626 1213 4676 of
1238 4625 1323 4674 the
1351 4623 1467 4673 leth
1621 4627 1640 4655 ⁵
1665 4624 1889 4675 Omitted
1912 4625 1964 4674 in
1991 4627 2135 4678 Harl.
2162 4634 2274 4680 655.

462 4718 693 4776 century.
767 4709 821 4760 A
867 4724 996 4774 copy
1052 4707 1114 4758 of
1160 4705 1263 4757 this
1307 4703 1468 4765 letter,
1624 4709 1645 4737 ⁸
1667 4712 1715 4757 et
1735 4704 1988 4770 deformat,
2010 4706 2155 4758 Harl.
2176 4713 2287 4759 655.
