3300 5617
838 756 969 819 210
1488 768 1749 818 ‘mom
1793 767 2266 819 wnsnmm

497 943 637 998 AD·
660 949 805 997 1339-
830 954 871 979 “
906 951 1295 1024 dispendium,
1336 955 1627 1026 quendam
1676 956 2060 1027 hypocritam,
2097 953 2404 1010 diabolicae
2450 950 2924 1024 prsesnmpfionis
2949 962 3178 1020 nsum„

831 1039 870 1063 “
908 1038 1123 1103 virum,
1178 1038 1409 1093 nomine
1449 1043 1465 1066 ‘
1490 1039 1734 1095 Petrum
1771 1040 1844 1094 de
1880 1039 2200 1102 Corbaria,'
2259 1038 2428 1094 velut
2479 1036 2922 1092 abominationis
2949 1037 3085 1109 655..

830 1123 869 1147 ‘⁶
908 1120 1211 1176 horrenda:
1248 1123 1647 1182 simulacrum,
1687 1124 1750 1178 in
1781 1124 2130 1195 Apostolica
2161 1121 2312 1177 Sede
2347 1139 2454 1193 pro
2477 1120 2739 1174 Romano
2773 1119 2922 1174 Pon·
2945 1099 3169 1214 gum&

831 1206 870 1232 “
908 1206 1064 1260 tifice
1120 1217 1375 1261 statuere
1422 1207 1746 1262 moliretur.
1845 1207 2052 1278 quue,
2099 1215 2382 1278 quantum
2419 1206 2480 1260 in
2515 1218 2584 1259 eo
2621 1205 2751 1267 fuit,
2787 1221 2919 1275 pro·
2945 1181 3121 1299 35:¹3·

832 1290 871 1314 “
909 1288 1077 1344 duxit
1110 1290 1171 1343 in
1208 1299 1435 1356 actum3
1488 1292 1599 1345 fuit
1634 1303 1944 1345 veneratus
1983 1290 2080 1345 ¹in
2113 1291 2354 1361 Papam,
2405 1289 2918 1345 consecrationem·

830 1375 869 1396 ‘⁸
908 1390 1041 1442 que,
1094 1374 1273 1428 immo
1326 1375 1521 1445 potins
1572 1376 2012 1438 execrationem,
2059 1393 2128 1429 ac
2179 1374 2448 1428 diadema
2497 1372 2799 1444 imperiale
2843 1372 2918 1426 de

830 1457 869 1480 ‘⁸
906 1456 1061 1511 sacto
1110 1459 1333 1529 recepit
1382 1458 1618 1522 ibidem,
1653 1465 1722 1513 ut
1756 1459 1828 1513 de
1866 1459 2066 1514 multis
2103 1458 2324 1513 insanis
2359 1458 2494 1512 aliis
2529 1457 2914 1528 processibus,

829 1540 867 1564 ‘⁴
906 1540 1230 1610 quinimmo
1278 1541 1635 1598 detestandis
1702 1544 2056 1608 excessibus,
2109 1560 2217 1614 per
2275 1541 2512 1597 eosdem
2558 1540 2916 1596 Ludovieum

826 1624 864 1648 ‘⁴
903 1629 966 1678 et
1026 1624 1287 1690 Petrum,
1350 1627 1804 1697 praesumptione
1863 1628 2214 1698 perpetratis
2263 1626 2558 1689 haeretica,
2607 1630 2912 1679 taceretur.

824 1706 864 1732 “
901 1706 1153 1780 Propter
1175 1727 1325 1780 quae,
1350 1709 1543 1765 dictus
1578 1710 2305 1783 praedecessorproefatum
2328 1709 2692 1765 Ludovicum
2727 1709 2846 1763 fore
2878 1726 2918 1762 a

824 1790 863 1816 “
902 1790 1153 1848 Domino
1200 1793 1578 1849 denunciavit
1625 1795 1785 1849 omni
1831 1794 2050 1849 honore
2085 1801 2146 1849 et
2180 1794 2468 1865 dignitate
2517 1793 2830 1865 privatum,
2855 1799 2917 1846 et

822 1874 862 1900 “
900 1873 963 1928 in
985 1893 1140 1940 eum,
1166 1881 1461 1932 tantarum
1482 1878 1798 1932 haeresium
1833 1885 1895 1933 et
1928 1878 2310 1934 schismatum
2335 1877 2580 1932 maculis
2603 1876 2911 1940 irretitum,

822 1958 862 1983 “
900 1974 1172 2014 exercens
1224 1960 1491 2030 gladium
1521 1961 1879 2032 Apostolicae
1930 1962 2256 2033 potestatis,
2295 1959 2465 2017 ²cum
2511 1960 2780 2015 omnibus
2815 1959 2911 2030 qui

821 2041 862 2066 “
898 2041 1263 2098 adhaererent
1310 2044 1521 2110 eidem,
1562 2045 1659 2098 vel
1707 2051 2056 2116 praestarent
2105 2046 2408 2110 auxilium,
2451 2043 2782 2108 consilinm,
2821 2042 2912 2096 vel

819 2125 859 2149 ‘⁶
896 2124 1172 2190 favorem,
1228 2143 1335 2181 seu
1392 2145 1500 2197 pro
1546 2127 1812 2182 Romano
1859 2129 2027 2199 Rege
2089 2139 2192 2184 aut
2216 2129 2590 2199 Imperatore
2647 2128 2904 2182 scienter

820 2208 860 2233 “
897 2207 1197 2273 haberent,
1236 2215 1521 2274 tenerent,
1564 2210 1661 2266 vel
1709 2212 2076 2267 nominarent
2127 2212 2394 2278 eundem,
2442 2229 2562 2266 non
2597 2212 2788 2267 solum
2821 2228 2910 2265 ex-

819 2292 857 2316 “
895 2293 1436 2348 communicationis
1487 2301 1549 2348 et
1600 2295 2008 2361 anathematis,
2048 2296 2153 2351 sed
2187 2297 2368 2351 etiam
2411 2296 2560 2351 alias
2607 2313 2808 2366 poenas
2855 2301 2913 2350 et

819 2376 858 2399 ‘⁴
896 2376 1235 2440 sententias,
1274 2383 1556 2448 tanquam
1602 2377 1666 2431 in
1719 2378 1996 2444 fautores,
2050 2379 2354 2435 haereticos
2407 2387 2468 2435 et
2516 2379 2910 2434 schismaticos

819 2461 858 2484 “
894 2460 1312 2532 promulgavit,
1358 2469 1419 2515 et
1453 2479 1489 2516 a
1516 2461 1654 2532 jure
1690 2461 2012 2519 declaravit
2065 2465 2340 2535 prolatas,
2381 2465 2537 2518 sicut
2571 2465 2634 2518 in
2669 2463 2909 2518 diversis

819 2543 859 2568 ‘⁶
894 2545 1286 2614 processibus,
1320 2562 1427 2616 per
1468 2545 1780 2616 praefatum
1813 2546 2306 2618 praedecessorem
2345 2547 2584 2610 habitis,
2640 2548 2908 2602 seriosius

818 2629 858 2653 ‘⁶
895 2629 1243 2684 continetur.
1316 2629 1507 2700 Super
1558 2630 1774 2700 quibus
1829 2630 2069 2701 quidem
2133 2632 2343 2702 poenis,
2404 2637 2909 2702 quantumcunque

818 2713 858 2737 “
894 2730 1001 2783 per
1036 2713 1233 2784 ipsum
1267 2713 1631 2769 Ludovieum
1679 2716 2035 2786 promeritis,
2079 2721 2142 2772 et
2173 2716 2238 2770 in
2272 2733 2406 2770 eum
2435 2714 2602 2787 justo
2643 2715 2914 2770 Ecclesiae

818 2798 857 2821 ‘⁴
886 2796 1116 2866 judicio
1166 2798 1577 2868 promulgatis,
1632 2798 1686 2854 si
1735 2816 1874 2854 vere
1923 2799 2213 2870 poenitens
2273 2818 2339 2855 se
2388 2798 2798 2855 ³humiliasset
2841 2798 2911 2853 ad

815 2882 854 2906 ‘⁶
892 2882 1165 2952 gratiam,
1192 2882 1508 2953 benignam
1540 2883 1861 2954 reperisset
1894 2884 2136 2938 eandem
2159 2883 2504 2949 Ecclesiam,
2533 2901 2667 2955 quae
2703 2884 2905 2954 ipsum,

816 2966 855 2990 “
892 2971 1171 3035 tanquam
1206 2965 1395 3020 filium
1429 2966 1744 3038 prodigum
1780 2966 1853 3021 de
1888 2966 2212 3039 longinquo
2245 2968 2607 3033 redeuntem,
2636 2967 2713 3022 ad
2748 2984 2908 3024 suum

815 3051 854 3075 “
893 3050 1187 3119 gremium
1236 3051 1453 3120 apertis
1489 3050 1746 3106 brachiis
1793 3053 2132 3122 recepisset,
2183 3052 2557 3107 immolatura
2589 3070 2700 3124 pro
2733 3069 2820 3116 e0,
2855 3051 2911 3103 in

815 3132 856 3157 “
892 3132 1160 3189 ubertate
1196 3131 1412 3188 divinas
1460 3133 1673 3199 laudis,
1715 3135 1970 3190 vitulum
2020 3135 2374 3207 saginatum.
2484 3135 2716 3190 Rursus
2765 3134 2911 3206 adje-

817 3217 855 3241 “
894 3216 1083 3272 cimus
1108 3217 1172 3271 in
1205 3216 1423 3271 litteris
1460 3217 1835 3288 supradictis,
1878 3217 2036 3289 quod
2089 3236 2422 3290 quanquam
2457 3225 2580 3274 tam
2615 3218 2910 3290 praedicto-

816 3301 857 3325 “
894 3318 1027 3355 rum
1052 3318 1395 3355 excessuum
1420 3319 1597 3371 quam
1618 3301 1936 3356 eorundem
1961 3320 2360 3374 processuum,
2387 3322 2494 3375 per
2516 3303 2740 3358 dictum
2773 3320 2911 3373 prae·

815 3388 855 3413 “
892 3387 1259 3444 decessorem
1292 3395 1496 3444 contra
1527 3389 1753 3444 dictum
1775 3390 2158 3457 Ludovicum,
2185 3392 2453 3462 exigente
2470 3391 2727 3462 justitia,
2763 3396 2910 3462 post-

815 3473 856 3498 “
894 3472 1130 3526 modum
1165 3472 1500 3528 habitorum
1534 3474 1802 3528 notitiam
1839 3473 2247 3530 habuissemus
2285 3485 2348 3529 et
2382 3476 2562 3530 etiam
2601 3474 2876 3529 habemus
2892 3483 2914 3538 ς’

816 3557 855 3582 “
893 3563 963 3610 ut
994 3563 1193 3610 tamen
1224 3557 1441 3627 ipsum,
1478 3574 1514 3610 a
1546 3563 1920 3628 peccatorum
1954 3558 2201 3613 nexibus
2236 3558 2570 3623 liberatum,
2615 3557 2690 3612 de
2737 3558 2908 3612 fauci-

816 3641 855 3665 “
892 3638 1003 3694 bus
1040 3641 1410 3711 sempiternae
1444 3642 1654 3696 mortis
1688 3659 1994 3712 possemus
2047 3643 2294 3714 eripere,
2350 3651 2664 3715 postquam
2700 3641 2908 3696 fuimus

814 3723 854 3750 ‘⁸
892 3723 967 3778 ad
1015 3725 1395 3795 Apostolatus
1450 3725 1680 3780 Summi
1732 3728 1958 3796 apicem
2010 3728 2316 3798 assumpti,
2357 3727 2623 3782 diversos
2675 3726 2909 3781 nuncios

814 3808 853 3833 “
892 3807 1041 3877 ejus,
1075 3807 1327 3864 diversis
1363 3809 1592 3863 vicibus
1629 3814 1692 3863 et
1725 3810 2086 3881 temporibus
2134 3811 2212 3865 ad
2262 3829 2368 3865 nos
2415 3811 2648 3874 missos,
2687 3825 2907 3880 recepe·

812 3893 851 3917 “
889 3909 1089 3946 ramus
1142 3891 1412 3963 benigne,
1464 3910 1532 3946 ac
1581 3909 1690 3963 pro
1737 3894 2211 3949 reconciliatione
2264 3895 2452 3964 ipsius
2501 3912 2610 3964 per
2659 3894 2905 3948 fructum

811 3977 851 4001 “
888 3994 1045 4030 verae
1102 3977 1462 4046 poenitentiae
1510 3977 1912 4047 promerenda,
1975 3978 2403 4049 prolocutiones
2456 3977 2652 4032 varias
2701 3977 2906 4031 habue-

810 4061 849 4085 “
886 4077 1087 4115 ramus
1139 4079 1274 4116 cum
1327 4061 1433 4123 eis,
1474 4067 1536 4115 et
1570 4066 1710 4116 tunc
1763 4061 2053 4132 pendebat
2099 4063 2278 4117 etiam
2326 4061 2403 4116 ad
2453 4061 2905 4133 proloquendum

807 4144 848 4169 “
886 4144 1155 4210 ulterius,
1182 4145 1450 4200 terminis
1484 4145 1820 4217 assignatis,
1859 4147 1923 4201 in
1958 4164 2075 4217 quo
2109 4146 2492 4218 proculdubio
2526 4164 2634 4217 per
2662 4164 2767 4200 nos
2801 4162 2908 4199 non

808 4228 847 4252 ‘⁴
887 4229 1067 4292 stetit,
1096 4230 1406 4299 quominus
1442 4228 1691 4284 ulterius
1728 4230 1910 4284 fuerit
1945 4248 2122 4301 super
2156 4231 2392 4301 negotio
2427 4229 2904 4285 reconciliationis

809 4312 848 4336 “
885 4311 1151 4381 ejusdem
1200 4330 1558 4383 processum.
1672 4313 1883 4382 Quare,
1938 4315 2024 4368 fili
2078 4314 2478 4380 dilectissime,
2537 4314 2900 4368 serenitatem

868 4617 882 4647 ι
908 4622 978 4677 αι,
1001 4613 1145 4665 Harl.
1170 4621 1282 4668 655.
1970 4620 1992 4651 ⁸
2011 4618 2331 4680 'nobilita-sset,
2353 4618 2500 4671 nart
2525 4623 2640 4671 655.
