3300 5617
764 741 891 803 220
1426 747 1685 798 mona:
1732 744 2195 794 wammam

432 953 569 1005 Aa).
597 953 738 1001 1340.
765 944 802 970 “
842 949 1106 998 nostrum
1143 941 1431 1006 Francia),
1479 946 1539 996 et
1572 940 1719 995 alias
1757 945 1945 994 terras
1968 945 2198 993 nostras
2234 933 2653 995 haereditariae,
2689 930 2858 1000 juxta
2883 937 3003 988 MS.
3023 937 3152 989 Hui.

764 1029 803 1053 “
841 1027 1170 1082 insatiabile
1221 1043 1392 1080 suum
1442 1023 1776 1079 dominandi
1825 1021 2184 1078 desiderium
2232 1019 2477 1074 liberius
2525 1017 2716 1089 possit
2765 1031 2852 1068 re·
2886 1008 3003 1053 ⁶⁵⁵·
3027 1070 3041 1080 ,

763 1115 801 1137 “
840 1111 1042 1165 tinere.
1144 1110 1274 1172 eui,
1326 1109 1479 1163 siout
1536 1107 1682 1162 alias
1745 1107 2053 1163 Saum-,imni
2111 1111 2324 1161 vestrae
2385 1103 2693 1174 scripsisse
2749 1116 2853 1153 nos
2883 1070 3154 1186 §¹2³³

763 1199 800 1222 ‘⁴
842 1194 1231 1259 meminimus,
1275 1193 1475 1265 plures
1518 1191 1837 1246 obtulimus
1878 1190 2158 1245 amabiles
2196 1189 2324 1244 vias
2364 1188 2547 1260 pacis,
2593 1185 2851 1240 volentes
2881 1201 3087 1268 nyma..

764 1283 800 1305 ‘⁶
840 1279 912 1332 ab
949 1296 1017 1332 eo
1065 1294 1268 1349 pacem
1320 1276 1612 1330 redimere
1663 1292 1799 1329 cum
1851 1291 1965 1328 non
2000 1273 2229 1328 modico
2263 1280 2598 1327 nostrorum
2627 1268 2853 1339 jurium

765 1369 801 1390 ‘⁶
840 1362 1222 1427 detriment03
1286 1360 1390 1416 sed
1442 1360 1569 1430 ipse
1619 1376 1726 1430 per
1776 1363 2060 1413 tractatus
2110 1357 2304 1412 varios
2356 1356 2459 1410 diu
2509 1353 2849 1426 protrahens

764 1453 800 1473 ··
842 1446 950 1500 sub
987 1447 1225 1508 incert0‚
1268 1450 1329 1499 et
1367 1443 1597 1514 magnis
1640 1441 1971 1513 sumptibus
2006 1459 2111 1497 nos
2148 1457 2458 1512 exponens,
2486 1446 2555 1494 ut
2590 1445 2849 1493 nostrum

764 1535 800 1555 ‘⁴
840 1529 1175 1583 exhauriret
1209 1528 1500 1591 ferarium,
1541 1533 1601 1581 et
1638 1526 1725 1581 sic
1761 1543 1867 1581 nos
1906 1524 1979 1579 ad
2003 1531 2335 1579 nostrorum
2357 1522 2850 1594 recuperationem

764 1619 800 1639 ‘⁶
834 1613 1060 1682 jurium
1120 1611 1374 1666 efficeret
1418 1612 1785 1681 impotentes,
1848 1609 2099 1664 finaliter
2151 1607 2379 1678 aliquid
2436 1607 2604 1662 nobis
2663 1606 2847 1660 facere

765 1702 802 1722 ‘⁶
842 1714 956 1750 non
991 1695 1236 1759 curavit,
1278 1694 1382 1749 scd
1429 1713 1661 1766 semper
1706 1693 1765 1747 in
1805 1711 1909 1747 nos
1947 1711 2052 1765 per
2093 1692 2345 1765 amplius
2385 1691 2716 1764 persecutio
2750 1708 2850 1745 sua

766 1785 801 1808 ‘⁸
842 1780 1044 1835 crevit.
1140 1779 1390 1850 Propter
1449 1778 1622 1849 quod,
1688 1777 2025 1849 impellente
2096 1776 2464 1840 necessitate,
2529 1776 2605 1831 ad.
2660 1781 2850 1847 partes

766 1871 802 1890 ‘⁶
843 1864 1109 1919 venimus
1156 1863 1591 1926 transmarinas,
1643 1861 1719 1920 ad
1766 1860 2125 1916 induendum
2173 1861 2493 1916 amicorum
2528 1866 2852 1915 nostrorum

767 1951 803 1974 ‘⁶
844 1947 1163 2018 potentiam
1198 1964 1306 2017 pro
1330 1943 1719 2000 reformandis
1743 1944 1947 2008 illatis,
1988 1950 2051 1999 et
2083 1943 2496 2015 propulsandis
2523 1941 2852 2004 inferendis,

768 2037 804 2057 ‘⁶
845 2049 950 2102 per
1008 2048 1143 2085 eum
1214 2030 1381 2085 nobis
1443 2028 1700 2099 injuriiS,
1777 2035 1839 2083 et
1902 2027 2139 2098 juribus
2198 2028 2416 2083 nostris
2475 2027 2856 2083 haereditariis

768 2120 804 2141 ‘⁴
845 2113 1205 2179 obtinendis;
1270 2114 1286 2146 ¹
1302 2130 1408 2184 pro
1469 2119 1629 2167 certo
1675 2112 1982 2183 negligere
2030 2129 2145 2166 non
2194 2110 2571 2174 intendimus,
2625 2109 2728 2165 sed
2774 2127 2855 2174 ea,

769 2202 804 2224 “
844 2198 960 2252 nisi
1020 2197 1195 2252 aliam
1254 2197 1412 2251 viam
1472 2213 1792 2266 congruam
1853 2196 2234 2266 potuerimus,
2292 2211 2714 2266 prosequemur
2762 2212 2861 2264 pro

769 2287 805 2308 ‘⁴
844 2281 1089 2344 viribus,
1144 2280 1269 2335 Deo
1329 2279 1494 2335 duce.
1594 2280 1674 2335 Et
1730 2278 1871 2334 licet
1929 2296 2126 2333 coram
2183 2278 2520 2333 reverendis
2580 2277 2857 2350 patribuS,

770 2371 808 2392 ‘⁶
849 2365 1045 2428 Petro,
1121 2363 1281 2418 tituli
1344 2363 1573 2418 Sanctae
1644 2363 1928 2417 Praxedis
1990 2361 2364 2432 Presbyter-0,
2416 2369 2477 2417 et
2523 2361 2861 2425 Bertrando,

770 2455 806 2475 ‘⁶
849 2448 1076 2503 Sanctae
1130 2447 1336 2502 Mariae
1384 2448 1445 2501 in
1492 2447 1720 2517 Aquiro
1770 2445 2048 2510 DiaconO,
2107 2445 2535 2509 Cardinalibus,
2588 2454 2650 2501 et
2698 2445 2863 2500 Sanc-

771 2541 806 2560 ··
847 2533 1036 2587 titatis
1108 2537 1319 2587 vestrae
1391 2531 1639 2594 nunciis,
1705 2530 1808 2601 qui
1868 2531 2027 2586 circa
2095 2531 2257 2602 pacis
2316 2531 2622 2601 negotium
2671 2528 2860 2584 lauda·

771 2621 808 2643 ‘⁸
846 2615 1046 2670 bilitor
1104 2620 1166 2670 et
1223 2614 1473 2671 sollicite
1532 2613 1891 2678 laborarunt,
1950 2614 2203 2685 petitum
2263 2614 2344 2669 sit
2388 2619 2590 2670 nostro
2636 2613 2861 2668 nomine

771 2705 808 2727 “
847 2700 1071 2754 dictum
1120 2716 1371 2771 regnum
1422 2698 1706 2760 Franciae,
1754 2696 1912 2768 quod
1962 2697 2036 2752 ad
2094 2716 2201 2752 nos
2260 2697 2556 2769 pertinere
2607 2696 2864 2752 noscitur

772 2788 808 2810 “
848 2784 1007 2838 omni
1024 2783 1180 2856 jure,
1209 2799 1431 2853 nosque
1455 2781 1719 2852 praefatis
1746 2781 2180 2845 cardinalibus,
2205 2781 2315 2836 nub
2339 2782 2518 2836 certis
2541 2781 2658 2837 viis
2684 2781 2860 2851 pacis,

772 2872 808 2894 ‘⁴
850 2867 1003 2922 velle
1038 2875 1307 2922 nostrum
1348 2866 1502 2920 bona
1535 2865 1648 2920 fide
1701 2866 2016 2921 fecerimus
2066 2866 2316 2936 aperire,
2373 2865 2683 2921 offerentes
2726 2884 2867 2920 sem-

771 2955 808 2978 “
847 2969 953 3022 per
1003 2950 1079 3004 ad
1131 2967 1361 3004 omnem
1419 2948 1581 3003 viam
1633 2949 1797 3020 pacis
1852 2949 2262 3022 rationabilem
2314 2967 2421 3004 nos
2468 2955 2722 3020 paratOS,
2769 2967 2866 3020 pro

772 3041 808 3063 ‘⁴
848 3040 1009 3090 certo
1045 3043 1243 3090 tamen
1278 3033 1351 3088 de
1387 3031 1691 3088 voluntate
1745 3034 1931 3104 part-is
1983 3032 2267 3098 adversoe,
2306 3051 2416 3089 nec
2451 3051 2559 3105 per
2593 3032 2867 3104 ’praedic-

772 3124 808 3145 “
848 3125 941 3173 tos
996 3117 1356 3181 Cardinales,
1410 3134 1519 3172 nec
1556 3135 1662 3187 per
1717 3116 1883 3181 alios,
1941 3116 2247 3188 hucusque
2300 3118 2452 3173 scire
2501 3118 2866 3188 nequivimus

775 3207 810 3228 ‘⁶
852 3201 1008 3272 quod
1043 3201 1201 3256 idem
1229 3200 1519 3256 Dominus
1554 3200 1867 3272 Philippus
1902 3201 2215 3271 quicquam
2250 3201 2417 3256 nobis
2454 3202 2646 3256 facere
2676 3200 2864 3255 volue-

775 3290 810 3312 “
849 3286 948 3349 rit,
994 3286 1088 3340 vel
1129 3285 1355 3339 offerre.
1454 3284 1535 3339 Et
1568 3302 1794 3348 revera,
1836 3286 1886 3339 si
1924 3285 2093 3340 nobis
2129 3286 2482 3341 oblationem
2515 3285 2613 3341 ³et
2657 3285 2867 3341 medio-

774 3373 809 3395 “
850 3386 1010 3424 crem
1044 3375 1184 3423 tunc
1222 3368 1475 3432 fecisset,
1517 3367 1592 3422 ad
1627 3368 1869 3423 vitanda
1922 3386 2275 3440 guerrarum
2310 3370 2653 3425 discrimina
2687 3376 2749 3424 et
2779 3388 2868 3424 ex·

773 3455 809 3479 ‘⁸
850 3470 1165 3523 pensarum
1198 3453 1506 3523 profluvia,
1536 3470 1715 3524 super
1739 3471 1869 3507 eam
1896 3454 1915 3484 ⁴
1931 3453 2336 3509 rationabilem
2360 3453 2704 3509 fecissemus
2729 3453 2866 3508 deli·

774 3540 810 3562 “
850 3536 1242 3602 berationem;
1322 3535 1427 3591 sed
1473 3536 1600 3606 jam
1654 3554 1771 3591 non
1817 3536 2087 3592 videmus
2134 3536 2280 3607 quid
2336 3555 2444 3610 per
2501 3538 2659 3593 viam
2712 3538 2867 3609 pacis

774 3624 810 3647 ‘⁴
851 3620 1100 3675 ulterius
1135 3638 1271 3675 cum
1295 3620 1512 3675 honore
1537 3627 1739 3675 nostro
1764 3622 1955 3675 facere
1978 3621 2297 3677 valcamus.
2375 3622 2440 3677 Si
2466 3628 2662 3677 tamen
2681 3622 2866 3678 adhuc

774 3708 811 3731 ‘⁶
849 3704 1114 3775 ‘’placeat
1150 3703 1393 3775 proefato
1418 3704 1670 3759 Domino
1694 3704 1970 3776 Philippo
2006 3705 2176 3760 nobis
2215 3706 2425 3760 offerre
2464 3706 2862 3761 rationabilem

775 3793 812 3815 ‘⁶
852 3789 1011 3843 viam
1035 3788 1313 3858 aliquam,
1334 3787 1432 3842 vel
1456 3787 1635 3842 ctiam
1660 3793 1859 3841 vestra
1880 3787 2271 3845 consideratio
2294 3789 2558 3860 provida,
2587 3808 2691 3845 seu
2723 3789 2860 3844 dicti

774 3878 810 3900 “
851 3871 1089 3926 Domini
1116 3869 1476 3935 Cardinalesx,
1504 3870 1844 3941 hujusmodi
1870 3870 2028 3925 viam
2060 3889 2400 3942 congruam,
2428 3874 2525 3928 cui
2548 3874 2860 3945 proedictus

774 3961 810 3983 “
851 3956 1137 4011 Dominus
1161 3954 1471 4026 Philippus
1496 3954 1824 4010 consentire
1847 3953 2122 4018 voluerit,
2150 3957 2318 4012 nobis
2344 3958 2592 4014 fecerint
2625 3958 2857 4030 aperiri,

774 4045 810 4067 ‘⁶
852 4041 1070 4103 statim,
1097 4056 1231 4095 cum
1256 4038 1329 4092 de
1355 4038 1459 4093 illa
1482 4039 1829 4102 constiterit,
1858 4037 2335 4095 deliberationem
2359 4041 2572 4097 habere
2595 4043 2861 4097 volumus

775 4126 811 4151 ‘⁴
853 4141 1028 4195 super
1064 4140 1151 4187 ea,
1179 4140 1247 4176 ac
1283 4121 1453 4176 “cum
1491 4122 1645 4176 omni
1684 4120 1985 4178 celeritate
2023 4124 2215 4179 facere
2251 4125 2706 4195 responsionem,
2735 4144 2861 4196 quae

774 4294 839 4302 ᾳ..-

1204 4294 1257 4299 -...
1288 4294 1329 4299 ⁷-
1346 4295 1357 4299 -
1400 4294 1449 4298 ’.ἶ
1472 4295 1485 4299 -
1532 4294 1595 4298 -,-
1622 4292 1722 4299 .-..-
1739 4293 1882 4300 ---β-

841 4416 854 4445 ¹
879 4430 988 4478 quoe
1005 4431 1113 4479 pro,
1137 4414 1280 4464 Harl.
1306 4419 1415 4463 655.
1863 4431 2035 4474 semem,
2057 4414 2200 4466 Harl.
2226 4422 2339 4467 655.

841 4496 861 4525 ’-’
882 4493 1051 4552 dictos,
1076 4492 1220 4543 Harl.
1247 4498 1360 4544 655.
1931 4496 1951 4523 ⁵
1968 4493 2146 4558 placet,
2169 4494 2313 4546 Harl.
2341 4501 2452 4547 655.

840 4576 860 4603 ³
882 4572 1041 4629 etiam,
1065 4571 1189 4620 Harl
1217 4571 1329 4621 655.
1933 4577 1952 4604 ⁶
1976 4572 2116 4624 talem
2143 4575 2192 4624 ia
2217 4576 2356 4637 omni,
2381 4576 2524 4627 Harl.
2550 4584 2663 4628 655.

846 4653 863 4681 ⁴
882 4650 1232 4714 responsionem
1259 4650 1588 4700 rationabilem
1607 4651 1765 4714 secie-
