3300 5617
811 728 896 800 76
1477 747 1737 799 monus
1783 749 2251 800 winsmcfflm

475 918 612 971 AD·
643 926 783 974 1298.
809 936 871 986 et
903 929 1248 1003 Anglorum,
1288 930 1493 1002 longos
1541 929 1706 1002 palos
1741 929 1805 985 in
1853 929 2102 988 ¹terram
2136 932 2342 1003 figens,
2381 935 2444 988 et
2490 948 2625 987 cum
2673 932 2910 989 funibus
2936 942 3199 1010 lii-hang«,

807 1021 1046 1072 nectens
1083 1023 1146 1071 et
1179 1015 1391 1081 cordis,
1419 1020 1490 1070 ut
1523 1015 1859 1086 ingressum
1882 1014 2268 1087 Anglicorum
2303 1015 2379 1071 ad
2414 1033 2550 1072 suos
2574 1016 2904 1088 impediret.
2935 1009 3046 1061 MS·
3070 1012 3179 1064 Bibl.

809 1099 1034 1156 Deinde
1071 1099 1401 1172 pedestrem
1440 1099 1748 1155 Scotorum
1781 1100 2062 1171 populum
2098 1101 2161 1155 in
2195 1100 2388 1172 prima
2421 1102 2546 1156 acie
2581 1100 2904 1168 collocavit,
2934 1076 3132 1197 {eam

810 1184 1008 1241 dicens
1062 1184 1149 1240 eis
1184 1185 1375 1257 patria
1426 1184 1633 1256 lingua
1676 1181 2059 1251 ’im—³¹⁶1?
2104 1184 2245 1240 have
2294 1184 2524 1254 bromus
2575 1201 2682 1257 3⁰²⁴
2721 1190 2777 1242 to
2822 1187 2908 1243 the
2982 1180 2994 1193 ⁹

812 1272 850 1295 ‘⁴
890 1288 1050 1341 rynq,
1090 1270 1263 1342 heppo
1298 1269 1393 1339 3ef
1422 1283 1481 1338 33
1517 1267 1766 1324 kunne.”

879 1353 1004 1408 Rex
1038 1370 1197 1418 vero,
1239 1352 1444 1408 videns
1480 1351 1917 1424 dispositionem
1955 1351 2278 1418 Scotorum,
2310 1351 2494 1424 jussit
2516 1353 2905 1413 wallensibus

809 1443 878 1493 ut
929 1456 1028 1494 eos
1076 1436 1540 1509 aggredirentur.
1639 1435 1757 1492 Sed
1806 1436 1939 1508 ipsi,
1996 1443 2234 1508 propter
2269 1437 2658 1494 inveteratum
2709 1439 2903 1496 odium

809 1522 965 1593 quod
1023 1521 1304 1593 gerebant
1360 1521 1436 1576 ad
1493 1520 1738 1592 Regem,
1800 1520 2103 1591 negotium
2161 1520 2550 1588 distulerunt3
2603 1524 2903 1581 credentes

808 1605 963 1677 quod
1000 1604 1179 1670 Scoti,
1222 1605 1324 1677 qui
1359 1604 1546 1660 multo
1581 1604 1781 1676 plures
1818 1604 2057 1660 fuerunt
2091 1622 2267 1676 quam
2303 1604 2560 1676 Anglici,
2598 1607 2901 1663 victoriam

804 1694 1215 1761 reportassent,
1237 1696 1298 1745 et
1331 1707 1436 1760 per
1459 1705 1818 1760 consequens
1842 1688 1957 1759 ipsi
1981 1695 2250 1744 votorum
2274 1707 2513 1745 suorum
2537 1690 2728 1747 effecti
2753 1710 2903 1748 com·

802 1781 986 1845 potes,
1026 1774 1088 1829 in
1121 1772 1404 1844 Anglicos
1440 1790 1574 1828 cum
1615 1771 1807 1828 Scotis
1834 1771 2254 1829 ⁴communiter
2289 1774 2616 1840 irruissent,
2657 1782 2719 1830 et
2752 1776 2903 1832 mala

803 1858 1062 1930 irrogata
1090 1856 1436 1929 jamdudum
1473 1857 1637 1927 genti
1675 1874 1796 1912 suae
1826 1856 2078 1912 viriliter
2113 1856 2558 1914 ‘vindicassent
2634 1859 2899 1932 Cumque

803 1959 901 1998 eos
940 1947 1277 1998 cunctantes
1329 1940 1566 2011 quidam
1615 1940 1787 1996 miles
1838 1947 2119 2006 cerneret,
2177 1942 2413 1997 satirice
2448 1942 2598 1999 dixit
2643 1943 2797 2015 Regi
2813 1967 2901 2000 :—

1089 2028 1126 2052 ⁴⁴
1155 2025 1282 2079 Rex
1304 2022 1608 2090 Edwarde,
1635 2023 1810 2078 fidem
1835 2024 1886 2079 si
1911 2023 2012 2079 des
2028 2023 2443 2090 wallensibus,
2472 2043 2673 2093 erras;

1088 2111 1126 2136 ‘⁴
1152 2107 1237 2164 Ut
1258 2107 1499 2163 dederas
1536 2106 1846 2179 ‘proedam,
1875 2107 1980 2162 sed
2002 2124 2204 2163 eorum
2227 2108 2415 2181 diripe
2439 2109 2687 2166 terras.'’

872 2192 999 2249 Rex
1034 2210 1192 2257 vero,
1220 2191 1356 2248 dato
1391 2192 1560 2263 signo
1595 2190 1792 2263 proelii
1828 2191 2032 2263 primae
2064 2192 2306 2257 cohorti,
2345 2192 2367 2231 ⁷
2383 2194 2562 2250 irruit
2595 2195 2658 2249 in
2699 2194 2898 2251 Scotos

801 2278 1092 2343 audacter,
1133 2294 1445 2350 sepemque
1481 2275 1782 2347 dirumpit.
1873 2275 2345 2347 congrediuntur
2380 2278 2566 2350 igitur
2600 2280 2772 2335 ambo
2806 2297 2897 2335 ex·

800 2363 1053 2428 ercitus3
1111 2361 1216 2417 sed
1267 2359 1627 2432 fugientibus
1682 2359 1880 2417 statim
1933 2358 2239 2417 Scotorum
2292 2363 2608 2434 equitibus,
2660 2362 2897 2436 Anglici

799 2447 1190 2518 insequuntur
1265 2444 1553 2501 caedentes
1613 2451 1674 2499 et
1732 2449 1993 2516 stragem
2050 2462 2325 2516 magnam
2398 2445 2766 2517 ingerentes:
2833 2453 2899 2503 ut

799 2549 1002 2587 eorum
1054 2530 1155 2603 qui
1206 2528 1534 2585 ceciderant
1568 2527 1640 2583 de
1681 2527 1871 2584 Scotis
1907 2528 1972 2584 in
2004 2529 2114 2584 hoc
2164 2528 2374 2601 proelio
2425 2547 2703 2586 numerus
2745 2531 2896 2587 aesti·

798 2623 991 2672 metur
1027 2615 1327 2686 sexaginta
1360 2613 1549 2669 millia
1583 2613 1921 2670 excessisse.
2020 2613 2094 2668 In
2127 2613 2417 2686 principio
2450 2621 2646 2671 autem
2681 2615 2894 2687 proelii,

798 2699 1132 2771 Praeceptor
1166 2697 1400 2753 Militiae
1439 2696 1670 2768 Templi
1722 2696 1785 2751 in
1836 2696 2073 2769 Anglia,
2115 2703 2176 2753 et
2210 2698 2404 2754 socius
2440 2698 2588 2770 ejus,
2633 2700 2737 2770 qui
2774 2704 2899 2754 erat

798 2783 1131 2854 Praeceptor
1167 2781 1398 2847 Scotiae,
1439 2779 1747 2837 Scotorum
1782 2780 2005 2851 agmini
2040 2798 2105 2836 se
2140 2782 2553 2849 immiscentes,
2582 2788 2715 2838 ante
2752 2783 2896 2839 alios

465 2868 577 2921 The
596 2870 740 2925 Scots
796 2868 1078 2940 oppressi,
1129 2882 1538 2939 oppressorum
1585 2863 1962 2920 multitudine
1996 2870 2135 2920 sunt
2167 2867 2475 2938 perempti.
2566 2866 2895 2922 WilleLmus

465 2952 551 2987 ΒΓΕ
796 2952 1032 3024 Waleys
1069 2956 1130 3006 et
1162 2949 1413 3022 majores
1466 2948 1676 3004 Scotiae
1713 2947 1786 3003 ab
1820 2948 1931 3003 hoc
1982 2948 2192 3020 proelio
2228 2949 2304 3005 ad
2336 2967 2575 3006 nemora
2621 2951 2893 3022 confuge-

466 3006 705 3057 deseaoed·
793 3042 950 3092 runt.
1026 3035 1171 3091 Post
1202 3035 1347 3100 haec,
1373 3038 1603 3088 vastata
1636 3038 1730 3087 est
1748 3031 1895 3086 villa
1919 3031 2117 3087 Sancti
2151 3032 2423 3098 Andreae,
2462 3033 2693 3089 nemine
2722 3034 2896 3090 resis-

794 3126 970 3176 tente.
1080 3117 1304 3174 Exinde
1338 3134 1445 3189 per
1479 3116 1757 3171 forestam
1791 3115 1864 3170 de
1902 3114 2177 3171 Felkirke
2213 3123 2500 3173 venerunt
2548 3116 2790 3189 Anglici
2824 3116 2897 3172 ad

795 3208 1054 3259 castrum
1088 3201 1161 3257 de
1195 3201 1336 3265 Are,
1380 3198 1536 3273 quod
1569 3197 1863 3254 Robertus
1899 3198 1973 3254 de
2012 3199 2168 3255 Brus
2207 3199 2442 3272 fugiens
2478 3200 2755 3266 incendit,
2796 3218 2893 3256 va·

795 3303 1087 3357 cuumque
1136 3285 1396 3356 reliquit,
1435 3287 1804 3339 transeuntes
1859 3300 1965 3355 per
2011 3283 2217 3338 villam
2268 3284 2572 3350 Anandiae,
2618 3291 2896 3357 ceperunt

797 3377 1054 3427 castrum
1089 3369 1162 3424 de
1200 3368 1565 3425 Lowmaban.
1642 3366 1794 3423 Cum
1830 3372 2028 3422 autem
2074 3368 2332 3425 venisset
2366 3368 2493 3424 Rex
2528 3368 2890 3433 Kar-leolum,

799 3456 1056 3512 Comites
1109 3452 1474 3510 Herefordiae
1510 3459 1573 3508 et
1604 3450 1957 3516 Marescalli,
1997 3452 2236 3508 licentia
2269 3459 2523 3525 accepta,
2551 3453 2627 3510 ad
2660 3453 2895 3527 propria

797 3539 1116 3595 redierunt.
1227 3536 1352 3592 Rex
1385 3553 1527 3591 vero
1562 3536 1754 3607 primo
1778 3534 2170 3601 Dunelmiam,
2215 3536 2423 3592 deinde
2446 3537 2890 3609 Tynemutham,

797 3630 859 3680 et
891 3623 1027 3679 inde
1061 3638 1250 3693 usque
1283 3619 1701 3691 ¹'Codingham,
1734 3619 1905 3691 juxta
1938 3619 2340 3686 Beverlaoum,
2378 3638 2747 3694 progressus,
2785 3621 2890 3677 ibi·

795 3709 930 3766 dem
964 3712 1035 3762 ut
1067 3707 1284 3761 festum
1316 3702 1547 3759 Natalis
1583 3701 1820 3758 Domini
1855 3711 2183 3776 perageret,
2210 3706 2553 3779 expectavit.

462 3777 671 3898 *ἓξὲξ
694 3782 757 3832 0¹⁸
864 3792 997 3848 Hoc
1032 3807 1181 3846 anno
1220 3787 1499 3870 Albertus
1536 3785 1672 3841 Dux
1718 3785 1977 3843 Austriae
2013 3795 2214 3845 contra
2246 3788 2606 3861 Adulphum,
2662 3789 2888 3861 Regem

460 3909 607 3963 slain.
800 3922 1981 3940 ——--··-—·-·———-
1996 3926 2103 3931 ‘-

862 4020 877 4050 ¹
897 4026 1054 4069 terras
1075 4015 1129 4066 in
1154 4010 1422 4067 Camden’s
1443 4016 1568 4062 text.
1833 4039 1840 4074 ς
1887 4018 1917 4043 “
1934 4013 1985 4063 Y
2005 4013 2135 4065 hane
2155 4013 2369 4084 brou3th
2405 4029 2501 4084 3ou
2534 4021 2587 4065 to
2620 4014 2708 4066 the
2740 4030 2884 4082 ryng,

859 4102 879 4130 ²
893 4097 1101 4151 omitted
1121 4095 1176 4144 in
1199 4094 1285 4145 the
1304 4092 1506 4158 printed
1527 4098 1678 4143 texts.
1834 4085 1840 4186 ι
1884 4095 1917 4121 “
1939 4092 2101 4157 hoppe
2124 4093 2214 4163 ξεί
2228 4108 2286 4164 3e
2307 4093 2532 4144 kunne.”

859 4180 879 4209 ⁸
895 4178 1039 4228 Thus
1075 4174 1228 4241 given
1249 4172 1302 4223 in
1324 4172 1562 4223 Parker’s
1584 4177 1694 4222 text
1708 4185 1795 4217 =—
1954 4172 2174 4221 ⁴comieer
2194 4171 2248 4221 in
2267 4172 2351 4223 the
2373 4171 2570 4239 printed
2591 4180 2740 4224 texts.

794 4262 825 4286 ‘⁴
860 4256 900 4307 I
929 4256 1054 4305 haue
1093 4251 1294 4318 brouylat
1322 4268 1419 4318 you
1459 4257 1506 4301 ω
1546 4248 1622 4299 the
1639 4248 1792 4314 ltine,
1833 4203 1841 4278 ¹
1948 4248 2287 4317 'deroyment
2305 4250 2356 4301 in
2380 4252 2465 4302 the
2499 4251 2698 4317 printed
2720 4260 2879 4305 texts:

793 4341 825 4366 ‘⁴
859 4334 952 4401 hap
972 4335 1126 4400 quye
1146 4330 1296 4382 kun?
1882 4329 2202 4381 vindicassent
2224 4330 2278 4380 in
2301 4325 2602 4398 Rishanger.

858 4416 922 4466 In
947 4410 1211 4466 Camden’s
1223 4413 1480 4461 text—“w
1497 4407 1573 4459 tlte
1592 4406 1792 4473 Kynqfl
1945 4409 1967 4438 ⁸
1976 4408 2188 4474 μναῖαι
2227 4410 2284 4460 in
2339 4409 2486 4476 orig„
2530 4412 2630 4461 and
2668 4410 2724 4462 in
2764 4411 2877 4463 Rin-

856 4494 922 4545 In
950 4490 1236 4556 Rishanger
1263 4489 1476 4553 (Faust,
1511 4488 1577 4538 B.
1619 4487 1692 4537 ix.
1740 4486 1774 4536 f.
1878 4486 2083 4552 hanger.

796 4559 1791 4639 isis)“1hauebqu11oe)omfothe
1948 4565 2325 4633 ’irsitinorig.

790 4659 820 4684 ‘⁴
858 4667 995 4718 ητις,
1014 4648 1168 4715 kappe
1190 4649 1283 4718 {es
1293 4663 1350 4718 μ
1370 4644 1577 4696 Μεθ’
1944 4644 2107 4696 ‘Now
2129 4644 2474 4712 Gottingham.

857 4733 922 4784 ln
954 4729 1068 4781 MS.
1102 4726 1236 4777 Bibl.
1270 4726 1400 4791 Reg.
1437 4730 1496 4776 13
1521 4724 1581 4775 Ε.
1606 4723 1676 4775 ix.
1705 4746 1786 4776 z·-
