3300 5617
763 745 895 810 396
1416 761 1680 813 'rueme
1724 759 2192 813 wusmenffl

423 952 561 1003 AD,
592 955 733 1004 1379.
830 934 1094 1007 Propriis
1129 934 1336 1005 utique
1365 933 1633 992 diffidens
1656 936 1903 1004 viribus,
1932 936 2222 1008 quendam
2244 935 2566 1008 Anglicum
2588 935 2861 997 militem,
2890 947 3010 1001 us,
3035 947 3154 1001 niu,

429 1045 542 1095 The
563 1044 647 1094 aid
667 1045 727 1095 of
763 1018 801 1073 J
806 1020 1089 1075 ohannem
1124 1019 1501 1083 Hawkwode,
1556 1020 1619 1075 in
1671 1021 1864 1078 Italioe
1919 1027 1980 1077 et
2017 1021 2387 1077 Lumbardias
2424 1020 2689 1092 partibus
2725 1038 2862 1075 cum
2887 1015 3018 1077 Βοὲς·
3048 1021 3102 1066 1³

426 1111 512 1161 Sir
533 1112 674 1161 John
760 1122 875 1158 non
909 1122 1093 1176 parva
1124 1122 1303 1158 manu
1339 1103 1595 1160 militum
1632 1110 1692 1162 et
1727 1111 2083 1162 armatorum
2117 1107 2486 1172 militantem,
2512 1104 2858 1169 vocandum,
2887 1082 2949 1131 Ε·
2974 1097 3050 1137 ¹¹·

423 1178 738 1228 IhWkWOOd
760 1189 856 1244 vel
915 1189 1111 1260 potius
1172 1187 1360 1244 multa
1416 1189 1668 1259 pecunia
1725 1190 2124 1255 coemendum,
2188 1190 2263 1247 ad
2321 1208 2495 1247 suum
2554 1189 2858 1254 auxilium,

424 1246 735 1363 geboiffiffied·
760 1274 1152 1345 peroptimum
1188 1272 1315 1329 fore
1348 1274 1597 1344 putavit.
1692 1273 1811 1330 Sed
1845 1275 2121 1330 Britones
2158 1275 2262 1346 qui
2297 1274 2359 1329 in
2395 1274 2637 1330 castello
2671 1282 2857 1338 erant,

760 1376 895 1414 cum
928 1357 1056 1413 haec
1092 1356 1411 1423 audissent,
1451 1357 1639 1413 tutius
1689 1358 1804 1413 rati
1856 1364 1994 1414 sunt
2034 1376 2098 1414 se
2134 1358 2362 1415 occulte
2397 1357 2648 1413 Domino
2683 1357 2859 1430 Papae

427 1430 562 1509 The,
759 1442 1018 1507 reddere,
1084 1459 1261 1514 quam
1321 1441 1450 1514 ejus
1510 1441 1828 1498 adventum
1887 1443 1952 1497 in
2011 1443 2104 1498 sui
2155 1442 2476 1516 perniciem
2536 1448 2856 1515 expectare.

425 1512 659 1628 ξέἔὲῧογη
763 1526 1079 1583 Constabat
1122 1544 1375 1598 namque
1430 1526 1515 1582 eis
1576 1526 1889 1592 Romanos,
1948 1527 2104 1583 sicut
2152 1545 2188 1583 a
2237 1527 2453 1585 militia
2503 1532 2763 1583 veterum
2799 1534 2860 1583 et

423 1632 712 1681 gun-endem
761 1611 1051 1682 probitate
1105 1609 1455 1677 exciderant,
1515 1611 1600 1666 sic
1651 1628 1688 1666 a
1737 1611 2049 1667 clementia
2101 1617 2164 1667 et
2211 1611 2428 1682 pietate
2465 1629 2596 1682 quae
2633 1629 2860 1683 semper

424 1702 477 1745 to
500 1698 636 1761 l'ope
761 1696 1033 1765 antiquos
1104 1694 1396 1750 Romanos
1467 1694 1721 1751 victores
1793 1696 2060 1752 comitari
2133 1696 2414 1753 solebant.
2511 1696 2592 1753 Et
2657 1714 2859 1752 revera

430 1764 623 1814 Urban·
759 1779 1008 1834 Romani
1066 1778 1332 1833 moderni
1391 1778 1788 1835 crudelissimi
1847 1781 1964 1837 viri
2025 1785 2182 1845 sunt,
2258 1779 2275 1811 ¹
2294 1784 2355 1836 et
2423 1780 2589 1835 nulla
2643 1781 2856 1852 pietate

756 1863 1009 1936 praediti,
1048 1864 1344 1936 praecipue
1394 1881 1574 1935 penes
1629 1881 1730 1919 eos
1780 1882 1926 1936 quos
1975 1865 2156 1921 armis
2196 1863 2515 1936 subjugare
2552 1866 2849 1936 contingit.

756 1950 888 2004 Hac
925 1966 1067 2019 ergo
1103 1965 1283 2003 causa
1316 1947 1612 2018 praecipue
1670 1950 1856 2004 coacti
1908 1955 2049 2005 sunt
2099 1948 2375 2004 Britones
2425 1949 2652 2006 occulte
2687 1948 2854 2005 ²cu1n

755 2032 1007 2088 Domino
1042 2032 1205 2102 Papa
1238 2049 1600 2103 componere,
1658 2039 1745 2097 ut,
1801 2033 1980 2088 salvis
2030 2032 2392 2104 corporibus,
2445 2040 2639 2087 tamen
2685 2033 2851 2088 illaesi

756 2116 1235 2187 permitterentur
1282 2114 1463 2170 abire.
1559 2115 1847 2172 Dominus
1899 2135 2039 2172 vero
2091 2116 2271 2190 Papa,
2327 2124 2397 2172 ut
2429 2118 2525 2171 vir
2560 2118 2847 2189 pacificae,

757 2218 959 2255 eorum
1004 2198 1386 2270 petitionibus
1435 2198 1758 2270 adquievit.
1858 2200 2180 2257 Redditum
2225 2208 2317 2257 est
2356 2202 2555 2271 itaque
2602 2207 2852 2256 castrum

757 2283 1008 2339 Domino
1068 2283 1264 2354 Papae,
1329 2283 1432 2338 sed
1494 2284 1719 2340 occulte
1780 2291 1841 2340 et
1893 2286 1955 2339 in
2006 2290 2194 2351 nocte,
2250 2302 2324 2340 ne
2385 2285 2533 2341 forte
2592 2286 2852 2341 venirent

758 2368 1006 2423 Romani
1031 2372 1091 2424 et
1115 2368 1390 2425 tollerent
1424 2367 1619 2439 ipsum
1655 2370 1851 2425 locum
1887 2375 1948 2425 et
1981 2377 2236 2441 gentem.
2314 2368 2632 2426 Constabat
2663 2375 2852 2426 autem

759 2452 1009 2507 Domino
1046 2451 1223 2523 Papoe
1259 2451 1551 2507 Romanos
1589 2453 1770 2509 nullis
1823 2471 2028 2509 eorum
2062 2453 2443 2526 petitionibus
2478 2454 2849 2520 inclinandae,

758 2537 937 2592 nullis
989 2536 1260 2608 precibus
1314 2537 1438 2590 fore
1494 2537 1849 2604 flectendos;
1889 2544 1949 2593 et
2007 2538 2142 2593 ideo
2192 2538 2421 2594 dimisit
2478 2556 2577 2594 eos
2613 2539 2849 2605 occulte,

428 2653 541 2704 The
563 2652 712 2703 dimi·
758 2626 999 2693 propter
1032 2626 1257 2676 metum
1306 2618 1326 2647 ⁸
1345 2618 1600 2692 [eorum]
1642 2622 1746 2692 qui
1797 2621 2046 2677 oderunt
2099 2639 2218 2677 eos.
2290 2622 2590 2678 Numerus
2626 2622 2852 2694 quidem

428 2719 602 2771 native
760 2724 982 2770 eorum,
1011 2705 1113 2777 qui
1151 2709 1409 2759 castrum
1446 2704 1530 2759 ita
1557 2709 1886 2772 tenuerant,
1925 2705 2026 2778 qui
2062 2705 2353 2761 Romanos
2389 2705 2574 2762 veluti
2608 2706 2760 2777 aspis
2793 2707 2855 2760 in

428 2789 640 2837 number
661 2788 721 2838 of
760 2791 893 2847 sinu
930 2789 1270 2854 afflixerant,
1309 2788 1409 2844 vix
1445 2790 1707 2846 excrevit
1747 2790 1823 2845 ad
1862 2791 2237 2862 septuaginta
2283 2790 2574 2863 quinque;
2613 2790 2762 2845 unde
2796 2798 2854 2846 et

430 2853 514 2930 ΨΘ
537 2870 652 2917 Ψ·
759 2893 859 2930 eos
908 2873 1116 2944 majori
1168 2872 1300 2928 odio
1356 2874 1851 2945 perstringebant,
1902 2893 2038 2931 cum
2085 2874 2361 2931 videbant
2404 2893 2442 2930 a
2491 2884 2613 2931 tam
2661 2875 2852 2946 paucis

426 2935 579 2971 ‘¹⁵⁰³‘
760 2977 961 3014 eorum
998 2975 1169 3030 posse
1206 2957 1483 3013 contundi
1522 2959 1877 3030 superbiam,
1932 2967 1993 3016 et
2040 2960 2201 3031 ipsos
2265 2960 2555 3015 Romanos
2614 2960 2854 3031 amplior

759 3045 938 3100 rubor
962 3042 1317 3099 confusionis
1341 3041 1576 3099 invasit.
1654 3042 1866 3113 Quare,
1894 3050 1962 3099 ut
1985 3043 2257 3109 diximus,
2283 3044 2446 3100 nullo
2479 3044 2652 3100 modo
2685 3044 2853 3100 saluti

761 3146 963 3184 eorum
1000 3126 1448 3193 consensissent,
1507 3128 1559 3183 si
1610 3126 1898 3183 Dominus
1945 3127 2108 3201 Papa
2141 3146 2248 3201 pro
2283 3129 2625 3185 liberatione
2659 3145 2853 3185 eorum

760 3214 1157 3269 Romanorum
1193 3209 1505 3266 arbitrium
1541 3218 1920 3283 expectasset.

425 3294 699 3346 Treesures
831 3296 1173 3352 Britonibus
1225 3294 1423 3364 itaque
1475 3294 1548 3349 de
1598 3296 1842 3351 castello
1893 3296 2172 3367 egressis,
2229 3303 2291 3353 et
2324 3297 2660 3370 Papalibus,
2691 3298 2854 3370 juxta

427 3365 662 3413 ‘²¹¹¹0V0d
763 3381 1113 3444 condictum,
1151 3377 1454 3443 immissis,
1506 3396 1612 3450 per
1659 3385 1840 3435 totam
1889 3388 2120 3436 noctem
2168 3398 2378 3437 aurum
2425 3388 2485 3439 et
2531 3388 2851 3454 argentum,

427 3430 700 3547 ggsnssletffgr
761 3483 904 3521 vasa
949 3460 1445 3533 concupiscibilia,
1499 3468 1560 3518 et
1604 3463 1882 3519 universa
1921 3482 2052 3534 quae
2099 3466 2235 3520 usui
2283 3465 2459 3538 Papae
2499 3467 2854 3539 prodessent,

428 3564 513 3612 the
530 3580 618 3612 use
640 3564 702 3613 0f
762 3550 903 3605 fecit
943 3549 1229 3604 Dominus
1268 3544 1430 3617 Papa
1466 3546 1541 3602 ad
1584 3565 1758 3602 suum
1798 3548 2094 3603 Palatium
2132 3552 2502 3621 comportari.
2574 3552 2857 3609 Illucente

430 3629 515 3680 the
538 3632 690 3694 l’ope.
762 3637 1035 3701 crastino,
1112 3642 1347 3691 senatus
1424 3635 1792 3707 populusque
1871 3635 2189 3702 Romanus,
2252 3656 2388 3693 cum
2446 3641 2860 3711 comperissent

761 3721 1115 3779 deditionem
1151 3720 1396 3785 castelli,
1449 3720 1707 3775 occurrit
1753 3719 1912 3776 illico
1962 3739 2096 3776 cum
2155 3723 2481 3789 securibus,
2543 3724 2854 3795 ligonibus,

761 3813 821 3863 et
879 3804 1067 3861 omnis
1126 3805 1359 3876 generis
1420 3803 1843 3869 instrumentis,
1895 3804 1970 3861 ad
2018 3804 2368 3862 diruendum
2426 3809 2748 3874 castellum,
2797 3810 2858 3864 in

763 3891 1045 3947 ultionem
1114 3889 1264 3945 tanti
1335 3887 1636 3960 opprobrii
1708 3889 1932 3960 accepti
1995 3906 2102 3960 per
2161 3890 2435 3947 Britones
2496 3893 2856 3950 castellanos.

765 3976 1141 4032 confractum
1177 3979 1269 4029 est
1302 3973 1501 4044 itaque
1538 3972 1848 4027 castellum
1898 3973 1962 4029 in
2014 3973 2144 4044 ipsa
2195 3974 2310 4039 die,
2364 3981 2425 4031 et
2459 3975 2720 4033 dirutum
2752 3997 2859 4051 pro

762 4077 977 4130 magna
1031 4064 1235 4131 pai-1³03
1298 4063 1360 4113 et
1414 4058 1501 4112 ita
1558 4056 1808 4112 Romani
1864 4055 1937 4110 de
1985 4058 2353 4114 *insensibili
2421 4061 2668 4117 materia
2733 4079 2862 4118 cru-

762 4144 953 4198 delem
978 4140 1401 4213 quodammodo
1435 4157 1642 4212 cepere
1677 4139 2018 4197 vindictam,

832 4443 925 4490 ἐκ
957 4439 1012 4489 in
1055 4439 1199 4505 orig„
1249 4439 1319 4505 by
1368 4438 1759 4498 inadvertence3
1862 4437 1959 4490 ix.:
1996 4439 2278 4492 omittedin
2301 4442 2388 4494 the
2409 4444 2609 4508 printed
2629 4453 2775 4499 texts.

764 4520 1021 4572 corrected
1040 4517 1170 4569 from
1194 4518 1282 4568 the
1303 4517 1504 4582 printed
1524 4524 1672 4568 texts.
1928 4520 1947 4548 ⁴
1973 4519 2153 4570 visibili
2175 4521 2230 4571 in
2254 4522 2382 4587 erig.
2406 4526 2508 4575 and
2541 4525 2628 4577 the
2663 4527 2861 4591 printed

834 4602 854 4630 ²
886 4597 951 4647 ab
975 4596 1029 4645 in
1053 4596 1196 4661 orig„
1216 4597 1285 4660 by
1308 4597 1680 4648 inadvertence.
1862 4604 2025 4658 texts;
2048 4602 2304 4653 corrected
2324 4602 2455 4654 stom
2486 4603 2622 4658 Bibl.
2643 4606 2771 4673 Reg.
2800 4613 2861 4658 13

832 4682 851 4709 ³
875 4675 1116 4741 Supplied
1137 4676 1266 4727 from
1293 4674 1427 4727 Bibl.
1458 4675 1585 4741 Reg.
1614 4681 1675 4727 13
1699 4676 1759 4728 E.
1860 4678 1922 4730 E.
1946 4677 2018 4729 ix.
