3300 5617
817 783 946 846 160
1477 800 1738 849 ‘rnomn
1784 798 2247 851 wammam

479 985 782 1040 A.D.1321.
816 991 877 1042 et
924 1004 1139 1058 paucos
1192 986 1355 1050 alios,
1411 992 1546 1042 ante
1605 987 1778 1041 finem
1870 988 2054 1059 egotii
2113 991 2436 1043 retrorsum
2486 987 2772 1053 abierunt,
2827 991 2905 1052 et,

807 1087 930 1142 pras
954 1071 1163 1126 timore
1195 1070 1418 1133 mortis,
1446 1088 1510 1126 se
1535 1070 1688 1141 Regi
1712 1070 2094 1127 dedideruntae
2132 1071 2237 1128 sed
2258 1071 2384 1127 haec
2407 1072 2650 1128 inferius
2675 1072 2906 1144 plenius

807 1154 1178 1210 videbuntur.
1256 1153 1521 1226 Cumque
1545 1154 1821 1220 Bai-ones,
1848 1161 1916 1211 ut
1947 1156 2276 1227 praefertur,
2305 1156 2460 1228 apud
2485 1156 2904 1212 Schirburnam
2930 1162 3184 1233 Trokelove‚

809 1238 1229 1304 convenissent,
1273 1238 1554 1311 quosdam
1604 1239 1882 1295 articulos
1932 1241 1996 1295 in
2045 1238 2062 1272 ¹
2080 1241 2561 1312 proscriptionem
2612 1241 2903 1296 dictorum
2929 1244 3010 1345 ff·
3034 1239 3168 1313 ⁴⁹·.⁵⁰·

809 1324 1082 1394 Hugonis
1133 1330 1193 1380 et
1242 1324 1514 1396 Hugonis
1568 1330 2047 1396 composuerunt3
2088 1323 2191 1379 sed
2239 1329 2432 1380 tamen
2466 1324 2594 1380 vias
2635 1325 2794 1394 juris
2845 1332 2906 1380 et
2929 1297 3040 1413 ReS'
3063 1300 3160 1418 113Ξῦ1·
3225 1345 3226 1370 2

810 1407 1102 1478 aequitatis
1139 1409 1200 1463 in
1234 1408 1344 1463 hac
1378 1413 1543 1480 parte
1576 1408 1815 1481 penitus
1850 1408 2187 1473 omiserunt,
2228 1424 2467 1463 suorum
2501 1426 2607 1480 pro
2642 1415 2904 1481 tempore
2927 1429 2988 1480 E.
3005 1381 3074 1483 εἷ’,
3225 1423 3226 1438 ’

478 1493 602 1543 And
616 1495 783 1545 wreak
812 1498 1160 1563 exequentes
1209 1492 1461 1564 impetus
1512 1493 1854 1548 animorum.
1952 1491 2108 1547 Nam
2154 1491 2391 1547 illorum
2436 1492 2587 1548 bona
2633 1493 2734 1563 qui
2784 1492 2903 1549 illis

476 1561 609 1610 their
626 1577 749 1612 *0¹¹-
810 1576 907 1633 vel
944 1576 1202 1631 amicitia
1233 1576 1331 1631 vel
1366 1576 1641 1631 affinitate
1670 1575 1861 1647 juncti
1898 1576 2144 1640 merant,
2184 1575 2496 1630 furibunde
2531 1575 2900 1641 invadebant,

476 1643 717 1758 ffiefhe
811 1660 1104 1733 capientes
1140 1663 1333 1715 castra
1360 1677 1467 1732 per
1494 1659 1849 1724 violentiam,
1876 1664 2170 1715 vastantes
2205 1658 2427 1732 praedia
2460 1677 2566 1732 per
2597 1659 2902 1724 malitiam,

476 1761 666 1810 friends
687 1762 749 1811 ος
811 1750 873 1799 et
906 1744 1258 1816 perimentes
1295 1744 1542 1799 famulos
1566 1749 1827 1814 repertos
1852 1743 1915 1798 in
1944 1742 2225 1798 custodiis
2255 1742 2602 1810 eorundem;
2641 1743 2902 1799 dolentes

476 1827 560 1877 the
584 1828 662 1876 De
808 1828 883 1883 ob
918 1829 1028 1884 hoc
1061 1828 1477 1892 tantummode,
1521 1827 1677 1899 quod
1727 1844 1928 1882 eorum
1976 1844 2252 1898 personas
2303 1844 2528 1899 capere,
2572 1844 2718 1899 quos
2768 1827 2900 1883 ode-

477 1895 736 1959 Sl'enoem·
808 1918 965 1977 runt,
1004 1912 1245 1967 minime
1279 1917 1611 1983 potuerunt.
1702 1910 1993 1966 Praedicta
2026 1910 2182 1965 furia
2217 1910 2289 1966 de
2326 1911 2421 1965 die
2455 1912 2519 1966 in
2554 1911 2710 1966 diem
2745 1912 2901 1967 vires

809 2002 1091 2060 sumente,
1162 1994 1421 2050 Berones
1480 1994 1712 2050 vexillis
1773 1994 2073 2066 explicatis
2134 1994 2208 2049 ad
2271 1993 2550 2049 Sanctum
2607 1994 2900 2051 Albanum

806 2080 1066 2144 veniunt,
1119 2097 1226 2152 per
1273 2080 1431 2135 viam
1490 2079 1832 2150 diripientes
1892 2078 2108 2149 ubique
2157 2078 2455 2143 victualia,
2509 2085 2571 2135 et
2617 2098 2900 2151 pauperes

807 2170 980 2219 terrae
1005 2170 1332 2236 gravantes.
1407 2163 1481 2218 In
1514 2163 1624 2218 hac
1660 2163 1936 2218 comitiva
1970 2163 2207 2218 fuerunt
2241 2162 2496 2234 quidam,
2527 2164 2628 2235 qui
2662 2173 2901 2237 propter

806 2247 1200 2303 inveteratum
1236 2247 1434 2302 odium
1470 2246 1893 2302 Monasterium
1947 2246 2146 2303 Sancti
2196 2246 2429 2310 Albani,
2472 2247 2733 2318 dictique
2785 2249 2898 2304 loci

807 2332 1137 2395 monachos,
1178 2350 1240 2387 se
1277 2336 1622 2402 gravaturos
1675 2330 2044 2386 devoverant.
2140 2329 2257 2385 Sed
2306 2335 2517 2394 tamen,
2560 2331 2898 2404 disponente

808 2415 952 2480 Deo,
976 2416 1076 2486 qui
1094 2415 1384 2471 neminem
1410 2415 1621 2470 tentari
1645 2415 1938 2488 permittit
1960 2432 2137 2486 supra
2159 2415 2334 2479 vires,
2362 2414 2572 2470 horum
2595 2418 2896 2487 magister,

473 2495 585 2545 The
607 2497 767 2564 safety
807 2507 868 2556 et
916 2506 1119 2556 auctor
1152 2506 1327 2556 tantae
1376 2500 1632 2563 malitiae,
1673 2500 1734 2554 in
1768 2499 1913 2555 villa
1947 2498 2019 2554 de
2057 2498 2409 2570 Aleysbury,
2448 2499 2790 2572 priusquam
2828 2501 2899 2555 ad

472 2562 630 2677 {phe
808 2584 1084 2640 Sanctum
1134 2584 1427 2639 Albanum
1479 2582 1812 2652 attingeret,
1861 2582 2064 2637 morbo
2098 2599 2411 2653 percussus
2461 2583 2895 2648 irremediabili,

471 2637 762 2747 ofogss‘ffry
804 2669 1057 2741 propriis
1108 2669 1365 2739 seipsum
1416 2667 1696 2737 discerpit
1729 2667 2014 2730 manibus,
2057 2671 2117 2720 et
2151 2674 2284 2737 post
2319 2666 2464 2721 duos
2500 2666 2626 2722 dies
2662 2668 2900 2722 misera—

468 2762 670 2813 Αιδης
685 2763 780 2813 mi-
805 2751 1003 2807 biliter
1039 2751 1341 2823 expiravit.
1438 2749 1670 2814 Caeteri,
1711 2755 1830 2805 tam
1866 2748 2220 2804 formidabili
2255 2751 2583 2806 tremefacti
2619 2751 2894 2815 vindicta,

469 2831 758 2896 mculoualy
804 2853 1003 2890 casum
1062 2853 1168 2907 pro
1226 2833 1508 2889 miraculo
1566 2838 1921 2905 reputantes,
1974 2833 2047 2887 ab
2106 2833 2445 2889 executione
2501 2836 2622 2890 voti
2683 2834 2894 2900 illiciti,

467 2899 695 2949 eumd·
803 2920 1013 2976 timore
1048 2920 1241 2990 magis
1279 2937 1454 2989 quam
1490 2935 1705 2983 amore,
1733 2915 2127 2973 destiterunt)¹

469 2999 581 3049 The
603 3000 705 3050 Ba·
870 3003 1176 3074 Magnetes
1225 3019 1382 3065 vero,
1434 3002 1588 3073 apud
1637 3000 1915 3057 Sanctum
1962 2999 2254 3055 Albanum
2301 3019 2437 3056 cum
2485 3001 2608 3056 suis
2661 3004 2898 3059 armatis

466 3069 753 3182 Ξξὲἰῃωθ
799 3087 1148 3142 exercitibus
1184 3083 1289 3157 per
1326 3086 1589 3141 triduum
1622 3084 2126 3156 perhendinantes,
2171 3085 2459 3140 miserunt
2499 3085 2784 3142 solemnes
2826 3088 2899 3144 ad

467 3199 707 3250 demand„
799 3172 1023 3242 Regem
1054 3171 1315 3234 nuncios,
1344 3169 1657 3224 Londoniis
1688 3175 2157 3233 commorantem,
2194 3168 2668 3235 Londoniensem,
2700 3171 2895 3227 Sares-

468 3279 600 3327 upon
619 3267 705 3317 the
798 3256 1148 3321 buriensem,
1187 3254 1563 3327 Helyensem‚
1604 3253 2114 3318 Herefordensem,
2156 3258 2218 3309 et
2257 3252 2700 3321 cicestrensem,
2740 3256 2895 3310 Pras·

465 3329 620 3398 15¹¹ss-
801 3339 976 3404 sules,
1016 3340 1119 3410 qui
1162 3344 1299 3395 tunc
1340 3338 1493 3409 apud
1535 3336 1813 3393 Sanctum
1847 3336 2142 3392 Albanum
2188 3344 2580 3393 convenerant
2615 3357 2722 3410 pro
2756 3357 2895 3411 pme

798 3422 1200 3489 reformanda3
1249 3422 1608 3486 mandantes,
1659 3428 1729 3477 ut
1773 3422 2057 3477 Dominus
2123 3421 2250 3475 Rex
2308 3438 2423 3476 non
2483 3422 2672 3478 solum
2733 3441 2895 3479 suam

797 3513 1074 3563 vacuaret
1132 3506 1389 3569 Curiam,
1441 3506 1544 3562 sed
1601 3523 1850 3577 regnum
1898 3523 2087 3570 suum,
2140 3504 2212 3560 de
2260 3506 2426 3576 regni
2480 3507 2893 3578 proditoribus,

797 3592 1051 3662 Hugone
1099 3596 1159 3645 et
1204 3590 1457 3661 Hugone
1503 3589 1560 3644 le
1611 3589 1880 3662 Spencer,
1940 3606 2045 3661 per
2097 3589 2570 3645 communitatem
2616 3597 2789 3647 terrae
2835 3594 2895 3648 in

797 3676 1001 3732 multis
1067 3674 1459 3729 condemnatis
1536 3674 1820 3736 articulis,
1905 3673 2259 3744 exiliumque
2341 3674 2618 3729 meritum
2699 3675 2894 3732 subire

795 3761 1178 3834 permitteret,
1247 3758 1299 3813 si
1364 3756 1639 3828 diligeret
1706 3758 1874 3828 regni
1943 3774 2163 3830 pacem.
2262 3757 2571 3814 Petierunt
2638 3759 2892 3816 Barones

793 3846 1051 3917 insuper,
1113 3848 1188 3898 ut
1244 3842 1369 3898 Rex
1429 3842 1593 3914 ipsis,
1634 3847 1696 3898 et
1752 3841 2017 3897 omnibus
2079 3842 2182 3913 qui
2243 3841 2306 3897 in
2365 3859 2568 3897 eorum
2621 3846 2895 3902 comitiva

796 3948 959 3985 arma
1004 3932 1323 3991 moverant,
1370 3925 1597 3982 litteras
1648 3931 1912 3997 patentes
1970 3925 2368 3981 indemnitatis
2424 3927 2784 3993 concederet,
2834 3936 2893 3985 et

794 4032 867 4069 ne
914 4031 1020 4086 pro
1065 4009 1626 4083 transgressionibus
1685 4010 1992 4065 transactis
2038 4010 2131 4064 vel
2192 4010 2576 4082 praesentibus
2624 4031 2660 4067 a
2707 4012 2887 4084 Rege,

796 4117 901 4154 seu
967 4098 1172 4169 quovis
1243 4096 1359 4151 alio
1429 4095 1644 4150 futuris
1714 4093 2091 4166 temporibus,
2157 4095 2519 4166 punirentur.
2611 4095 2709 4151 Ad
2767 4098 2890 4153 hoec

461 4185 560 4237 His
579 4199 775 4238 auster
798 4182 1081 4238 Dominus
1129 4182 1255 4236 Rex
1290 4180 1604 4252 respondit,
1650 4180 1807 4250 quod
1847 4179 2028 4248 Hugo
2065 4180 2137 4233 de
2182 4178 2436 4250 Spencer
2475 4185 2642 4251 pater
2681 4182 2744 4236 in
2786 4200 2891 4237 suo
2911 4190 3016 4242 MS.
3035 4189 3145 4238 Bibl.

465 4253 669 4306 them·
796 4267 1031 4336 negotio
1067 4284 1229 4322 mare
1268 4266 1597 4328 transierat,
1640 4269 1701 4319 et
1738 4264 1917 4334 Hugo
1948 4263 2148 4334 junior
2189 4265 2251 4318 in
2289 4265 2438 4318 mari
2477 4271 2604 4321 erat
2643 4267 2719 4321 ad
2761 4286 2888 4322 cus·
2912 4258 3030 4336 1³0ss-
3055 4260 3102 4304 13

795 4350 1132 4407 todiendum
1191 4349 1458 4420 Quinque
1518 4349 1749 4412 Portus,
1812 4353 1986 4419 prout
2031 4364 2103 4401 ex
2148 4347 2334 4403 officio
2386 4350 2725 4416 tenebatur3
2789 4354 2890 4422 qui
2913 4324 2969 4375 E·
2990 4339 3054 4372 ¹¹·

862 4655 876 4684 ¹
895 4653 1305 4718 praemiptionem
1364 4652 1417 4703 in
1461 4652 1547 4703 the
1601 4650 1801 4716 printed
1948 4653 1969 4682 ²
1989 4651 2067 4702 At
2086 4652 2190 4703 this
2210 4651 2369 4717 point,
2403 4654 2582 4718 along
2601 4669 2814 4719 passage
2835 4655 2888 4704 in

795 4738 944 4784 texts.
1885 4729 1998 4781 MS.
2024 4730 2162 4783 Bibl.
2185 4731 2312 4797 Reg.
2335 4737 2397 4783 13
2419 4732 2480 4784 E.
2503 4731 2577 4785 ix.
2600 4734 2647 4784 is
2667 4735 2885 4784 omitted.
