3300 5617
1073 785 1404 839 uls-rom
1446 782 1860 842 Ammona.
2432 777 2516 844 91

99 960 461 1040 1ζὶίὶῐῑῑὶβθΙ·-“
498 968 747 1038 obtulit3
800 989 932 1044 quae
985 972 1049 1027 in
1095 972 1299 1028 eadem
1346 973 1596 1029 ecclesis.
1638 989 1831 1045 usque
1878 971 1941 1028 in
1987 969 2337 1028 hodiernum
2371 971 2529 1028 diem
2554 980 2693 1034 AJ).
2721 979 2863 1030 1³01.

99 1028 197 1160 ἕξ
219 1030 352 1147 Ῑῖὲω·
420 1057 461 1082 “
499 1063 803 1112 remanent
830 1062 891 1113 et
921 1063 1246 1113 servantur.
1321 1057 1493 1122 Item,
1527 1057 1820 1129 Episcopi,
1855 1055 2133 1121 Comites,
2165 1063 2226 1112 et
2251 1057 2529 1122 Berones,

105 1161 158 1210 E.
177 1135 244 1213 ξι
421 1141 462 1168 “
501 1138 647 1194 dicti
702 1142 875 1213 regni
945 1142 1156 1198 Scotiae
1215 1143 1824 1207 conventionaverunt,
1891 1146 1963 1198 ut
2030 1141 2228 1197 verbis
2300 1147 2537 1198 utamur

99 1227 210 1277 Ner
422 1225 463 1250 ‘⁶
502 1223 839 1294 hujusmodi
880 1227 1298 1292 conventionis,
1351 1225 1603 1282 Domino
1655 1227 1811 1297 Regi
1857 1224 2115 1297 Anglioe,
2166 1232 2228 1282 et
2272 1226 2534 1282 Henrico

101 1294 289 1360 Rymer.
424 1310 465 1333 ‘⁴
503 1307 627 1363 filio
650 1308 797 1381 ejus,
827 1310 1144 1383 praedictis,
1198 1310 1354 1382 quod
1389 1311 1442 1366 si
1478 1311 1606 1366 Rex
1642 1310 1855 1366 Scotioe
1902 1309 2102 1382 aliquo
2149 1328 2289 1366 casu
2325 1328 2363 1366 a
2394 1309 2535 1365 fide·

423 1393 463 1418 “
501 1392 668 1448 litate
715 1394 900 1465 Regis
945 1395 1181 1466 Angliae
1218 1402 1278 1452 et
1312 1395 1691 1452 conventione
1738 1393 2021 1466 praedicta
2064 1394 2381 1460 recederet,
2420 1394 2537 1465 ipsi

422 1478 463 1502 ‘⁴
502 1493 636 1531 cum
687 1477 851 1549 Rege
889 1477 1125 1550 Anglioe
1172 1479 1469 1544 tenebunt,
1529 1479 1686 1536 sicut
1733 1497 1869 1534 cum
1921 1478 2070 1550 ligio
2123 1479 2356 1534 domino
2406 1496 2532 1542 suc,
2596 1523 2620 1549 ,

422 1562 462 1585 “
500 1566 702 1616 contra
734 1561 962 1634 Regem
999 1563 1230 1629 sentim,
1265 1581 1568 1635 quousque
1596 1561 1679 1619 'ad
1714 1563 2054 1620 fidelitatem
2090 1563 2274 1634 Regis
2301 1561 2537 1633 Angliae

421 1646 461 1670 ‘⁴
499 1644 715 1701 redeat.
805 1646 994 1716 Quam
1046 1648 1284 1719 quidem
1334 1647 1829 1719 Compositionem
1878 1648 2070 1704 felicis
2119 1646 2536 1703 recordationis

420 1730 460 1754 “
500 1727 820 1800 Gregorius
891 1732 1055 1804 Papa
1128 1732 1379 1801 Quintus
1438 1732 1502 1788 in
1560 1732 1811 1788 diversis
1882 1732 2204 1804 rescriptis,
2271 1731 2536 1803 Regibus

422 1815 462 1838 “
501 1811 734 1884 Angliae
770 1823 831 1872 ct
866 1815 1080 1872 Scotiae
1127 1816 1386 1880 directis,
1425 1816 1728 1872 mandavit
1759 1816 2009 1872 firmiter
2043 1815 2359 1880 observari,
2400 1833 2534 1871 con-

419 1899 458 1922 “
497 1897 817 1956 tinentibus
890 1901 1069 1956 etism
1142 1901 1298 1972 quod
1356 1900 1693 1956 Willelmus
1765 1906 1826 1956 et
1884 1900 1900 1931 ¹
1918 1900 2268 1966 Alexander,
2337 1899 2535 1971 Reges

419 1982 458 2006 ‘⁴
498 1980 729 2050 Scotiae,
769 1984 1034 2055 Regibus
1066 1983 1303 2056 Angliae
1350 1984 1612 2041 Hem-ico
1647 1990 1711 2041 et
1743 1984 2023 2049 Henrico,
2062 1984 2294 2057 ligium,
2332 1984 2532 2041 homs-

418 2068 456 2090 “
497 2065 681 2136 giam,
733 2073 795 2124 et
850 2069 1196 2126 fidelitatem
1255 2070 1533 2133 facerent,
1574 2087 1707 2141 quae
1766 2075 2039 2126 tenentur
2099 2069 2534 2126 successoribus

419 2153 458 2177 “
500 2167 719 2217 eorum,
756 2151 1082 2209 Comitibus
1119 2159 1180 2209 et
1210 2153 1538 2209 Beronibus
1566 2152 1737 2225 regni
1774 2154 1980 2225 ipsius,
2013 2159 2074 2210 et
2102 2153 2536 2210 successoribus

419 2243 459 2268 ‘⁶
499 2239 642 2303 suis,
682 2237 974 2292 exhibere.
1048 2238 1130 2293 Et
1164 2237 1326 2303 item,
1367 2238 1522 2309 quod
1569 2255 1706 2293 cum
1741 2237 1899 2294 idem
1946 2236 2073 2294 Rex
2116 2238 2327 2296 Scotiae
2361 2237 2535 2293 homo

421 2329 461 2351 “
501 2324 682 2393 ligius
718 2322 799 2376 sit
833 2320 1020 2392 ipsius
1056 2321 1305 2377 Henrici
1353 2321 1538 2393 Regis
1573 2321 1830 2394 Angliae,
1870 2327 1933 2378 et
1966 2321 2158 2377 eidem
2193 2320 2538 2394 praestiterit

423 2411 461 2437 “
501 2406 798 2462 fidelitatis
834 2406 1255 2477 juramentum,
1295 2405 1371 2461 ad
1407 2405 1563 2476 quod
1597 2423 1664 2462 se
1697 2405 2104 2478 principaliter
2138 2405 2432 2477 astringit,
2472 2405 2535 2460 in

421 2496 460 2521 “
500 2491 687 2564 ipsius
738 2490 923 2562 Regis
974 2498 1035 2546 et
1085 2490 1255 2562 regni
1303 2490 1541 2561 Angliae
1611 2490 2048 2555 detrimentum,
2100 2489 2251 2546 nihil
2327 2487 2537 2546 debeat

422 2579 461 2604 “
499 2576 734 2647 penitus
787 2580 1093 2630 attentare.
1170 2574 1249 2630 Et
1282 2573 1444 2646 Papa
1481 2574 1772 2641 Clemens,
1812 2575 2073 2632 scribens
2110 2572 2265 2645 Regi
2299 2571 2534 2644 Anglioe

424 2664 462 2687 ‘⁸
499 2677 607 2731 pro
644 2659 910 2715 Johsune
934 2659 1223 2731 Episcopo
1261 2658 1464 2715 Sancti
1498 2658 1769 2726 Andreae,
1811 2659 2053 2730 expulso
2087 2657 2162 2713 sb
2198 2657 2535 2729 episcopatu

426 2746 463 2771 “
504 2761 611 2799 suo
656 2733 762 2815 per
808 2743 1037 2814 Regem
1086 2742 1317 2807 Scotiae,
1368 2742 1525 2798 inter
1571 2751 1785 2800 caetera
1822 2743 2071 2815 rogabat
2117 2741 2274 2813 quod
2309 2739 2536 2798 willel·

426 2831 463 2854 ‘⁴
501 2844 682 2893 mum,
710 2828 937 2899 Regem
962 2827 1192 2892 Scotiae,
1220 2833 1483 2883 moveret
1517 2832 1578 2882 et
1605 2827 1926 2893 induceret,
1953 2833 2015 2883 et
2038 2825 2089 2884 si
2106 2841 2345 2881 necesse
2362 2825 2531 2888 foret,

426 2915 464 2940 ‘⁶
501 2910 524 2943 ²
539 2911 902 2969 districtione
951 2910 1140 2982 reguli
1177 2928 1295 2982 qus
1329 2911 1386 2966 ei
1421 2912 1855 2981 praeeminebat,
1895 2916 1956 2966 et
1990 2910 2064 2966 de
2099 2926 2378 2965 concessa
2412 2926 2534 2963 suoe

428 3000 464 3024 ‘⁴
503 2996 684 3067 regiae
728 2993 1102 3051 ⁸001situdini
1147 2999 1437 3065 potestate
1484 2993 1878 3065 compelleret,
1928 2999 1997 3049 ut
2041 2992 2198 3049 dicto
2243 2992 2533 3064 Episcopo

427 3083 464 3107 ‘⁶
502 3097 731 3135 omnem
763 3095 1066 3134 rancorem
1111 3078 1457 3143 remitteret,
1509 3082 1570 3132 et
1615 3078 2015 3148 episcopatum
2063 3094 2236 3133 suum
2283 3076 2347 3132 in
2391 3092 2535 3147 pace

427 3169 464 3192 “
503 3159 715 3219 habere
762 3163 1145 3234 permitteret.
1219 3162 1300 3217 Et
1346 3167 1560 3232 praeter
1608 3160 2063 3217 conventionem
2096 3160 2435 3233 praedictsm
2472 3160 2533 3214 in

429 3253 465 3277 “
503 3248 751 3304 ecclesis.
786 3247 956 3303 Beati
984 3247 1148 3302 Petri
1172 3246 1422 3302 Eboraci
1454 3262 1648 3302 eoram
1682 3244 1980 3317 praedictis
2011 3244 2275 3317 Regibus
2297 3243 2534 3317 Anglioe

428 3336 464 3361 “
503 3338 564 3388 et
600 3332 830 3396 Scotiae,
881 3329 1074 3386 David
1120 3331 1302 3385 fratre
1340 3347 1465 3395 sun,
1506 3335 1567 3385 et
1599 3330 1876 3386 universo
1910 3329 2144 3402 populo,
2185 3329 2530 3394 Oomitibus,

428 3421 465 3444 “
503 3423 564 3472 ct
591 3416 937 3479 Batonibus,
975 3414 1194 3470 milites
1230 3414 1304 3468 de
1339 3419 1499 3470 terra.
1533 3413 1717 3485 Regis
1752 3415 1966 3471 Scotiae
1995 3414 2347 3485 juraverunt
2379 3412 2533 3485 Regi

428 3505 465 3528 “
501 3501 754 3571 Angliae,
795 3498 1072 3563 Hem-ico,
1117 3503 1178 3553 et
1218 3497 1478 3553 Henrico
1516 3498 1636 3554 filio
1669 3517 1795 3564 suc,
1835 3504 1897 3554 et
1929 3498 2259 3554 haeredibus
2309 3515 2530 3563 eorum,

428 3589 465 3614 “
503 3585 842 3640 fidelitatem
875 3589 1075 3640 contra
1104 3600 1334 3638 omnem
1368 3583 1685 3649 hominem,
1719 3584 1876 3640 sicut
1908 3583 2072 3654 ligiis
2099 3582 2349 3639 dominis
2386 3582 2530 3640 suis.

430 3673 465 3697 ‘⁴
502 3670 582 3725 Et
616 3669 774 3724 idem
809 3667 1164 3732 willelmus,
1218 3667 1347 3722 Rex
1402 3667 1634 3733 Sentias,
1677 3667 1753 3723 ad
1787 3667 2127 3723 mandatum
2161 3667 2348 3739 Regis
2383 3685 2531 3739 prae·

429 3757 466 3781 ‘⁶
502 3753 665 3818 dicti,
719 3752 884 3808 venit
931 3750 1455 3823 Norhamptoniam
1504 3751 1580 3807 sd
1631 3751 2092 3808 Parliamentum
2140 3751 2361 3808 domini
2415 3752 2528 3816 sui,

429 3843 466 3866 ‘⁴
503 3837 794 3893 adducens
867 3853 1067 3893 secum
1133 3853 1334 3892 omnes
1403 3836 1744 3909 Episcopos,
1806 3836 2084 3902 Abbstss,
2155 3843 2217 3893 et
2273 3835 2527 3902 Priores,

431 3927 467 3950 ‘⁶
505 3923 685 3979 totius
719 3922 892 3994 regni
929 3921 1041 3976 sui.
1115 3919 1298 3977 Venit
1332 3921 1528 3986 etiam,
1557 3920 1633 3976 sd
1667 3920 1931 3992 ejusdem
1953 3921 2136 3993 Regis
2171 3921 2527 3987 mandatum,

431 4012 466 4034 ‘⁴
504 4008 567 4062 in
612 4006 1054 4063 Normannism.
1128 4005 1209 4062 Et
1257 4004 1414 4060 idem
1465 4005 1800 4063 Willelmus
1851 4005 1995 4071 Rex,
2046 4012 2180 4077 post
2227 4005 2529 4063 decessum

431 4097 468 4118 “
506 4090 690 4163 Regis
727 4089 994 4154 Hem-ici,
1032 4089 1275 4145 veniens
1330 4088 1725 4154 Cantuarism,
1776 4088 1930 4160 Regi
1974 4088 2209 4160 Angliae
2255 4089 2526 4157 Ricsrdo,

431 4181 466 4204 ‘⁶
505 4176 624 4231 filio
659 4181 720 4232 et
754 4159 972 4229 liaeredi
1020 4173 1163 4229 dicti
1203 4172 1469 4237 Hem-ici,
1508 4174 1650 4228 fecit
1683 4172 2041 4244 homagium.
2115 4171 2242 4241 Quo
2279 4172 2530 4230 Rieu-do

431 4263 466 4286 ‘⁶
504 4259 662 4315 viam
744 4259 1035 4314 universae
1121 4258 1313 4314 carnis
1398 4258 1686 4327 ingresse,
1780 4255 2127 4328 saepedictus
2194 4257 2529 4315 Willehnus

434 4347 470 4371 ‘⁶
509 4342 778 4410 Johauni,
819 4342 974 4415 Regi
1008 4341 1262 4412 Angliae,
1313 4341 1482 4398 fiatri
1518 4340 1833 4398 ethaeredi
1878 4339 2023 4398 dicti
2069 4340 2328 4409 Ricsrdi,
2367 4349 2532 4400 extra

503 4661 521 4691 ¹
549 4657 850 4712 Aueaeander
870 4659 927 4710 iu
948 4659 1073 4726 orig.
1589 4657 1609 4689 ⁸
1640 4654 1923 4708 cele-imaeue
1942 4656 1998 4708 in
2020 4656 2147 4724 orig.

503 4742 523 4771 ²
555 4741 865 4792 diso-setiam
883 4740 940 4790 in
963 4740 1088 4806 orig.
