3300 5617
40 992 166 1044 213.
199 994 355 1046 Bibl.

41 1059 194 1143 ἓθε·
227 1067 300 1112 ¹³

41 1138 96 1176 Β.
129 1142 229 1178 lx.

40 1191 215 1245 Jont.
241 1194 370 1245 Mu·

40 1258 286 1321 rimasti,

40 1341 88 1389 {²-
119 1333 263 1378 202.

50 2333 190 2385 MS.
215 2335 358 2387 Bibl.

57 2401 302 2519 ’ἔζη

61 2739 199 2790 MS.
226 2740 364 2791 nihl,

65 2806 216 2885 Reg-
245 2813 308 2857 13

69 2873 143 2922 Ε.
175 2889 255 2925 lx.

67 2940 242 2991 Cont.
265 2940 382 2990 Mu-

67 3006 299 3069 rixam-h,

69 3089 173 3137 pp.
199 3080 318 3137 202,
331 3081 379 3125 3.

70 3158 204 3208 MS.
228 3158 366 3210 Bibl.

67 3225 216 3303 Reg.
248 3231 310 3276 18

71 3291 146 3342 E.
172 3307 252 3343 lx.

1071 802 1401 855 ms‘roRIA
1445 804 1859 854 ANGLIGANA.
2384 792 2513 870 3⁰3

415 986 568 1043 tivas
639 984 744 1042 diu
818 987 1122 1058 possessis,
1201 988 1560 1045 Bertrandus
1631 988 1648 1022 ¹
1668 989 1934 1060 Cleikyn,
2018 986 2189 1043 miles
2270 987 2520 1058 insignis
2544 987 2680 1039 AJ).
2708 995 2850 1042 1366.

418 1075 480 1125 et
523 1071 794 1142 belliger,
844 1088 979 1126 cum
1025 1071 1248 1143 Magna
1294 1072 1586 1129 Comitiva
1631 1072 1922 1145 processit
1968 1078 2172 1128 contra
2205 1071 2522 1126 Dominum
2545 1067 2658 1117 The
2672 1067 2828 1118 (ἱππ

416 1154 660 1210 Petrum
695 1154 922 1226 Regem
964 1153 1323 1227 'Hispaniam
1372 1162 1442 1211 ut
1485 1156 1658 1212 illum
1702 1156 2032 1228 deponeret,
2071 1157 2259 1215 fretus
2306 1154 2523 1210 auxilio
2547 1134 2807 1198 0⁰¹¹¹P⁸¹²Y

419 1242 481 1293 et
571 1238 771 1295 favore
852 1239 1047 1310 Papoe.
1180 1238 1321 1295 Fuit
1383 1240 1589 1312 utique
1667 1241 1782 1296 iste
1862 1240 2224 1296 Bartrandus
2295 1256 2525 1310 semper
2546 1202 2782 1331 Ραωμοῑῃθθὼπ

419 1321 634 1393 quietis
680 1322 1008 1394 impafiens,
1072 1324 1294 1379 bellum
1355 1323 1609 1395 diligens
1660 1325 1795 1396 plus
1836 1341 2013 1396 quam
2072 1340 2294 1396 pacem.
2352 1321 2522 1377 Dice·
2548 1333 2731 1392 Pedro,

418 1405 592 1461 batur
654 1406 728 1461 de
795 1407 910 1462 isto
968 1423 1131 1478 rege,
1196 1407 1351 1479 quod
1412 1408 1561 1464 vixit
1634 1407 1789 1464 inter
1849 1425 1986 1464 suos
2054 1413 2333 1479 tanquam
2393 1424 2523 1478 pes·
2548 1399 2688 1477 Κῖΰβ
2705 1399 2766 1448 ⁰f

423 1489 608 1546 simus
647 1490 947 1547 maleficus
996 1497 1060 1547 et
1107 1498 1410 1563 tyrannus,
1465 1492 1836 1563 proscribens
1882 1498 1946 1548 et
1994 1492 2349 1549 interficiens
2385 1507 2521 1546 suos
2549 1465 2721 1529 Spam·

419 1571 716 1628 naturales
786 1573 1083 1639 homines;
1147 1580 1226 1640 et,
1303 1574 1461 1646 quod
1531 1574 1702 1647 pejus
1776 1581 1884 1641 est,
1965 1582 2163 1647 spreta
2236 1573 2522 1645 religione

422 1655 773 1721 Christiana,
821 1674 957 1713 cum
1004 1657 1255 1730 quadam
1295 1675 1361 1713 se
1409 1658 1618 1714 Judaea
1676 1658 1916 1714 foemina
1959 1659 2309 1716 miscuisset.
2408 1657 2523 1727 Qui

423 1756 560 1795 oum
592 1740 853 1797 audisset
885 1742 1200 1798 adventum
1250 1741 1412 1797 illius
1448 1742 1731 1798 terribilis
1770 1742 2094 1808 Comifivae,
2138 1760 2273 1798 mox
2312 1741 2523 1798 timore

423 1825 769 1895 perterritus
805 1825 963 1897 fugit
987 1826 1052 1881 in
1075 1825 1426 1883 Vasconiam
1450 1825 1526 1881 ad
1562 1825 1879 1881 Dominum
1913 1826 2248 1899 Principem
2270 1826 2519 1891 wamma,

423 1923 667 1978 poscens
714 1909 790 1964 ab
825 1925 895 1964 eo
936 1908 1264 1965 subsidium
1300 1914 1362 1964 et
1399 1908 1699 1980 juvamen.
1774 1907 1902 1978 Quo
1945 1909 2163 1981 fugato,
2207 1910 2520 1973 Henrious,
2549 1920 2743 1986 Hem-y,
2757 1920 2844 1970 the

425 1992 605 2047 frater
661 1991 791 2065 ejus
861 1993 1191 2059 bastardus,
1267 2009 1512 2049 assensu
1581 1993 1824 2065 majoris
1900 1994 2086 2065 partis
2144 1993 2527 2050 Dominorum
2550 1987 2766 2066 1388ψᾴ
2788 1987 2850 2037 0f

423 2075 785 2147 Hispannioe,
823 2076 950 2133 sive
984 2076 1400 2142 communium,
1461 2082 1525 2132 et
1581 2076 1798 2132 auxilio
1856 2076 2163 2134 Comitivae
2210 2078 2523 2149 praedictae,
2552 2053 2792 2170 ὃΡἏωἸξὲ

426 2158 615 2215 factus
676 2166 769 2216 est
840 2161 966 2216 Rex
1024 2160 1262 2216 ibidem.
1383 2161 1529 2216 Erat
1600 2166 1798 2216 autem
1868 2178 2148 2217 numerus
2222 2161 2529 2217 Comitivae
2550 2136 2632 2170 ma
2668 2137 2696 2171 e
2771 2135 2875 2185 ἠδ’

430 2243 728 2315 praedictae
765 2244 1001 2301 circiter
1040 2244 1346 2317 sexaginta
1380 2244 1569 2299 millia
1604 2244 1971 2300 bellatorum.

496 2327 629 2382 Hoc
662 2345 812 2383 anno
844 2328 994 2384 obiit
1029 2328 1231 2384 Simon
1276 2327 1489 2399 Islepe,
1527 2327 2019 2401 Archiepisoopus
2056 2328 2527 2395 cantuariensis3
2556 2335 2805 2402 obitum-y

427 2411 524 2467 cui
571 2412 857 2468 successit
904 2412 1124 2484 Symon
1169 2410 1240 2466 de
1289 2411 1569 2483 Langam,
1619 2412 1945 2484 Episcopus
2004 2412 2278 2479 Eliensis,
2339 2413 2532 2485 provi·
2554 2403 2706 2455 ofthe
2718 2419 2862 2467 year;

428 2494 590 2550 sione
624 2494 838 2567 Papum
879 2495 920 2550 J
921 2496 1174 2550 ohannes
1226 2494 1480 2560 Barnet,.
1509 2495 1583 2550 de
1629 2495 1877 2552 ecclesia
1910 2495 2307 2561 Bathoniensi‚
2345 2502 2532 2551 wans-
2555 2470 2832 2587 ”Pagnffle'

427 2578 581 2633 latus
608 2583 703 2635 est
728 2579 804 2634 ad
833 2578 1130 2635 Eliensem
1158 2576 1498 2644 ecclesiam;
1535 2577 1827 2649 Magister
1852 2579 1898 2633 J
1897 2580 2151 2635 ohannes
2176 2579 2527 2644 Harewelle‚
2554 2552 2874 2667 {zomoflom-

426 2661 906 2733 contemplatione
943 2661 1180 2717 Domini
1217 2661 1492 2717 Edwardi
1537 2661 1828 2734 Principis
1869 2661 2119 2727 walliae,
2157 2663 2529 2718 confirmatus

425 2752 519 2803 est
577 2764 615 2802 a
666 2746 830 2817 Papa
887 2746 950 2801 in
1009 2746 1365 2817 Episcopum
1416 2744 1886 2801 Bathoniensem,
1986 2746 2158 2810 Item,
2209 2746 2319 2802 hoc
2380 2763 2530 2801 anno

426 2831 574 2886 obiit
618 2830 951 2887 Willelmus
999 2830 1073 2886 de
1119 2829 1501 2901 Edyngdone,
1557 2829 1882 2901 Episcopus
1929 2829 2383 2896 wintoniensis3
2434 2829 2531 2886 cui

427 2914 710 2970 successit
753 2930 860 2986 per
897 2914 1257 2977 electionem,
1312 2913 1562 2968 Domino
1616 2913 1782 2985 Rege
1827 2919 2193 2985 procurante,
2244 2914 2529 2970 Dominus

425 2997 758 3056 willelmus
793 2998 868 3053 de
913 2997 1182 3069 Wykam,
1218 2995 1242 3028 ³
1257 2997 1507 3068 portitor
1551 2995 1781 3052 Privati
1816 2997 2033 3068 sigilli.
2496 3044 2501 3051 Δ

496 3081 670 3137 Anno
705 3081 914 3154 gratioe
943 3080 1258 3137 millesimo
1286 3080 1697 3136 trecentesimo
1727 3082 2090 3153 sexagesimo
2126 3082 2390 3154 septimo,
2426 3082 2529 3156 qui
2553 3090 2690 3143 A.D.
2720 3094 2862 3144 1367.

431 3171 523 3222 est
560 3184 746 3223 annus
791 3165 964 3237 regni
1000 3164 1183 3236 Regis
1220 3163 1514 3230 Edwardi,
1558 3181 1596 3219 a
1635 3163 1990 3236 Conquaestu
2032 3166 2235 3232 Tertii,
2285 3165 2532 3237 quadra-

431 3250 692 3321 gesimus
737 3250 982 3322 primus,
1032 3248 1312 3320 Princeps
1359 3247 1702 3313 Edwardus,
1752 3248 2063 3305 condolens
2104 3249 2531 3305 calamitatibus
2556 3264 2740 3315 1³15„oe
2760 3264 2862 3313 Ed.

430 3334 667 3390 Domini
712 3334 1001 3399 Petronis,
1070 3332 1253 3404 Regis
1314 3332 1636 3403 Hispanias,
1696 3333 1992 3405 profectus
2039 3339 2132 3389 est
2174 3332 2238 3389 in
2282 3350 2533 3405 regnum
2558 3333 2697 3381 ward
2717 3345 2829 3395 pro-

429 3417 579 3474 illud
635 3435 773 3474 cum
842 3418 1029 3473 electa
1096 3415 1472 3473 multitudine
1547 3415 1898 3473 bellatorum
1967 3415 2222 3489 Anglioe,
2297 3417 2529 3481 Scotiae,
2559 3399 2710 3475 ⁰0⁹⁶!
2728 3404 2780 3446 ‘⁰

429 3502 450 3534 ⁴
464 3500 746 3568 Eranoioe,
795 3500 1187 3574 Aquitannioe,
1237 3507 1300 3557 et
1344 3499 1684 3566 Britanniae,
1723 3507 1786 3557 et
1820 3501 2069 3557 aliarum
2103 3501 2369 3572 gentium
2401 3500 2531 3574 plu·
2556 3464 2750 3581 {ifdffil
2770 3463 2832 3512 ος

429 3586 745 3652 rimarum3
807 3585 884 3641 ad
930 3600 1107 3656 quem
1153 3601 1287 3639 cum
1335 3583 1540 3639 multis
1587 3585 1837 3641 accessit
1894 3585 2181 3641 Dominus
2228 3585 2413 3656 Hugo
2457 3585 2532 3640 de

432 3669 751 3734 Oalverlee,
824 3669 1055 3725 deserto
1123 3667 1382 3724 Hem-ico
1447 3667 1717 3733 Restm-d,
1781 3686 1852 3724 eo
1911 3669 2069 3740 quod
2127 3669 2318 3725 noluit
2376 3675 2532 3726 stare

431 3759 630 3810 contra
666 3752 987 3809 Dominum
1021 3751 1375 3825 Principem,
1425 3752 1887 3824 primogenitum
1932 3752 2117 3824 Regis
2165 3754 2277 3808 sui.
2352 3752 2534 3809 Venit
2555 3760 2799 3812 Receives

429 3837 671 3910 insuper
705 3836 783 3893 ad
826 3837 1162 3909 Principem
1202 3836 1488 3892 Dominus
1524 3834 1817 3892 Bobertus
1863 3835 2117 3902 Knollis,
2167 3854 2302 3892 cum
2346 3834 2533 3891 electa
2555 3828 2693 3893 lnge
2714 3829 2845 3877 rein-

430 3920 806 3977 multitudine
853 3920 1090 3991 Magnae
1164 3919 1470 3975 Comitivae
1534 3918 1850 3991 praedictae.
1941 3918 2056 3988 Qui
2104 3920 2221 3975 duo
2281 3919 2354 3974 de
2425 3937 2533 3975 sua
2554 3893 2865 3945 mmmmm

431 4005 645 4060 militia
723 4003 978 4059 multum
1046 4009 1349 4068 auxerunt,
1422 4003 1915 4067 confortaverunt,
1976 4008 2040 4058 et
2107 4003 2528 4067 animaverunt,

430 4095 661 4161 partem
719 4088 868 4159 ejus.
943 4086 1035 4142 De
1079 4086 1300 4157 Anglia
1355 4086 1518 4143 venit
1575 4087 1653 4143 ad
1698 4104 1834 4143 eum
1892 4085 2176 4142 Dominus
2237 4085 2276 4141 J
2279 4087 2531 4142 ohannes

430 4172 567 4228 Dux
600 4170 977 4237 Lancastriae,
1012 4187 1148 4226 cum
1182 4170 1386 4226 multis
1416 4169 1746 4226 valentibus
1783 4170 2070 4226 militibus
2104 4176 2167 4226 et
2201 4170 2529 4241 armigeris,

430 4256 680 4327 aliisque
718 4253 993 4320 armatis;
1045 4258 1288 4325 eratque
1342 4266 1478 4309 cum
1519 4270 1589 4310 eo
1635 4253 1763 4309 Rex
1807 4253 2100 4319 Navariae,
2141 4271 2277 4310 cum
2327 4253 2531 4309 multis

430 4340 506 4397 de
533 4344 711 4413 gente
742 4357 869 4396 sua.
942 4337 1033 4394 Ex
1057 4337 1304 4394 adversa
1331 4343 1498 4410 parte
1524 4337 1689 4394 venit
1713 4338 1842 4410 ipse
1863 4338 2158 4395 Henricus
2185 4338 2526 4405 Bastardus,

869 4502 1723 4510 .--——--——-—--—-—.-———--

501 4598 515 4632 ¹
539 4598 789 4652 Bertrsnd
833 4594 920 4650 Du
978 4592 1218 4649 Guesclin
1265 4594 1310 4647 is
1349 4594 1435 4648 the
1599 4598 1620 4628 ³
1632 4604 1858 4663 portator
1878 4597 1934 4647 in
1956 4597 2042 4648 the
2064 4597 2262 4662 printed
2282 4606 2432 4651 texts.

431 4694 706 4747 personage
723 4685 907 4731 meant.
1602 4678 1621 4707 ⁴
1642 4676 1928 4737 Navarrt'oe,
1978 4677 2314 4742 Aquitoennioe,
2351 4678 2406 4728 in
2447 4679 2534 4730 the

502 4759 524 4790 ¹
545 4757 797 4826 Hypanim
817 4756 874 4809 in
895 4756 1022 4823 orig.
1536 4757 1736 4821 printed
1754 4764 1906 4809 texts.
