3300 5617
50 990 180 1042 HS.
203 992 366 1046 Bibl.

47 1060 194 1124 Reg.
230 1066 300 1110 13

56 1125 234 1178 nix.

1083 804 1410 855 ms'romA
1455 803 1876 854 mumolum.
2396 787 2523 850 255

432 992 738 1049 excellens.
814 992 936 1047 Iste
995 992 1309 1055 Hem-icus,
1362 990 1650 1061 quondam
1711 990 2133 1046 Linoolniensis
2182 988 2526 1060 EpiscopuS,
2554 993 2689 1043 ΑΒ.
2718 999 2860 1043 1343.

432 1076 679 1149 cupidus
717 1082 778 1132 et
811 1094 1041 1140 avarus,
1081 1076 1236 1147 apud
1271 1076 1559 1146 praedium
1595 1094 1769 1131 suum
1804 1075 1876 1130 de
1912 1075 2256 1147 Tynghurst
2289 1090 2530 1144 parcum
2554 1077 2748 1140 Bishop
2771 1077 2830 1126 of

433 1163 668 1226 fecerat,
734 1166 795 1216 et
854 1178 1095 1216 suorum
1152 1165 1342 1216 terras
1414 1160 1740 1231 contiguas,
1803 1159 1950 1231 ipsis
2012 1158 2265 1221 ¹invitis,
2341 1155 2531 1211 eidem
2555 1145 2783 1194 Li1¹⁰⁰¹1¹·

432 1263 607 1318 parco
656 1245 967 1314 adjecerat,
1025 1249 1086 1299 et
1122 1244 1358 1316 sepibus
1412 1261 1480 1298 ao
1535 1244 1769 1300 fossatis
1828 1243 2178 1299 incluserat:
2241 1259 2359 1296 non
2407 1242 2531 1295 sine

433 1330 579 1385 diris
639 1330 878 1385 illorum
937 1329 1430 1400 increpationibus
1488 1326 1511 1361 ²
1529 1328 1843 1384 advenerat
1910 1333 2097 1384 terras
2158 1345 2313 1384 suas.
2390 1325 2535 1380 Post

434 1419 684 1469 mortem
729 1430 871 1469 vero
907 1431 1092 1479 suam,
1139 1413 1410 1485 apparuit
1455 1412 1689 1469 cuidam
1726 1430 1796 1467 ex
1831 1413 2139 1484 armigeris
2189 1413 2313 1468 suis
2351 1428 2530 1481 quon·
2557 1415 2655 1467 His
2679 1431 2806 1481 pun-

434 1497 588 1563 dam,
637 1515 772 1553 oum
818 1499 1095 1570 pharetra
1128 1503 1190 1552 et
1235 1514 1395 1562 arcu,
1446 1497 1681 1569 sagittis
1720 1503 1780 1552 et
1825 1514 2025 1561 cornu,
2075 1496 2315 1552 indutus
2363 1494 2531 1549 brevi
2556 1483 2774 1533 iflhment

432 1582 650 1647 tunica,
689 1587 751 1637 et
783 1583 915 1653 ipsa
958 1582 1157 1646 viridi,
1210 1587 1272 1637 et
1316 1582 1402 1637 ait
1447 1581 1639 1646 ei,--“
1666 1580 1841 1636 Nosti
1878 1579 2035 1651 quod
2079 1598 2196 1636 non
2243 1580 2369 1635 sine
2417 1577 2529 1632 Dei
2556 1550 2683 1666 ssfler
2699 1549 2848 1654 ᾱεῗῗὼ

438 1669 476 1694 “
515 1666 733 1722 offensa
767 1671 829 1721 et
862 1666 1079 1738 injuria
1111 1682 1437 1737 pauperum
1473 1664 1787 1721 clauserim
1822 1666 2004 1720 istum
2039 1682 2316 1736 pareum3
2359 1663 2530 1718 datus
2558 1631 2765 1750 (133qu

438 1752 476 1779 ‘⁸
516 1767 648 1805 sum
682 1750 870 1821 igitur
914 1768 1031 1805 non
1066 1750 1191 1805 sine
1227 1767 1401 1821 poena
1435 1749 1509 1804 ad
1544 1749 1869 1805 custodiam
1914 1749 2093 1819 hujus
2140 1749 2320 1820 parci,
2359 1752 2534 1820 prout

437 1836 476 1863 ‘⁸
514 1833 699 1898 vides,
741 1851 1044 1905 quousque
1087 1840 1261 1888 terrae
1295 1834 1472 1889 isthic
1508 1833 1752 1889 inclusae
1785 1833 2052 1904 pristinis
2099 1832 2531 1905 possessoribus

437 1920 475 1945 ‘⁸
513 1918 916 1973 restituantur.
1012 1916 1179 1974 Vade
1240 1934 1383 1987 ergo
1442 1918 1517 1973 ad
1578 1918 1788 1973 fratres
1849 1935 2030 1981 meos,
2094 1915 2531 1972 Lincolnienses

438 2006 476 2031 “
516 2002 855 2067 Canonicos‚
896 2009 958 2058 et
1003 2020 1151 2073 roga
1199 2020 1298 2058 eos
1353 2020 1425 2056 ex
1459 2007 1624 2074 parte
1678 2019 1828 2066 mea,
1868 2008 1937 2057 ut
1974 2003 2100 2056 haeo
2149 2002 2345 2056 omnia
2392 2019 2531 2073 pau·

438 2089 477 2115 “
511 2086 750 2159 peribus
796 2086 1229 2159 possessoribus
1277 2084 1653 2149 redonentur,
1694 2103 1730 2140 a
1767 2086 1979 2156 quibus
2028 2103 2161 2140 cum
2208 2085 2427 2157 injuria
2467 2104 2536 2140 ea

439 2174 478 2198 ‘⁸
516 2170 689 2226 tuJiJ’
764 2170 1040 2226 canonici
1074 2187 1214 2225 vero
1248 2171 1374 2226 hoec
1410 2170 1732 2235 audientes,
1772 2176 1833 2225 et
1865 2170 2141 2241 injuriam
2172 2170 2535 2241 praelibatam
2560 2182 2782 2233 Regfitu.

437 2272 551 2310 non
599 2256 953 2327 ignorantes,
1005 2254 1293 2310 miserunt
1349 2272 1532 2310 unum
1592 2254 1665 2309 de
1729 2254 2055 2319 (hunnicis,
2117 2258 2155 2282 ‘¹
2172 2253 2535 2309 willelmum
2560 2251 2668 2300 tion
2689 2249 2836 2299 made

441 2342 481 2369 “
518 2339 803 2395 Bacheler
822 2337 857 2362 ”
913 2338 1286 2410 appellatum,
1348 2339 1425 2393 ad
1481 2336 1909 2394 restituendum
1976 2356 2084 2393 sua
2142 2337 2412 2408 singulis,
2477 2343 2538 2391 et
2560 2323 2612 2367 ‘⁰
2635 2316 2777 2366 ²h⁰⁸⁰

441 2441 608 2496 sepes
658 2422 1026 2495 extirpandas
1086 2423 1418 2493 fossataque
1478 2423 1927 2494 complananda3
1986 2423 2089 2494 qui
2142 2422 2374 2477 rediens
2432 2439 2537 2493 per
2560 2382 2800 2501 {azgad

439 2507 728 2563 Abbatem
781 2507 854 2562 de
911 2506 1122 2562 Sancto
1174 2506 1421 2571 Albano,
1484 2506 1852 2571 Michaelem‚
1917 2506 2031 2561 sibi
2090 2506 2355 2562 narravit
2412 2506 2538 2561 haec
2562 2516 2848 2567 theoestom,

441 2591 635 2647 omnia
670 2591 950 2647 seriatim.

511 2674 733 2730 Eodem
785 2692 952 2738 anne,
1010 2673 1173 2746 Papa
1222 2673 1492 2729 Clemens
1543 2673 1761 2729 iterum
1809 2672 1951 2729 fecit
1984 2674 2048 2729 in
2080 2673 2301 2745 Anglia
2347 2673 2539 2746 provi·
2564 2671 2705 2735 King
2726 2670 2832 2747 1363

442 2759 632 2815 siones
684 2758 907 2814 duobus
945 2757 1351 2814 Cardinalibus
1402 2758 1475 2813 de
1523 2758 1819 2813 beneficiis
1869 2758 2130 2830 proximo
2178 2760 2535 2823 vacantibu5‚
2563 2739 2704 2788 *πᾶ
2719 2750 2872 2801 ⁸3⁸⁰

440 2849 654 2916 praeter
687 2843 1073 2915 Episcopatus
1106 2847 1167 2897 et
1195 2842 1536 2906 Abbathias,
1569 2842 1644 2897 ad
1681 2847 1969 2897 extentam
2005 2842 2254 2897 duorum
2288 2842 2540 2897 millium
2564 2803 2855 2936 ssffvssiffi

443 2945 790 2983 marcarum.
867 2926 1035 2995 Quod
1070 2926 1196 2981 Rex
1232 2933 1292 2982 et
1325 2932 1450 2982 tota
1495 2926 1667 2999 regni
1703 2926 1976 2981 nobilitas
2014 2928 2138 2998 pati
2173 2926 2395 2993 noluit;
2437 2926 2540 2981 sed
2565 2939 2710 2987 made
2732 2938 2799 3002 by

443 3017 844 3084 procuratores
869 3011 1158 3066 dictorum
1183 3009 1600 3074 cardinalium,
1631 3010 1742 3065 sub
1767 3028 1942 3082 poena
1964 3010 2235 3075 carceris,
2262 3010 2541 3082 Angliam
2566 3007 2653 3056 the
2668 3004 2875 3069 P⁰Pei¹1

444 3097 601 3151 exire
637 3096 847 3167 coegit.
921 3095 1001 3151 Et
1046 3095 1162 3150 cito
1206 3100 1356 3166 post,
1411 3094 1537 3150 Rex
1589 3094 1804 3151 direxit
1853 3095 2027 3166 Papae
2062 3095 2227 3149 illam
2263 3096 2541 3150 famosam
2567 3072 2817 3136 Ensshmd·

445 3179 772 3253 Epistulam
820 3196 926 3252 pro
962 3179 1232 3234 libertate
1267 3178 1549 3235 Ecclesia)
1595 3180 1938 3251 Anglicanae
1988 3179 2330 3246 contuenda,
2367 3198 2542 3251 quam

444 3264 827 3338 praesentibus
863 3263 1134 3320 duximus
1171 3263 1538 3320 inserendam
1555 3286 1645 3320 :—

447 3582 757 3678 Epistola
796 3591 1013 3659 missa
1055 3593 1269 3683 Papoe
1336 3594 1666 3662 Clementi
1713 3616 1847 3682 pro
1892 3594 2190 3664 libertate
2234 3596 2544 3664 Ecclesiae

623 3693 1056 3780 Anqaoamoe,
1090 3696 1308 3783 plena
1322 3696 1602 3785 fracta,-
1645 3697 1767 3765 cni
1810 3720 1937 3785 pro
1984 3706 2150 3765 twne
2188 3699 2393 3787 Papa
2422 3707 2547 3766 aut

628 3795 1034 3865 Oardalnales
1075 3799 1472 3891 respondere
1513 3798 2026 3867 rationabiliter
2063 3801 2457 3868 nesciebant.

382 4010 398 4024 .
465 3996 470 4003 ·
525 3966 563 3992 “
604 3963 984 4023 Sanctissimo
1032 3967 1097 4023 in
1147 3967 1403 4035 Christo,
1468 3970 1623 4041 patri
1687 3988 1756 4026 ac
1807 3969 2058 4036 domino,
2116 3970 2365 4027 Domino
2416 3971 2547 4028 Ole—
2574 3981 2718 4045 King
2738 3980 2847 4030 Ed-

451 4050 491 4076 “
529 4050 730 4116 menti,
794 4051 994 4107 divina
1072 4053 1444 4125 providentia
1519 4055 1911 4111 Sacrosanctae
1978 4055 2251 4110 Romanae
2302 4073 2369 4111 ao
2420 4056 2548 4111 uni·
2573 4048 2753 4098 vard’fl

304 4122 389 4224 θ’.
451 4134 490 4163 “
527 4134 775 4190 vei-salis
802 4134 1082 4192 Ecclesiae
1119 4154 1347 4192 summo
1383 4137 1674 4204 Pontifici,
1694 4138 2034 4203 Edwardus,
2064 4139 2323 4210 ejusdem
2358 4141 2552 4211 gratia
2572 4115 2745 4165 Lmer
2766 4119 2820 4163 ω

453 4217 491 4243 “
530 4217 550 4246 ³
569 4215 720 4286 [Rex
776 4217 1008 4291 Angliae
1060 4225 1123 4276 et
1174 4220 1456 4288 Franciae,
1520 4227 1582 4277 et
1628 4222 1915 4278 Dominus
1964 4223 2284 4290 Hiberniae,
2342 4224 2552 4281 devota
2574 4182 2833 4313 Ἀφ’

453 4303 493 4328 “
530 4301 745 4375 pedum
803 4304 1001 4360 oscula
1056 4304 1406 4377 beatorum]
1480 4306 1735 4363 Pensata
1794 4306 1964 4363 Sedis
2023 4308 2375 4380 Apostolicae
2434 4310 2548 4365 cle·
2574 4314 2851 4366 Provisors.

521 4584 536 4615 ¹
546 4582 740 4649 ,imm
759 4584 815 4635 in
839 4586 924 4639 the
944 4584 1146 4649 prinmo
1168 4592 1306 4639 text·
1326 4607 1341 4647 s
1365 4589 1458 4638 but
1546 4589 1650 4638 and
1671 4587 1726 4637 in
1748 4587 1884 4639 sibl.
1908 4589 2035 4655 πως.
2066 4595 2125 4641 13
2147 4590 2211 4643 Ε.
2232 4592 2306 4645 ix.

453 4663 793 4729 erroneously.
1611 4669 1632 4699 ⁸
1649 4666 1893 4735 Supplied
1955 4670 2086 4725 stom
2155 4671 2550 4741 Hemingburgh

519 4743 541 4772 ²
561 4741 806 4795 ademerat
838 4743 892 4795 in
939 4745 1026 4797 the
1061 4743 1262 4809 printed
1304 4750 1458 4803 texto,
1546 4747 1648 4797 and
1669 4746 1816 4799 Harl.
1841 4753 1954 4801 655.
