3300 5617
1104 831 1429 881 ms'rom
1472 832 1884 890 mancum„
2407 821 2534 896 227

50 1007 188 1061 ΜΒ.
218 1012 384 1066 Bibl.
448 1014 933 1081 Linoolniensem‚
983 1014 1059 1072 ad
1097 1015 1404 1074 Australes
1453 1025 1648 1089 partes
1689 1021 1879 1090 regni,
1924 1025 1985 1074 et
2021 1019 2268 1090 ipsemet
2320 1016 2531 1072 Gerus·
2554 1014 2690 1066 As).
2720 1020 2861 1065 1340.

52 1074 207 1155 Reg.
248 1086 327 1134 13

52 1140 125 1192 E.
154 1158 248 1197 ix.

448 1100 714 1156 mutham
768 1099 1019 1156 accessit
1074 1100 1475 1172 personaliter,
1514 1120 1621 1174 pro
1670 1103 1879 1175 majori
1936 1107 2103 1174 parte
2158 1100 2399 1157 navium
2441 1099 2457 1132 ¹
2475 1107 2534 1155 et

446 1183 677 1240 militiae
740 1200 983 1240 numero
1055 1184 1482 1255 congreganda
1594 1186 1819 1243 Deinde
1900 1188 1963 1243 in
2021 1185 2251 1256 Vigilia
2333 1184 2530 1242 Sancti

450 1265 492 1320 J
493 1267 736 1323 ohannis
825 1266 1107 1339 Baptistae
1186 1269 1490 1338 ingressus
1551 1275 1643 1325 est
1705 1287 1866 1325 mare
1925 1286 2131 1326 versus
2197 1267 2532 1324 Flandriam

446 1352 833 1421 profecturus,
878 1358 939 1408 et
983 1370 1127 1410 aura
1162 1352 1294 1417 sibi,
1334 1353 1515 1410 immo
1556 1353 1699 1419 Deo,
1744 1354 1993 1420 favente,
2039 1352 2218 1424 ooepit
2256 1369 2531 1424 prospere

444 1436 743 1506 navigare.
816 1435 897 1491 Et
929 1453 1064 1491 oum
1098 1435 1460 1507 pervenisset
1486 1437 1658 1507 juxta.
1689 1438 1984 1496 maritima
2019 1436 2326 1501 Flandriae,
2383 1435 2529 1491 clas-

444 1536 571 1574 sem
606 1518 961 1576 Francorum
994 1520 1226 1591 eopiose
1258 1520 1603 1576 instructam
1637 1520 1870 1580 obviam
1903 1539 2036 1576 mox
2068 1520 2333 1580 habebat.
2404 1518 2533 1589 Qua

444 1600 519 1657 de
555 1619 746 1668 causa,
784 1620 889 1673 per
922 1608 1113 1658 totum
1148 1603 1304 1658 diem
1338 1603 1508 1658 illum
1543 1621 1678 1659 oum
1713 1605 1836 1660 suis
1872 1604 2215 1670 deliberans,
2265 1604 2327 1660 in
2375 1620 2529 1660 oras-

446 1687 572 1741 tino
605 1686 1049 1760 superveniente
1083 1687 1147 1744 in
1181 1686 1310 1759 ejus
1350 1687 1634 1746 auxilium
1682 1688 1864 1752 nobili
1912 1688 2101 1746 milite
2151 1686 2405 1746 Boberto
2456 1686 2530 1740 de

445 1767 725 1841 Morleya,
764 1788 899 1826 eum
934 1770 1168 1827 Boreali
1221 1770 1408 1830 classe
1442 1771 1697 1846 Angliae,
1746 1771 2121 1832 commissum
2171 1777 2262 1828 est
2309 1769 2529 1826 bellum

442 1853 648 1909 navale
683 1853 1174 1920 cruentissimum,
1215 1853 1387 1924 quale
1422 1853 1579 1911 eirca
1613 1873 1745 1914 oras
1779 1855 2032 1928 Angliae,
2082 1854 2364 1920 Franeiae,
2403 1854 2529 1909 sive

375 1953 387 1961 ⁴
442 1934 753 2004 Flandriae,
790 1955 1080 2010 nusquam
1114 1938 1307 1996 visum
1343 1937 1490 2004 fuit3
1552 1938 1655 1994 ubi
1707 1939 1904 1996 favore
1954 1938 2152 1995 divino
2205 1937 2418 1993 Franci
2468 1941 2529 1993 et
2553 1934 2606 1984 A
2628 1935 2776 1986 naval

438 2018 779 2086 Nox-manni,
818 2023 1032 2078 aeriter
1067 2020 1350 2092 sagittati,
1402 2039 1508 2092 per
1541 2021 1769 2096 Anglos
1805 2028 1943 2080 sunt
1989 2021 2244 2093 gloriose
2280 2020 2516 2077 devicti.
2549 2001 2748 2080 ‘'5‘wa
2770 2001 2816 2049 ¹⁸

438 2102 572 2172 Qui,
611 2104 826 2176 partim
860 2105 1016 2172 caesi,
1055 2105 1270 2177 partim
1303 2101 1526 2176 ⁹gratis
1563 2105 1869 2172 submersi,
1908 2105 2125 2178 partim
2160 2104 2313 2175 eapti
2368 2109 2521 2169 sunt,
2548 2083 2667 2183 ffin
2648 2068 2862 2197 131¹th

434 2188 678 2246 navibus
746 2206 967 2255 eorum,
1026 2189 1281 2260 exceptis
1352 2189 1555 2262 paucis
1617 2207 1747 2261 quae
1805 2189 1827 2222 ⁸
1841 2190 2208 2261 aufugerant,
2270 2188 2528 2243 totaliter
2551 2208 2604 2249 at
2626 2200 2779 2263 Sluyss

435 2271 747 2342 occupatis,
801 2272 1012 2328 Franci
1049 2272 1254 2343 utique
1290 2277 1351 2328 et
1395 2272 1455 2328 N
1458 2273 1740 2337 ermanni,
1781 2290 1916 2332 cum
1950 2272 2238 2328 vidissent
2274 2288 2409 2326 suos
2446 2271 2530 2325 ita
2552 2266 2801 2330 (ΕΟῙΠΒΕ)

434 2356 664 2427 copiose
688 2354 958 2412 cadentes
995 2374 1032 2412 a
1066 2357 1284 2427 sagitta
1314 2356 1545 2413 volante
1582 2356 1643 2412 in
1679 2356 1773 2410 die
1809 2356 1932 2422 illo,
1961 2363 2021 2412 et
2056 2354 2311 2411 ubertim
2347 2354 2529 2410 sterni

435 2439 509 2493 ab
546 2455 681 2496 ense
717 2445 778 2494 et
812 2440 1003 2496 securi
1039 2439 1285 2505 furente,
1325 2439 1633 2511 elegerunt
1655 2440 1851 2512 potius
1901 2439 1964 2494 in
1998 2438 2149 2493 mari
2186 2438 2528 2508 semetipsos

436 2539 720 2593 mergere,
760 2540 936 2592 quam
971 2528 1092 2580 tam
1126 2522 1505 2578 horribilibus
1543 2522 1758 2578 ictibus
1784 2521 2103 2594 subjacere.
2180 2521 2532 2576 Ceciderunt

434 2605 456 2635 ⁴
478 2623 619 2677 ergo
655 2606 739 2661 ibi
786 2607 851 2661 in
885 2624 985 2662 ore
1021 2606 1209 2678 gladii
1242 2607 1340 2662 vel
1391 2606 1633 2672 securis,
1675 2606 1906 2677 sagittae
1949 2604 2199 2662 volantis
2236 2611 2298 2660 et
2347 2605 2529 2660 saltus

436 2689 772 2762 praecipitis,
810 2690 1059 2761 triginta
1106 2689 1295 2746 millia
1342 2690 1646 2745 hominum
1682 2695 2075 2756 armatorum3
2113 2686 2267 2742 unde
2305 2693 2525 2758 expost‚

437 2791 571 2829 oum
592 2773 789 2832 nullus
813 2774 1056 2832 auderet
1076 2774 1296 2830 referre
1330 2773 1473 2829 belli
1496 2774 1800 2847 praesentis
1826 2773 2044 2828 exitum
2067 2771 2221 2842 Regi
2245 2771 2528 2837 Franoiae,

433 2856 455 2888 ⁵
473 2857 785 2914 familiares
821 2856 1133 2932 quemdam
1182 2856 1431 2916 stultum
1490 2857 1755 2929 ejusdem
1810 2854 1994 2927 Regis
2049 2855 2527 2919 subornaverunt,

437 2946 507 2996 ut
538 2959 643 3014 per
679 2942 807 3014 ejus
843 2941 1024 3002 verba
1059 2941 1482 3012 quodammodo
1517 2942 1643 2998 Rex
1694 2940 2054 3011 intelligeret
2105 2938 2261 3010 quod
2313 2939 2531 2994 factum

437 3025 565 3084 fuit.
647 3024 876 3098 Nempe
935 3025 1126 3082 dictus
1186 3025 1403 3092 fatuus,
1458 3026 1522 3080 in
1570 3024 1755 3096 Regis
1808 3022 2119 3097 praesentia
2152 3022 2522 3087 constitutus,
2551 3035 2663 3085 The
2684 3048 2822 3084 news

436 3108 613 3182 eoepit
644 3109 1019 3170 vehementer
1051 3110 1386 3181 vituperare
1422 3108 1756 3166 vecordiam
1789 3107 2193 3180 Anglioorum,
2222 3111 2283 3161 et
2315 3104 2418 3178 huj
2425 3123 2523 3161 us-
2550 3101 2749 3151 themor

436 3192 593 3248 modi
627 3194 873 3250 materia
919 3193 1313 3265 multiplicare
1361 3193 1558 3250 verba.
1632 3192 1760 3248 Rex
1810 3197 2006 3248 autem
2057 3191 2333 3263 ignorans
2384 3188 2528 3260 quid
2549 3167 2741 3217 bmkm
2772 3167 2843 3230 ιη

438 3277 552 3333 sibi
584 3277 805 3335 vellent
824 3278 1005 3334 verba
1038 3278 1335 3344 morionis,
1361 3278 1689 3349 interrogat
1725 3294 1904 3350 quare
1928 3274 2072 3332 dicit
2100 3273 2383 3346 Anglioos
2407 3279 2529 3328 tam
2553 3241 2864 3362 mg

448 3361 741 3419 vecordes.
793 3360 906 3419 cui
936 3362 1055 3427 ille,
1110 3364 1148 3390 ‘⁸
1167 3360 1377 3431 Quia?
1426 3361 1640 3434 inquit,
1699 3360 1945 3417 “timidi
1982 3367 2135 3424 sunt,
2176 3365 2237 3415 et
2271 3359 2332 3414 in
2369 3374 2530 3414 mare
2554 3366 2828 3417 ofFranoe.

443 3447 481 3473 “
518 3445 730 3502 saltare
765 3463 881 3501 non
916 3449 1054 3502 sunt
1088 3446 1236 3511 ausi,
1278 3451 1346 3501 ut
1369 3445 1636 3501 fecerunt
1669 3444 1854 3501 nostri
1877 3442 2202 3500 Normanni
2237 3449 2297 3498 et
2320 3439 2532 3497 Gallici

443 3532 481 3557 “
516 3530 784 3600 generosi
801 3552 818 3597 ς
838 3529 874 3555 ”
911 3547 1018 3601 per
1053 3528 1210 3601 quod
1244 3531 1490 3588 verbum
1524 3529 1685 3586 illico
1720 3527 1846 3590 Rex
1881 3546 2017 3586 suos
2068 3526 2356 3584 intellexit
2409 3525 2532 3580 fore

439 3611 712 3680 devictos,
753 3619 814 3669 et
845 3612 1128 3685 Anglicos
1163 3613 1289 3670 fore
1340 3613 1613 3672 victores.
1700 3611 1996 3683 ceperunt
2047 3617 2242 3667 autem
2294 3608 2532 3680 Anglioi

439 3695 500 3750 in
535 3695 689 3754 dicto
724 3697 998 3754 conflictu
1035 3696 1316 3758 ducentas
1352 3714 1550 3768 naves,
1589 3696 1653 3752 in
1689 3713 1938 3767 quarum
1973 3713 2091 3752 una
2144 3692 2534 3765 quadraginta

439 3796 677 3852 corpora
709 3780 1176 3838 Normannorum
1233 3785 1594 3852 repererunt,
1647 3780 1876 3836 oaeteris
1926 3796 2129 3838 eorum
2175 3776 2421 3836 navibus
2470 3775 2534 3829 in

440 3863 642 3935 fugam
676 3866 992 3921 conversis.

508 3945 727 4004 Eodem
784 3966 957 4015 anne,
1017 3965 1154 4005 oum
1212 3948 1375 4020 Papa
1422 3947 1670 4006 vidisset
1728 3946 1954 4018 Regem
1994 3943 2227 4016 Angliae
2284 3943 2347 3998 in
2407 3941 2530 3998 suis
2555 3947 2798 3997 Flanders
2820 3944 2865 3993 is

440 4030 660 4089 astibus
719 4033 1070 4105 prosperari,
1120 4031 1457 4088 Flandriam
1498 4031 1805 4104 supposuit
1855 4027 2184 4094 interdiot0,
2224 4026 2380 4098 quia,
2433 4025 2531 4080 do-
2553 4014 2732 4080 leed
2753 4026 2843 4062 ¹¹¹¹·

440 4115 595 4172 mino
631 4116 867 4187 capitali
904 4116 1128 4183 reliam,
1154 4116 1438 4174 auxilium
1475 4116 1872 4188 praestiterant
1900 4112 2055 4185 Regi
2089 4115 2304 4168 nostro,
2344 4107 2532 4179 Quam
2555 4080 2823 4198 {gt-Inte*

443 4199 788 4256 sententiam
854 4199 1338 4271 parvipendentes
1411 4198 1819 4263 Flandrenses,
1879 4194 2315 4267 responderunt,
2379 4190 2535 4264 quod

509 4516 523 4547 ¹
546 4515 801 4582 Repeaoed
844 4517 899 4568 in
946 4517 1072 4584 orig.
1098 4538 1115 4580 ς
1176 4518 1247 4584 by
1290 4516 1437 4567 inad-
1605 4514 1626 4545 ⁸
1645 4513 1929 4581 affuqa’ant
1969 4511 2026 4562 in
2049 4511 2175 4576 orig.

443 4601 601 4648 teneo.
1604 4595 1623 4624 ⁴
1645 4594 1794 4659 ἐρίων
1814 4591 1872 4644 in
1894 4592 1981 4648 the
2001 4590 2204 4664 printed
2224 4595 2372 4644 texts.

508 4677 530 4706 ²
548 4683 716 4742 ‘ponte
772 4676 826 4730 in
884 4676 969 4730 the
1012 4676 1215 4744 printed
1267 4681 1439 4735 texts;
1606 4675 1626 4704 ⁸
1646 4668 1991 4742 ofendimus,
2011 4669 2068 4722 in
2088 4668 2216 4735 orig.
2238 4690 2254 4732 ς
2278 4665 2544 4735 affamilia-

443 4755 600 4819 gratie
621 4754 675 4805 in
699 4754 835 4805 Bibl.
859 4755 985 4820 Reg.
1014 4761 1075 4810 13
1096 4755 1156 4810 E.
1180 4754 1253 4808 ix.
1543 4769 1619 4804 res
1640 4752 1696 4806 in
1720 4751 1805 4806 the
1827 4750 2026 4818 printed
2047 4755 2194 4804 texts.
