3300 5617
1086 817 1417 868 msromA
1458 817 1873 868 memorum
2388 802 2516 867 249

361 1056 374 1069 .
430 1013 470 1038 “
510 1009 724 1081 quibus
757 1008 956 1063 visum
992 1006 1218 1062 ¹fuerat
1252 1004 1409 1077 quod
1456 1006 1585 1070 hoc,
1640 1004 1801 1060 salvo
1852 1005 2068 1060 honore
2122 1012 2336 1068 vestm,
2392 1022 2523 1076 pos·
2546 1011 2684 1064 A.D.
2706 1017 2849 1065 1341.

432 1097 473 1123 “
510 1094 654 1150 setis
688 1093 901 1156 facere,
930 1090 1318 1155 contraxistis,
1345 1090 1713 1146 Vioariatum
1748 1107 1853 1163 per
1873 1107 1979 1146 vos
2015 1089 2183 1145 nobis
2218 1087 2241 1120 ²
2258 1088 2524 1144 commis·

432 1181 472 1207 ‘⁴
510 1195 643 1235 sum
717 1176 1055 1232 revocastis.
1167 1175 1247 1230 Et
1323 1174 1560 1246 quidem
1637 1173 1829 1229 zelum
1906 1192 2080 1246 quem
2155 1174 2383 1231 habetis
2450 1173 2526 1229 ad

433 1265 473 1291 ‘⁴
512 1260 837 1318 faciendam
906 1259 1124 1314 dictam
1182 1258 1567 1322 concordiam,
1629 1257 1949 1328 plurimum
2020 1258 2520 1324 commendamus3

434 1349 473 1375 ‘⁸
516 1343 838 1415 [³volentes
862 1349 1075 1398 vestras
1098 1347 1298 1413 patere
1339 1341 1563 1396 notitioe
1589 1341 1747 1412 quod
1768 1360 1872 1397 nos
1897 1360 2099 1414 pacem
2121 1342 2524 1398 rationabilem

435 1433 475 1458 ‘⁸
510 1429 725 1485 habere
762 1444 898 1483 cum
938 1426 1094 1481 dicto
1140 1425 1417 1498 Philippo
1462 1441 1692 1497 semper
1739 1427 2084 1497 optavimus,
2124 1432 2186 1482 et
2219 1433 2522 1499 optamus3
2603 1419 2606 1424 ’

434 1516 475 1543 “
515 1529 708 1584 quam,
734 1511 800 1567 in
822 1515 1106 1582 quantum
1127 1509 1343 1573 decuit,
1372 1526 1573 1564 sumus
1598 1526 1733 1564 cum
1757 1510 2036 1566 instantia
2057 1510 2398 1583 prosecuti].
2449 1510 2529 1566 Et

436 1601 477 1627 “
512 1614 720 1653 revera
752 1595 1015 1651 votivum
1047 1594 1217 1650 nobis
1259 1593 1411 1648 foret
1442 1591 1755 1647 admodum
1792 1598 1853 1649 et
1885 1601 2206 1667 acceptum,
2247 1595 2299 1651 si
2334 1601 2534 1668 posset

438 1685 478 1711 ‘⁴
514 1681 644 1736 fieri
676 1696 784 1751 per
832 1679 983 1735 tanti
1032 1677 1372 1733 mediatoris
1424 1677 1764 1732 instantiam
1798 1696 1910 1750 pax
1960 1685 2187 1751 optata3
2239 1680 2343 1735 sed
2395 1680 2536 1751 quia

440 1768 480 1794 “
518 1765 734 1821 scimus
780 1762 884 1834 jus
936 1767 1202 1818 nostrum
1256 1762 1320 1815 in
1369 1777 1554 1831 regno
1602 1760 1864 1816 Franciae
1913 1764 2056 1818 satis
2104 1763 2346 1828 clarum,
2384 1763 2536 1818 illud

441 1852 481 1878 ‘⁶
518 1847 762 1904 arbitrio
815 1844 993 1902 dubio
1041 1863 1158 1901 non
1208 1844 1586 1916 proponimus
1646 1844 1859 1900 ducere
1917 1847 2094 1902 alicui
2146 1865 2251 1918 per
2305 1847 2536 1903 litteras

444 1936 485 1961 ‘⁸
521 1938 754 1988 nostras
813 1929 1314 1986 committendum.
1366 1927 1611 1994 Verum,
1663 1927 1806 1984 dum
1875 1935 2097 1986 attenta
2164 1931 2539 1987 meditatione

442 2020 481 2046 “
517 2033 850 2088 pensamus,
893 2014 1147 2086 qualiter
1181 2019 1382 2069 vestra
1421 2012 1808 2068 consideratio
1845 2014 2286 2087 circumspecta,
2332 2015 2538 2071 videns

442 2103 481 2130 ‘⁶
520 2104 815 2173 patentem
850 2103 1111 2154 nostram
1142 2097 1458 2170 justitiam,
1486 2102 1547 2152 et
1567 2096 1712 2152 dicti
1736 2096 1996 2169 Philippi
2036 2097 2312 2154 duritiam
2362 2099 2539 2155 obsti·

441 2187 481 2213 ‘⁶
517 2189 717 2239 natam
769 2186 832 2237 et
888 2181 1187 2252 injuriam,
1246 2181 1554 2236 nobiscum
1623 2186 1828 2236 contra
1895 2181 2118 2238 dictum
2174 2184 2536 2255 Philippum,

442 2272 481 2297 ‘⁴
517 2268 703 2325 vestri
745 2265 957 2337 gratia,
1007 2264 1193 2337 ligam
1229 2265 1250 2297 ⁴
1266 2265 1510 2328 fecistis,
1560 2265 1730 2320 velut
1762 2266 1825 2320 in
1861 2266 2176 2338 specialem
2217 2267 2541 2339 adoptionis

444 2355 483 2380 ‘⁶
520 2351 709 2406 filium
760 2348 833 2404 de
871 2349 1201 2405 dilectionis
1258 2349 1636 2404 exuberantia
1688 2367 1792 2404 nos
1834 2348 1856 2382 ⁸
1870 2349 2267 2415 admittentes,
2306 2356 2374 2407 ut
2408 2369 2543 2407 cum

443 2439 483 2466 “
521 2452 666 2508 pace
705 2439 906 2490 vestra
926 2433 1256 2505 loquamur,
1282 2432 1490 2488 mirari
1512 2449 1627 2490 non
1653 2433 1992 2498 sufficimus,
2024 2433 2181 2506 quod
2215 2441 2545 2507 praepotens

442 2523 483 2550 ‘⁸
520 2525 720 2576 vestra
753 2517 1104 2582 sublimitas,
1163 2534 1294 2589 quae
1344 2516 1420 2572 ad
1471 2516 1708 2571 laudem
1766 2518 2051 2573 bonorum
2107 2528 2169 2574 et
2223 2519 2548 2576 vindictam

445 2608 485 2634 ‘⁴
522 2604 810 2660 malorum
848 2607 941 2657 est
976 2601 1259 2657 divinitus
1312 2601 1600 2666 instituta,
1655 2607 1858 2657 contra
1896 2620 2001 2659 nos
2054 2603 2211 2659 dicto
2251 2605 2545 2677 Phiiippo,

444 2692 485 2718 ‘⁸
523 2685 852 2759 injuriatori
876 2691 1075 2741 nostro
1117 2684 1362 2749 notorio,
1407 2701 1470 2740 se
1511 2684 1742 2756 ligavit.
1817 2685 1898 2740 Et
1918 2684 1939 2717 ⁶
1955 2686 2105 2742 illud
2131 2688 2288 2759 quod
2311 2688 2545 2752 dicitur,

447 2776 486 2801 ‘⁴
524 2790 628 2828 nos
691 2772 816 2827 sine
883 2769 1037 2826 scitu
1093 2774 1155 2824 et
1211 2786 1453 2824 assensu
1522 2775 1720 2825 vestro
1773 2787 1908 2824 cum
1962 2771 2205 2842 praefato
2276 2772 2550 2843 Philippo

449 2859 488 2885 “
524 2861 765 2925 treugas
804 2858 865 2909 et
900 2858 1215 2908 tractatum
1250 2853 1409 2923 pacis
1460 2853 1682 2918 iniisse,
1722 2870 1839 2908 non
1893 2854 2113 2921 debuit,
2173 2855 2550 2911 consideratis

452 2942 493 2967 “
530 2938 674 2995 facti
715 2935 1194 3001 circumstantiis,
1238 2935 1665 2991 rationabiliter
1703 2935 1726 2974 ⁷
1743 2938 2034 3004 movisse3
2075 2940 2214 3009 quia
2236 2939 2376 2993 dum
2401 2938 2552 2994 obsi·

451 3026 490 3051 “
528 3021 808 3077 debamus
843 3020 1143 3076 civitatem
1177 3020 1618 3083 Tornacensem,
1662 3021 1921 3092 oportuit
1965 3039 2071 3077 nos
2128 3039 2328 3076 eorum
2384 3022 2552 3094 sequi

452 3110 492 3136 “
528 3107 773 3163 consilia
819 3105 923 3176 qui
968 3104 1136 3159 nobis
1184 3103 1520 3159 comitivam
1561 3109 1624 3160 et
1661 3103 1685 3136 ⁸
1701 3105 1920 3161 auxilia
1964 3111 2103 3161 tunc
2155 3107 2436 3172 fecerunt,
2493 3114 2555 3163 et

451 3194 491 3221 ‘⁶
527 3190 549 3223 ⁹
565 3189 795 3262 hyemis
834 3188 1032 3244 subita
1070 3187 1344 3242 vicinitas
1368 3204 1435 3242 ac
1475 3186 1740 3242 locorum
1772 3188 2050 3245 distantia
2081 3196 2338 3246 vestram
2378 3210 2554 3264 super

455 3277 494 3304 ‘⁶
531 3275 641 3329 hoc
664 3272 967 3329 consulere
990 3270 1399 3326 celsitudinem
1422 3270 1664 3326 mimine
1686 3273 2095 3343 permiserunt.
2171 3274 2362 3330 Immo
2383 3277 2552 3332 nobis

455 3361 495 3385 ‘⁸
533 3356 697 3420 alias,
720 3356 772 3410 si
796 3354 1073 3418 recolitis,
1095 3354 1485 3418 concessistis,
1510 3354 1667 3425 quod
1689 3354 1729 3388 ¹⁰
1743 3356 1795 3411 si
1821 3358 2220 3427 opportunitas
2245 3358 2547 3425 arrideret,

455 3444 495 3470 “
530 3445 782 3495 tractare
829 3455 1136 3509 possemus
1194 3436 1267 3492 de
1322 3454 1466 3509 pace
1520 3438 1690 3494 vobis
1750 3439 2132 3507 inconsultis;
2189 3443 2275 3498 ita
2333 3448 2547 3509 tamen,

457 3528 497 3553 “
536 3522 692 3595 quod
727 3522 852 3577 sine
893 3538 1178 3578 consensu
1217 3530 1415 3578 vestro
1437 3540 1642 3595 pacem
1666 3523 1896 3578 finalem
1924 3542 2056 3579 cum
2081 3526 2237 3582 dicto
2278 3526 2552 3600 Philippo

458 3610 498 3636 “
535 3606 868 3662 nullatenus
902 3605 1261 3672 faceremus3
1314 3624 1492 3677 quam
1527 3625 1828 3678 nunquam
1860 3607 2050 3663 facere
2090 3607 2126 3641 ¹¹
2140 3627 2546 3682 proponemus,

458 3694 498 3724 “
533 3691 877 3762 priusquam
916 3695 1181 3745 vestrum
1222 3707 1397 3761 super
1436 3691 1546 3745 hoc
1586 3691 1995 3747 habuissemus
2056 3694 2364 3765 providum
2417 3712 2548 3750 con-

458 3778 496 3803 “
536 3774 734 3831 silium
775 3778 836 3828 et
872 3790 1193 3829 assensum.
1268 3772 1309 3806 ¹²
1324 3774 1441 3830 Sed
1482 3775 1544 3829 in
1572 3776 1734 3830 'votis
1777 3777 2069 3846 gessimus
2125 3778 2290 3833 vobis
2327 3779 2390 3833 in
2427 3797 2547 3833 om-

461 3861 499 3888 “
537 3857 708 3914 nibus
761 3857 953 3913 facere
994 3856 1151 3928 quod
1207 3857 1514 3914 debuimus
1565 3859 1738 3931 juxta
1793 3860 1985 3926 vires3
2045 3868 2341 3933 sperantes
2393 3862 2549 3933 quod

458 3944 497 3970 ‘⁴
534 3941 575 3975 ¹⁸
590 3941 865 3998 fraternae
900 3947 1116 3997 vestrae
1172 3942 1504 4014 plentitudo
1571 3944 1991 4001 benevolentiae
2028 3963 2134 4002 nos
2191 3945 2265 4000 ad
2317 3950 2547 4017 tempus

531 4161 544 4191 ¹
556 4161 735 4225 fuerit,
756 4160 962 4226 Bymer.
1068 4237 1155 4289 'wc
1616 4163 1636 4190 ⁷
1659 4178 1743 4212 vos
1765 4165 1976 4225 movisoe,
1998 4164 2202 4229 Rymer.

530 4243 552 4272 2
571 4254 838 4290 moegm
893 4255 920 4287 r
1198 4254 1343 4291 evoca
1622 4243 1640 4267 ⁸
1781 4244 1792 4255 ·
1817 4244 1828 4255 ·
1975 4260 2095 4309 γωθ

468 4319 673 4385 Rymer.
851 4256 891 4304 Ρ
920 4247 1055 4304 ⁰1²2&
1172 4256 1200 4288 ²·
1345 4247 1463 4300 nm,
1619 4323 1641 4351 ⁸
1662 4258 1769 4373 ἴτω.
1769 4241 2010 4374 313,πᾷ
2051 4258 2216 4374 sul-dita
2276 4325 2550 4388 necessitas,

532 4401 552 4431 ⁸
575 4398 799 4450 Omitted
834 4397 891 4448 in
930 4398 1016 4449 the
1048 4398 1201 4453 MSS.
1225 4402 1289 4453 of
1311 4401 1466 4452 Hem-
1553 4402 1760 4467 Rymer.

467 4477 724 4544 ingburgh
745 4478 846 4528 aud
885 4477 1030 4530 Harl.
1067 4484 1162 4530 655
1189 4501 1204 4538 ς
1239 4480 1466 4544 supplied
1621 4482 1661 4512 ¹⁰
1680 4496 1786 4530 cum
1806 4481 2155 4547 opportzmitas,
2175 4482 2379 4548 Rymer.

470 4558 602 4607 from
621 4557 829 4621 Bymer.
1623 4560 1658 4591 ¹¹
1678 4559 2078 4626 proponebamus,
2111 4561 2257 4613 Harl.
2295 4567 2416 4624 6553
2439 4579 2553 4630 pro·

535 4636 555 4667 ⁴
560 4636 712 4702 fecit,
732 4635 941 4701 Bymer.
1549 4653 1877 4703 Ροειισαηιιιε,
1893 4641 2100 4706 Rymer.

534 4716 557 4745 ⁸
576 4713 847 4776 admittens,
867 4715 1070 4780 Rymer.
1625 4718 1663 4748 ⁸²
1688 4717 1789 4767 Sed
1804 4736 1989 4785 semper
2012 4721 2078 4783 in,
2099 4722 2307 4787 Rymer.

539 4798 561 4825 ⁰
581 4793 648 4855 id,
672 4794 814 4845 Harl.
839 4799 935 4845 655
958 4796 1057 4845 and
1080 4796 1281 4860 Rymer.
1630 4798 1667 4828 ¹³
1675 4805 1911 4862 paternoe,
1939 4800 2144 4866 Rymer.
