3300 5617
115 986 220 1035 Ms'.
247 987 385 1039 Bibl.

113 1053 234 1128 Reg.
267 1059 330 1104 13

112 1119 167 1167 E.
191 1133 264 1170 ix.

127 2664 420 2726 Trokelowe,

131 2738 382 2849 Ris‘lffism.

133 2866 244 2928 Reg.
273 2871 330 2916 13

131 2932 182 2981 E.
203 2931 272 2982 ix.

131 3925 225 3976 MS.
247 3926 378 3977 Bibl.

133 3991 239 4069 Reg.
268 3999 325 4042 13

1109 759 1433 847 Bistonis
1477 791 1891 847 Ascuam.
2418 779 2540 846 151

448 978 636 1040 terras
673 986 1047 1050 venientium,
1099 986 1441 1057 semctipsos
1491 989 1780 1041 ostentare
1838 983 2117 1045 volentes,
2180 982 2550 1036 contulerunt
2573 991 2882 1044 A,D,1317,

446 1084 510 1123 se
565 1069 677 1124 sub
737 1070 894 1124 omni
948 1069 1316 1125 festinatione
1374 1069 1437 1124 in
1493 1075 1689 1140 partes
1731 1067 2026 1131 Boreales,
2078 1066 2334 1120 infausta
2384 1063 2542 1129 hora,

447 1158 514 1208 ut
572 1153 892 1209 Dominum
941 1154 1314 1210 Lodowioum
1360 1153 1434 1208 de
1470 1154 1852 1216 Bellomonte,
1907 1152 2002 1207 cui
2052 1150 2337 1207 Dominus
2387 1149 2548 1219 Papa

445 1236 519 1291 ad
567 1237 752 1309 Regis
799 1240 1136 1295 instantiam
1207 1238 1624 1310 Episcopatum
1684 1237 2010 1293 contulerat
2069 1234 2541 1298 Dunelmensem,

445 1320 629 1377 electo
665 1317 928 1393 ejusdem
965 1317 1078 1379 loci
1103 1329 1345 1386 cassato,
1385 1340 1519 1377 cum
1549 1340 1761 1393 pompa
1795 1321 2056 1375 Romana
2090 1318 2539 1384 intronizarent3

444 1406 712 1475 quamvis
749 1407 1076 1480 praemoniti
1115 1407 1378 1471 fuissent,
1407 1412 1475 1461 ut
1508 1403 1571 1460 in
1606 1406 1903 1460 comitatu
1927 1404 2173 1459 Eboraci
2200 1421 2262 1459 se
2287 1404 2541 1459 contine·

445 1495 591 1553 rent,
620 1495 681 1545 et
714 1491 872 1547 ultra
894 1491 1168 1563 progredi
1193 1508 1307 1546 non
1329 1495 1767 1563 praesumerent,
1795 1487 1908 1544 nisi
1934 1488 2100 1559 regia
2133 1506 2309 1543 manu
2346 1485 2500 1542 fulti.

514 1571 780 1644 Cumque
827 1576 1124 1630 venissent
1180 1592 1359 1646 prope
1411 1571 1614 1628 villam
1663 1573 1736 1628 (16
1784 1571 2168 1644 Derlyngton,
2222 1571 2414 1628 subito
2464 1570 2537 1625 de
2565 1559 2676 1611 The
2692 1561 2869 1613 081·ᾶὶ-

441 1655 594 1711 valle
644 1655 893 1728 quadam
941 1664 1308 1729 erumpentes
1357 1653 1498 1712 dicti
1547 1661 1927 1728 grassatores,
1979 1655 2226 1711 ducibus
2274 1655 2539 1710 Gilberto
2563 1629 2674 1742 ”3²¹⁸
2694 1643 2779 1745 ἔω
2813 1698 2848 1746 d

441 1738 514 1793 de
538 1739 855 1797 Mideltone
874 1747 935 1797 et
949 1741 1206 1797 Waltero
1231 1743 1303 1796 de
1331 1740 1509 1804 Semi,
1531 1738 1825 1812 inopinate
1849 1735 2148 1795 irruerunt
2170 1740 2229 1794 in
2254 1739 2535 1794 familiam
2560 1709 2856 1825 gyugflebrgrt

441 1825 840 1880 cardinalium
864 1832 924 1881 et
960 1825 1144 1881 futuri
1181 1826 1455 1898 Episcopi
1492 1824 1935 1890 Dunelmensis;
1975 1821 2319 1896 injectisque
2356 1819 2536 1878 mani-
2561 1829 2624 1878 de
2646 1827 2783 1878 Mid-

440 1907 548 1963 bus
575 1907 896 1980 sacrilegis,
936 1910 1009 1964 de
1045 1907 1319 1965 thesauro
1354 1917 1416 1965 et
1450 1910 1616 1980 equis
1655 1910 1796 1974 suis,
1836 1908 1998 1965 nulla
2030 1908 2228 1963 habita
2250 1907 2324 1961 ad
2345 1911 2534 1963 tantas
2562 1894 2729 1945 ‘nemu
2753 1897 2856 1946 ΝΜ

443 2011 717 2062 personas
766 1995 1110 2058 reverentia,
1163 1993 1501 2066 spoliarunt.
1579 1992 1949 2048 Lodewicum
1982 2010 2141 2057 vero,
2184 1992 2535 2064 Episcopum
2561 1960 2759 2092 ἓξὲξ
2773 1964 2873 2078 gd

427 2071 914 2143 'Dunelmensem,
937 2075 1228 2133 duxerunt
1251 2078 1326 2133 ad
1348 2077 1552 2134 villam
1577 2077 1648 2132 de
1674 2075 1965 2148 Morpath,
1984 2076 2059 2131 ad
2081 2075 2535 2146 redemptionem
2563 2094 2648 2143 the
2660 2094 2855 2159 Bighop

440 2162 850 2230 gravissimam
897 2163 1327 2234 componentes.
1404 2161 1623 2233 Captus
1673 2167 1763 2217 est
1798 2161 2035 2232 insuper
2075 2179 2111 2216 a
2150 2159 2321 2215 dietis
2360 2178 2538 2233 popu·
2563 2159 2625 2208 of
2638 2160 2773 2238 ΒΨ·-
2831 2228 2844 2240 ·

442 2243 724 2301 latoribus
784 2245 1078 2302 Henricus
1138 2246 1211 2302 (16
1270 2246 1653 2310 Bellomonte,
1716 2262 1849 2299 cum
1911 2243 2076 2314 equis
2137 2249 2199 2298 et
2248 2239 2538 2298 thesauris
2563 2226 2874 2293 hmlmpn·

440 2327 729 2400 plurimis,
771 2337 831 2386 et
868 2331 1110 2386 ¹ductus
1150 2337 1241 2386 est
1287 2331 1363 2385 ad
1407 2336 1666 2385 castrum
1703 2328 1775 2384 de
1817 2325 2094 2392 Midford,
2132 2327 2235 2381 ubi
2271 2326 2538 2381 detentus
2564 2294 2735 2409 ἓξὲξ
2754 2296 2859 2410 ἔξω

440 2421 532 2468 est
572 2413 754 2469 donec
791 2433 1064 2486 magnam
1113 2433 1400 2470 summam
1435 2413 1695 2485 pecuniae
1732 2413 2125 2484 persolvisset.
2201 2409 2663 2489 Oardinalcspay
2676 2441 2790 2478 mn-

439 2515 580 2552 vero
614 2499 1043 2554 restitutionem
1081 2497 1440 2570 quarundam
1469 2515 1667 2552 rerum
1692 2496 2037 2560 habuerunt,
2066 2501 2208 2566 puta
2241 2495 2315 2549 de
2350 2493 2537 2565 equis,
2564 2507 2689 2542 nom·

442 2582 823 2648 vestimentis,
866 2588 926 2639 et
965 2582 1335 2655 hujusmodi;
1374 2579 1477 2636 sed
1513 2580 1879 2636 restitutione
1914 2579 2174 2651 plenaria
2208 2583 2537 2634 caruerunt.

441 2653 621 2721 'Sine
668 2667 901 2722 laesione
942 2675 1138 2723 tamen
1184 2685 1507 2737 corporum,
1553 2683 1688 2721 cum
1730 2665 1852 2721 suis
1889 2663 2129 2718 familiis
2171 2663 2543 2719 Dunolmiam

443 2757 850 2821 pervenerunt,
891 2752 991 2806 ubi
1027 2771 1134 2823 per
1170 2752 1295 2807 dies
1332 2752 1557 2822 aliquot
1592 2748 2097 2821 perhendinantes,
2137 2753 2199 2803 et
2234 2748 2541 2804 Scotorum

440 2834 750 2890 arbitrium
819 2837 1239 2906 praestolantes,
1313 2835 1528 2890 infecto
1599 2834 1833 2904 negotio
1901 2849 2008 2904 pro
2067 2847 2182 2903 quo
2240 2840 2537 2898 venerant,

440 2918 659 2972 reversi
721 2925 857 2974 sunt
915 2920 1025 2974 sub
1073 2919 1363 2974 conductu
1410 2918 1574 2989 regio
1634 2917 1980 2973 Eboracum.
2057 2916 2183 2986 Quo
2230 2935 2365 2972 cum
2412 2936 2540 2989 per-

437 3003 750 3067 venissent,
790 3002 1163 3059 etadderent
1210 3021 1273 3058 se
1320 3003 1542 3074 positos
1589 3001 1653 3056 in
1709 3002 1955 3057 statione
2004 3019 2226 3065 secura,
2276 3001 2541 3057 tulerunt

437 3085 777 3141 horribilem
838 3086 1183 3142 sententiam
1243 3086 1306 3141 in
1365 3085 1770 3140 malefactores
1823 3084 2415 3156 Northamhymbriae,
2479 3091 2541 3140 et

437 3187 635 3226 omnes
662 3172 747 3226 eis
773 3170 1206 3242 quomodolibet
1228 3170 1607 3225 adhaerentes.
1647 3169 1836 3238 Quam
1861 3171 2206 3225 sententiam
2227 3187 2333 3241 per
2356 3175 2539 3226 totam

441 3251 718 3324 Angliam
765 3255 1051 3327 publicari
1098 3257 1380 3318 fecerunt,
1420 3261 1481 3308 et
1517 3272 1648 3309 mox
1686 3252 2012 3309 Londonias
2049 3253 2367 3319 redierunt,
2409 3259 2540 3309 octo

439 3336 705 3393 denarios
742 3338 815 3393 de
850 3355 1064 3403 marca,
1120 3353 1228 3410 pro
1270 3337 1495 3418 damnis
1537 3343 1599 3393 et
1635 3338 1922 3408 expensis,
1973 3356 2009 3393 a
2048 3336 2205 3393 clero
2247 3338 2360 3393 sibi
2411 3337 2535 3392 dari

438 3440 572 3476 cum
598 3423 872 3478 instantia
893 3421 1288 3494 postulantem
1338 3437 1454 3476 non
1483 3421 1767 3476 habentes
1806 3427 2140 3493 respectum
2176 3422 2252 3476 ad
2290 3428 2539 3493 quatuor

437 3507 705 3562 denarios
745 3507 878 3563 sibi'
895 3507 968 3561 de
999 3523 1196 3562 marca
1230 3506 1397 3579 prius
1436 3523 1741 3562 concessos
1776 3524 1884 3578 pro
1915 3524 2079 3561 mora
2114 3524 2290 3577 qnam
2326 3506 2536 3561 facturi

437 3591 669 3646 fucrant
705 3592 768 3646 in
802 3591 914 3647 hac
949 3597 1125 3646 terra.
1215 3590 1425 3646 Clerus
1462 3607 1622 3655 vere,
1663 3596 1917 3645 tractatu
1954 3589 2171 3655 habito,
2216 3590 2533 3662 respondit,

437 3676 594 3745 quod
617 3681 980 3746 contemptus
1005 3681 1066 3729 et
1088 3675 1298 3729 damna
1318 3674 1437 3730 illis
1466 3674 1632 3729 illata
1656 3674 1891 3729 sibimet
1913 3673 2201 3746 imputare
2224 3674 2533 3740 deberent3

437 3776 569 3813 cum
608 3760 802 3814 locum
844 3776 880 3813 a
915 3760 1074 3814 clero
1109 3758 1424 3814 limitatum
1462 3758 1595 3821 sibi,
1628 3757 1928 3813 civitatem
1963 3757 2240 3814 videlicet
2266 3758 2531 3822 Eboraci,

438 3842 699 3898 avaritiae
724 3843 932 3913 agitati
958 3841 1195 3898 stimulo
1219 3842 1552 3913 transgredi
1569 3848 2085 3914 praesumpserunt.
2149 3842 2534 3911 Quamobrem

438 3933 569 3982 octo
599 3927 868 3982 denarios
898 3926 971 3981 de
1008 3944 1204 3982 marca
1236 3926 1376 3982 dare
1404 3927 1597 3982 clerus
1620 3926 1984 3997 Anglicanus
2020 3926 2224 3992 noluit,
2251 3925 2534 3997 'quatuor

437 4029 577 4066 vero
602 4011 870 4067 denarios
896 4029 1042 4083 quos
1065 4012 1231 4083 prius
1255 4016 1636 4076 concesserat,
1678 4011 1817 4066 dare
1839 4010 1986 4066 benc
2011 4011 2318 4067 consensit.

509 4309 521 4337 ¹
545 4306 708 4356 dubius
729 4307 782 4357 in
807 4308 958 4374 erim
981 4308 1053 4374 by
1073 4308 1439 4358 inadvertenee,
1597 4308 1618 4337 ⁸
1637 4305 1844 4358 Instead
1863 4307 1926 4358 of
1950 4307 2051 4357 this
2072 4323 2297 4374 passage,
2320 4325 2396 4360 we
2429 4310 2535 4359 find

504 4390 524 4419 ²
548 4388 661 4438 The
684 4389 831 4438 latter
853 4388 1051 4452 portion
1068 4387 1128 4439 of
1149 4387 1251 4437 this
1273 4403 1443 4437 narra-
1531 4386 1585 4435 in
1609 4386 1906 4439 Trokelowe
1918 4387 2002 4437 the
2023 4386 2284 4453 following
2304 4391 2536 4439 words-

436 4468 540 4519 tive
561 4469 887 4532 cot-responde
904 4468 1092 4532 clooely
1114 4466 1237 4516 with
1259 4467 1372 4516 that
1390 4467 1452 4516 of
1532 4471 1562 4493 ‘⁶
1586 4465 1674 4515 sed
1692 4474 1903 4530 quatuor
1922 4465 2148 4516 denarios
2185 4484 2220 4516 a
2241 4484 2424 4530 marca,
2438 4485 2537 4534 pro

438 4547 754 4598 Trokelowe.
842 4547 953 4597 The
1014 4546 1286 4612 preceding
1332 4552 1445 4610 part
1532 4550 1561 4573 ‘⁴
1598 4545 1806 4596 secundo
1827 4563 1956 4597 anno
1978 4563 2118 4597 moroe
2154 4564 2265 4611 sua,
2287 4549 2373 4599 vix
2411 4551 2538 4617 opti·

439 4626 674 4678 however
696 4627 904 4680 ismuch
931 4627 1083 4679 fuller
1103 4625 1226 4678 than
1250 4625 1442 4677 Troke-
1531 4631 1562 4653 “
1598 4642 1713 4676 nere
1728 4621 2004 4678 valebant.’'

438 4707 578 4758 lewe.
