3300 5617
1119 816 1447 868 ms'roms
1480 817 1898 870 Ausucum.
2470 808 2557 878 17

404 1033 425 1052 ·
532 998 648 1055 Oui
707 1002 994 1058 successit
1042 1002 1365 1060 Nicholaus
1415 1004 1670 1072 Tertius,
1709 1005 1877 1078 prius
1938 1004 2149 1070 dictus,
2202 1007 2241 1035 ‘⁸
2259 1005 2300 1061 J
2302 1006 2557 1061 ohannes
2581 1013 2718 1066 AJ),
2746 1019 2889 1068 1277,

378 1103 397 1118 ‘
463 1084 505 1109 ‘⁸
544 1082 944 1155 Gssgetanusss’
1004 1087 1078 1142 de
1138 1096 1354 1159 genere
1403 1087 1774 1145 Ursinorum.
1873 1089 1992 1146 Hic
2029 1106 2207 1162 super
2264 1088 2557 1161 Regulam
2579 1080 2823 1134 Nieholu

459 1165 661 1224 Sancti
713 1169 1014 1227 Francisci
1068 1172 1489 1243 expositionem
1555 1174 1867 1246 quamdam
1916 1173 2121 1239 edidit,
2177 1191 2352 1245 quam
2402 1173 2558 1229 inter
2581 1147 2679 1199 ΠΙ·

456 1250 605 1307 alias
629 1251 968 1311 Decretales
993 1255 1066 1310 de
1089 1254 1424 1312 Verborum
1449 1256 1989 1329 Significationibus
2025 1259 2207 1313 inseri
2243 1257 2554 1313 ordinavit.

530 1335 856 1393 wallenses
906 1337 1311 1395 occidentales
1380 1357 1487 1413 per
1538 1342 1603 1397 id
1648 1343 1932 1414 temporis
1984 1341 2060 1397 ad
2115 1359 2320 1414 pacem
2368 1341 2554 1413 Regis
2577 1344 2826 1396 Transac-

457 1418 695 1491 Anglioe
729 1423 1050 1489 venientes,
1089 1423 1347 1495 pagano,
1387 1425 1617 1481 militiae
1651 1425 1838 1498 Regis
1889 1426 1952 1481 in
2002 1427 2267 1498 partibus
2303 1425 2426 1481 inis
2462 1443 2555 1481 oa-
2577 1411 2711 1462 *10¹²*
2733 1411 2787 1462 in

459 1505 711 1577 pitaneO,
753 1505 1029 1563 Castrum
1081 1507 1154 1563 de
1193 1507 1532 1582 Stredewey
1586 1528 1722 1565 cum
1776 1509 2065 1582 adjacenti
2117 1510 2310 1583 patria
2360 1508 2556 1564 reddi·
2578 1478 2767 1535 wne&

459 1588 689 1647 derunt.
764 1590 1047 1663 Princeps
1080 1609 1222 1648 vero
1258 1594 1508 1659 Walliae,
1534 1593 1743 1650 videns
1780 1611 1844 1650 se
1880 1593 2037 1666 Regi
2058 1595 2312 1666 Angliae,
2340 1593 2556 1650 cotidie

457 1672 858 1743 invalescenti,
898 1693 1014 1731 non
1047 1694 1220 1749 posse
1255 1678 1551 1744 resistere,
1589 1696 1795 1751 pacem
1828 1680 2020 1751 petiit,
2061 1684 2122 1735 et
2155 1679 2409 1735 obtinuit
2444 1678 2556 1734 sub

457 1758 567 1816 hac
601 1761 819 1815 forma:
859 1760 1151 1828 videlicet,
1194 1764 1350 1834 quod
1386 1780 1584 1819 omnes
1634 1764 1872 1835 captivi,
1913 1781 2060 1836 quos
2115 1762 2429 1820 ¹hactenus
2462 1780 2558 1817 ra-

456 1844 613 1899 tione
659 1844 845 1917 Regis
893 1846 1129 1918 Anglioe
1170 1846 1423 1903 detinuit
1473 1848 1535 1903 in
1582 1847 1857 1913 vinculis,
1918 1847 2268 1921 simpliciter
2321 1853 2384 1904 et
2428 1848 2555 1903 sine

457 1928 749 1984 calumnia
779 1929 1189 1986 liberarentur.
1282 1931 1455 1996 Item,
1496 1948 1603 2005 pro
1638 1950 1782 2005 pace
1833 1937 1895 1988 et
1926 1931 2336 1989 benevolentia
2370 1931 2557 2003 Regis

456 2012 737 2079 habenda,
796 2014 963 2070 daret
1017 2015 1445 2087 quinquaginta
1494 2016 1686 2073 millia
1753 2016 2040 2073 librarum
2094 2018 2556 2090 sterlingorum3

455 2096 479 2131 ²
492 2114 738 2169 quorum
791 2102 991 2154 tamen
1049 2098 1263 2156 solutio
1312 2100 1376 2155 in
1426 2099 1725 2157 voluntate
1780 2107 1841 2158 et
1894 2102 2088 2175 gratia
2134 2102 2322 2174 Regis
2383 2101 2555 2156 foret.

456 2180 627 2247 Item,
668 2182 826 2253 quod
860 2188 1022 2239 terra
1072 2188 1321 2256 quatuor
1358 2183 1804 2250 Cantredorum,
1845 2186 1971 2241 sine
2022 2186 2181 2242 omni
2234 2183 2559 2241 contradic-

455 2266 629 2330 tione,
668 2264 823 2338 Regi
860 2271 924 2322 et
958 2267 1081 2323 suis
1116 2267 1469 2333 haeredibus,
1509 2287 1644 2325 cum
1682 2268 1953 2326 omnibus
1988 2269 2167 2325 terris
2208 2267 2558 2340 conquisitis

455 2366 560 2421 per
594 2348 821 2420 Regem
869 2350 1251 2423 hominesque
1305 2353 1522 2424 regios,
1562 2363 1804 2426 excepta
1854 2354 2049 2410 insula
2099 2352 2456 2425 Angleseya,
2495 2350 2560 2406 in

454 2439 799 2505 perpetuum
850 2441 1198 2492 remaneret.
1275 2435 1483 2493 Insula
1532 2439 1690 2493 enim
1742 2436 2083 2510 Angleseya
2133 2454 2410 2493 concessa
2466 2441 2559 2490 est

455 2517 733 2590 Principi,
790 2517 877 2575 ita
928 2519 1086 2591 quod
1138 2520 1329 2577 solvat
1380 2538 1487 2593 pro
1540 2539 1611 2577 ea
1659 2522 1912 2594 singulis
1963 2523 2130 2577 annis
2180 2521 2336 2592 Regi
2388 2518 2555 2574 mille

454 2620 696 2668 marcas,
720 2621 971 2676 quarum
1013 2605 1228 2661 solutio
1250 2606 1584 2678 incipienda
1605 2613 1735 2662 erat
1754 2607 1818 2661 in
1841 2605 1991 2662 festo
2017 2605 2216 2662 Sancti
2238 2602 2550 2660 Michaelis

452 2687 712 2760 proximo
770 2696 912 2744 tunc
971 2689 1273 2746 instantis:
1339 2707 1446 2762 pro
1504 2690 1780 2762 ingressu
1836 2707 1978 2746 vero
2038 2691 2296 2763 quinque
2354 2688 2547 2744 millia

454 2788 781 2826 marcarum
818 2772 1001 2828 daret.
1073 2773 1154 2828 Et
1189 2774 1241 2829 si
1278 2774 1560 2845 Princeps
1613 2774 1740 2829 sine
1792 2773 2026 2829 haerede
2063 2773 2134 2829 de
2171 2766 2413 2845 corpore
2451 2789 2559 2828 suo

455 2856 787 2920 moriretur,
827 2856 1023 2912 insula
1055 2856 1162 2912 illa
1197 2858 1258 2911 in
1294 2857 1479 2928 Regis
1516 2857 1753 2929 Angliae
1806 2859 2172 2930 possessione
2208 2862 2553 2913 remaneret.

453 2940 627 3004 Item,
674 2939 832 3012 quod
863 2939 1150 3012 Princeps
1186 2942 1418 2997 veniret
1468 2941 1532 2997 in
1566 2941 1770 2997 Natali
1806 2941 2044 2998 Domini
2097 2941 2173 2997 ad
2206 2941 2455 3012 Regem,
2495 2940 2558 2994 in

452 3025 750 3095 Angliam,
790 3041 898 3097 pro
933 3024 1210 3096 homagio
1246 3025 1532 3080 faciendo.
1608 3025 1784 3092 Item,
1827 3025 1985 3098 quod
2036 3026 2231 3080 omnia
2280 3024 2559 3095 homagia

451 3109 684 3165 Wallioe
718 3114 1090 3164 remanerent
1122 3109 1296 3180 Regi,
1335 3117 1730 3181 praeterquam
1785 3110 2044 3182 quinque
2096 3109 2395 3166 Baronum
2456 3108 2559 3180 qui

452 3194 518 3248 in
574 3193 822 3248 confinio
879 3191 1242 3250 Snowdoniae
1301 3192 1709 3250 morabantur:
1775 3194 1914 3265 quia
1971 3211 2035 3249 se
2099 3195 2138 3222 ‘⁶
2163 3192 2501 3265 Principem
2521 3192 2558 3217 '⁹

453 3278 867 3333 convenienter
899 3294 1111 3352 vocare
1159 3295 1277 3333 non
1326 3283 1545 3349 posset,
1584 3277 1704 3333 nisi
1755 3278 1867 3333 sub
1919 3295 1983 3334 se
2035 3277 2264 3349 aliquos
2300 3276 2559 3333 Barones

453 3360 699 3417 haberet
731 3360 807 3416 ad
840 3361 1027 3417 vitam
1064 3378 1249 3416 suam.
1324 3362 1404 3418 Et
1454 3367 1588 3433 post
1623 3367 1873 3418 mortem
1927 3361 2076 3433 ejus,
2117 3361 2375 3433 quinque
2409 3378 2559 3432 prae·

456 3441 746 3501 dictorum
806 3445 1104 3501 Baronum
1162 3445 1507 3518 homagium
1558 3444 1716 3516 Regi
1773 3445 2009 3517 Angliae
2067 3445 2253 3511 fieret,
2316 3448 2379 3499 et
2436 3444 2561 3502 suis

455 3528 807 3594 haeredibus‚
846 3529 911 3584 in
947 3534 1250 3584 aeternum.
1298 3529 1376 3585 Et
1409 3546 1518 3600 pro
1553 3529 1984 3585 assecuratione
2020 3529 2289 3593 istorum,
2317 3527 2564 3584 tradidit

456 3612 740 3686 Princeps
777 3613 982 3670 decem
1016 3612 1250 3669 obsides
1288 3613 1361 3668 de
1397 3612 1742 3669 melioribus
1767 3612 2017 3677 Walliae,
2046 3612 2267 3684 absque
2303 3611 2561 3669 incarce-

456 3698 703 3761 ratione,
743 3683 1229 3762 exhaeredatione,
1284 3703 1346 3753 et
1397 3698 1651 3754 termino
1687 3696 2071 3752 liberationis.
2147 3696 2227 3753 Et
2278 3696 2352 3751 de
2401 3697 2562 3751 omni

461 3781 750 3838 Oantredo
787 3786 849 3837 et
883 3781 956 3836 de
995 3780 1360 3846 Snowdonia,
1414 3786 1477 3837 et
1525 3780 1598 3836 de
1637 3779 1898 3837 Consilio
1934 3780 2248 3852 Principis,
2286 3779 2561 3836 meliores

452 3866 755 3939 jurabunt,
814 3866 989 3922 tactis
1048 3865 1433 3923 sacrosanctis
1493 3865 1784 3936 reliquiis,
1849 3863 2007 3936 quod
2079 3863 2562 3936 quandocumque

459 3951 743 4023 Princeps
802 3950 1062 4022 aliquem
1120 3950 1535 4022 praedictorum
1609 3948 1994 4004 articulorum
2052 3949 2383 4021 infregerit,
2443 3949 2562 4004 nisi

461 4036 790 4091 admonitus
828 4052 891 4090 se
943 4034 1282 4098 correxerit,
1321 4032 1735 4089 abalienabunt
1783 4050 1848 4088 se
1901 4032 1975 4087 ab
2028 4049 2115 4097 ec,
2156 4038 2218 4089 et
2252 4031 2460 4097 eidem,
2502 4033 2563 4088 in

463 4119 730 4174 omnibus
768 4135 895 4190 quae
929 4122 1223 4190 poterunt,
1259 4117 1457 4172 hostes
1494 4116 1650 4172 fient.
1729 4115 1903 4180 Item,
1942 4121 2157 4187 proeter
2206 4116 2352 4181 haec,
2392 4115 2565 4172 Prin-

464 4221 601 4275 ceps
637 4203 849 4258 fratres
909 4219 1065 4267 suos,
1131 4218 1277 4272 quos
1337 4200 1512 4265 loesit,
1576 4199 1854 4271 placabit.
1942 4198 2171 4256 Habuit
2224 4200 2381 4255 enim
2440 4206 2564 4257 tres

466 4288 696 4352 fratres,
759 4302 1008 4357 quorum
1076 4285 1242 4348 duos,
1297 4282 1578 4342 Owenum
1628 4289 1691 4339 et
1742 4281 2114 4348 Rodericum,
2169 4290 2448 4356 posuerat
2502 4285 2565 4340 in

376 4361 402 4386 ⁶
468 4388 696 4427 carcere
713 4390 729 4434 3
781 4370 992 4425 tertius
1027 4386 1190 4435 vero,
1230 4367 1443 4434 David,
1484 4368 1631 4440 fuga
1666 4367 1949 4439 dilapsus,
1988 4368 2193 4424 multis
2227 4369 2393 4425 annis
2430 4386 2566 4425 cum

468 4455 631 4528 Rege
665 4453 900 4526 Angliae
935 4454 1136 4522 stetit;
1193 4472 1230 4509 a
1265 4470 1399 4526 quo,
1438 4458 1640 4509 contra
1689 4468 1916 4507 morem
1965 4452 2160 4523 gentis
2213 4471 2355 4521 sum,
2392 4455 2564 4511 miles

540 4771 555 4801 ¹
587 4767 1016 4834 acmuinorig.
1523 4764 1535 4833 Ι
1628 4765 2286 4831 'quaminthepfinted
2305 4772 2458 4822 texts.

704 4857 709 4872 ¹
2254 4862 2298 4911 B
