<?xml version="1.0" encoding="UTF-8"?>
<!DOCTYPE html PUBLIC "-//W3C//DTD XHTML 1.0 Transitional//EN"
    "http://www.w3.org/TR/xhtml1/DTD/xhtml1-transitional.dtd">
<html xmlns="http://www.w3.org/1999/xhtml" xml:lang="en" lang="en">
 <head>
  <title>
</title>
<meta http-equiv="Content-Type" content="text/html;charset=utf-8" />
  <meta name='ocr-system' content='tesseract 3.04.00' />
  <meta name='ocr-capabilities' content='ocr_page ocr_carea ocr_par ocr_line ocrx_word'/>
</head>
<body>
  <div class='ocr_page' id='page_1' title='image "./thomaewalsingha00unkngoog_0291.png"; bbox 0 0 3300 5617; ppageno 0'>
   <div class='ocr_carea' id='block_1_1' title="bbox 1136 746 2558 810">
    <p class='ocr_par' dir='ltr' id='par_1_1' title="bbox 1136 746 2558 810">
     <span class='ocr_line' id='line_1_1' title="bbox 1136 746 2558 810; baseline 0.003 -4"><span class='ocrx_word' id='word_1_1' title='bbox 1136 755 1465 807; x_wconf 75' lang='lat' dir='ltr'><strong>msrouu</strong></span> <span class='ocrx_word' id='word_1_2' title='bbox 1507 753 1920 808; x_wconf 54' lang='lat' dir='ltr'><strong>Ammona„</strong></span> <span class='ocrx_word' id='word_1_3' title='bbox 2438 746 2558 810; x_wconf 81' lang='lat'><strong>231</strong></span> 
     </span>
    </p>
   </div>
   <div class='ocr_carea' id='block_1_2' title="bbox 94 937 2895 1031">
    <p class='ocr_par' dir='ltr' id='par_1_2' title="bbox 94 937 2895 1031">
     <span class='ocr_line' id='line_1_2' title="bbox 94 937 2895 1031; baseline 0.005 -40"><span class='ocrx_word' id='word_1_4' title='bbox 94 937 225 992; x_wconf 74' lang='grc' dir='ltr'><strong>ΜΒ.</strong></span> <span class='ocrx_word' id='word_1_5' title='bbox 253 939 431 998; x_wconf 74' lang='lat' dir='ltr'><strong>Harl.</strong></span> <span class='ocrx_word' id='word_1_6' title='bbox 484 946 665 1003; x_wconf 87' lang='lat' dir='ltr'><strong>immo</strong></span> <span class='ocrx_word' id='word_1_7' title='bbox 712 945 1041 1010; x_wconf 66' lang='lat' dir='ltr'><strong>seculares,</strong></span> <span class='ocrx_word' id='word_1_8' title='bbox 1084 943 1159 1000; x_wconf 83' lang='lat' dir='ltr'><strong>ad</strong></span> <span class='ocrx_word' id='word_1_9' title='bbox 1211 943 1492 1016; x_wconf 84' lang='lat' dir='ltr'><strong>placitum</strong></span> <span class='ocrx_word' id='word_1_10' title='bbox 1553 957 1727 1000; x_wconf 86' lang='lat' dir='ltr'><strong>suum</strong></span> <span class='ocrx_word' id='word_1_11' title='bbox 1780 944 2116 1012; x_wconf 74' lang='lat' dir='ltr'><strong>substituit3</strong></span> <span class='ocrx_word' id='word_1_12' title='bbox 2168 945 2463 1010; x_wconf 80' lang='lat' dir='ltr'><strong>nonnulla,</strong></span> <span class='ocrx_word' id='word_1_13' title='bbox 2502 953 2570 1003; x_wconf 90' lang='lat' dir='ltr'><strong>ut</strong></span> <span class='ocrx_word' id='word_1_14' title='bbox 2593 961 2895 1031; x_wconf 49' lang='lat' dir='ltr'><strong>AJ),1340·</strong></span> 
     </span>
    </p>
   </div>
   <div class='ocr_carea' id='block_1_3' title="bbox 94 1011 3016 1630">
    <p class='ocr_par' dir='ltr' id='par_1_3' title="bbox 94 1011 2849 1207">
     <span class='ocr_line' id='line_1_3' title="bbox 94 1011 2811 1122; baseline -0.001 -34"><span class='ocrx_word' id='word_1_15' title='bbox 94 1011 181 1122; x_wconf 63' lang='lat'><strong>1⁶1⁵</strong></span> <span class='ocrx_word' id='word_1_16' title='bbox 186 1013 242 1058; x_wconf 88' lang='lat'><strong>⁵·</strong></span> <span class='ocrx_word' id='word_1_17' title='bbox 482 1031 546 1087; x_wconf 93' lang='lat' dir='ltr'><strong>in</strong></span> <span class='ocrx_word' id='word_1_18' title='bbox 606 1028 983 1102; x_wconf 82' lang='lat' dir='ltr'><strong>sequentibus</strong></span> <span class='ocrx_word' id='word_1_19' title='bbox 1042 1027 1283 1101; x_wconf 83' lang='lat' dir='ltr'><strong>patebit,</strong></span> <span class='ocrx_word' id='word_1_20' title='bbox 1346 1028 1639 1084; x_wconf 84' lang='lat' dir='ltr'><strong>fautorum</strong></span> <span class='ocrx_word' id='word_1_21' title='bbox 1687 1027 1898 1084; x_wconf 87' lang='lat' dir='ltr'><strong>ductus</strong></span> <span class='ocrx_word' id='word_1_22' title='bbox 1948 1029 2191 1084; x_wconf 89' lang='lat' dir='ltr'><strong>consilio</strong></span> <span class='ocrx_word' id='word_1_23' title='bbox 2239 1027 2568 1097; x_wconf 76' lang='lat' dir='ltr'><strong>inchoavit3</strong></span> <span class='ocrx_word' id='word_1_24' title='bbox 2593 1066 2711 1101; x_wconf 68' lang='lat' dir='ltr'><strong>men</strong></span> <span class='ocrx_word' id='word_1_25' title='bbox 2730 1052 2811 1101; x_wconf 68' lang='lat' dir='ltr'><strong>fo,-</strong></span> 
     </span>
     <span class='ocr_line' id='line_1_4' title="bbox 96 1105 2849 1207; baseline -0.001 -35"><span class='ocrx_word' id='word_1_26' title='bbox 96 1141 312 1207; x_wconf 80' lang='lat' dir='ltr'><strong>burgh,</strong></span> <span class='ocrx_word' id='word_1_27' title='bbox 362 1105 419 1199; x_wconf 59' lang='grc' dir='ltr'><strong>ἰ</strong></span> <span class='ocrx_word' id='word_1_28' title='bbox 482 1117 637 1172; x_wconf 89' lang='lat' dir='ltr'><strong>unde</strong></span> <span class='ocrx_word' id='word_1_29' title='bbox 694 1121 756 1172; x_wconf 92' lang='lat' dir='ltr'><strong>et</strong></span> <span class='ocrx_word' id='word_1_30' title='bbox 805 1115 845 1169; x_wconf 85' lang='lat' dir='ltr'><strong>J</strong></span> <span class='ocrx_word' id='word_1_31' title='bbox 847 1114 1118 1178; x_wconf 88' lang='lat' dir='ltr'><strong>ohannes,</strong></span> <span class='ocrx_word' id='word_1_32' title='bbox 1171 1112 1608 1170; x_wconf 72' lang='lat' dir='ltr'><strong>cantuariensis</strong></span> <span class='ocrx_word' id='word_1_33' title='bbox 1642 1110 2153 1185; x_wconf 82' lang='lat' dir='ltr'><strong>Archiepiscopus,</strong></span> <span class='ocrx_word' id='word_1_34' title='bbox 2206 1113 2262 1169; x_wconf 90' lang='lat' dir='ltr'><strong>ei</strong></span> <span class='ocrx_word' id='word_1_35' title='bbox 2315 1113 2571 1170; x_wconf 83' lang='lat' dir='ltr'><strong>litteram</strong></span> <span class='ocrx_word' id='word_1_36' title='bbox 2594 1117 2849 1195; x_wconf 66' lang='lat' dir='ltr'><strong>ecclesias-</strong></span> 
     </span>
    </p>

    <p class='ocr_par' dir='ltr' id='par_1_4' title="bbox 98 1191 3016 1630">
     <span class='ocr_line' id='line_1_5' title="bbox 98 1191 3016 1272; baseline -0.003 -14"><span class='ocrx_word' id='word_1_37' title='bbox 98 1223 154 1271; x_wconf 86' lang='lat' dir='ltr'><strong>p.</strong></span> <span class='ocrx_word' id='word_1_38' title='bbox 184 1213 323 1262; x_wconf 74' lang='grc'><strong>363.</strong></span> <span class='ocrx_word' id='word_1_39' title='bbox 483 1200 741 1272; x_wconf 84' lang='lat' dir='ltr'><strong>scripsit,</strong></span> <span class='ocrx_word' id='word_1_40' title='bbox 778 1200 842 1254; x_wconf 87' lang='lat' dir='ltr'><strong>in</strong></span> <span class='ocrx_word' id='word_1_41' title='bbox 876 1199 1031 1254; x_wconf 89' lang='lat' dir='ltr'><strong>hunc</strong></span> <span class='ocrx_word' id='word_1_42' title='bbox 1064 1193 1399 1252; x_wconf 87' lang='lat' dir='ltr'><strong>modum.-</strong></span> <span class='ocrx_word' id='word_1_43' title='bbox 2593 1191 2704 1234; x_wconf 69' lang='lat'><strong>²¹0⁸·</strong></span> <span class='ocrx_word' id='word_1_44' title='bbox 3007 1261 3016 1270; x_wconf 34' lang='grc' dir='ltr'><strong><em>ο</em></strong></span> 
     </span>
     <span class='ocr_line' id='line_1_6' title="bbox 100 1275 2897 1355; baseline -0.003 -13"><span class='ocrx_word' id='word_1_45' title='bbox 100 1289 232 1342; x_wconf 74' lang='grc' dir='ltr'><strong>ΜΒ.</strong></span> <span class='ocrx_word' id='word_1_46' title='bbox 258 1292 433 1348; x_wconf 72' lang='lat' dir='ltr'><strong>Harl.</strong></span> <span class='ocrx_word' id='word_1_47' title='bbox 557 1287 597 1312; x_wconf 86' lang='lat'><strong>“</strong></span> <span class='ocrx_word' id='word_1_48' title='bbox 622 1283 938 1340; x_wconf 76' lang='lat' dir='ltr'><strong>Carissimo</strong></span> <span class='ocrx_word' id='word_1_49' title='bbox 975 1282 1241 1346; x_wconf 79' lang='lat' dir='ltr'><strong>Domine,</strong></span> <span class='ocrx_word' id='word_1_50' title='bbox 1286 1275 1664 1336; x_wconf 68' lang='lat' dir='ltr'><strong>dominationi</strong></span> <span class='ocrx_word' id='word_1_51' title='bbox 1698 1285 1912 1337; x_wconf 74' lang='lat' dir='ltr'><strong>vestras</strong></span> <span class='ocrx_word' id='word_1_52' title='bbox 1947 1281 2099 1338; x_wconf 87' lang='lat' dir='ltr'><strong>scire</strong></span> <span class='ocrx_word' id='word_1_53' title='bbox 2133 1282 2378 1355; x_wconf 83' lang='lat' dir='ltr'><strong>placeat,</strong></span> <span class='ocrx_word' id='word_1_54' title='bbox 2414 1282 2570 1354; x_wconf 89' lang='lat' dir='ltr'><strong>quod</strong></span> <span class='ocrx_word' id='word_1_55' title='bbox 2593 1283 2731 1335; x_wconf 57' lang='lat' dir='ltr'><strong>AD.</strong></span> <span class='ocrx_word' id='word_1_56' title='bbox 2755 1289 2897 1335; x_wconf 78' lang='lat'>1341.</span> 
     </span>
     <span class='ocr_line' id='line_1_7' title="bbox 104 1362 2900 1472; baseline -0.001 -45"><span class='ocrx_word' id='word_1_57' title='bbox 104 1362 233 1472; x_wconf 60' lang='lat'><strong>{1⁵⁵-</strong></span> <span class='ocrx_word' id='word_1_58' title='bbox 262 1426 279 1439; x_wconf 77' lang='grc'><em>,</em></span> <span class='ocrx_word' id='word_1_59' title='bbox 486 1374 527 1400; x_wconf 84' lang='grc'><strong>“</strong></span> <span class='ocrx_word' id='word_1_60' title='bbox 564 1387 658 1427; x_wconf 83' lang='lat' dir='ltr'><strong>res</strong></span> <span class='ocrx_word' id='word_1_61' title='bbox 694 1371 711 1404; x_wconf 87' lang='lat'>¹</span> <span class='ocrx_word' id='word_1_62' title='bbox 730 1370 1235 1434; x_wconf 80' lang='lat' dir='ltr'><strong>excellentissima,</strong></span> <span class='ocrx_word' id='word_1_63' title='bbox 1279 1368 1437 1439; x_wconf 79' lang='lat' dir='ltr'><strong>[quae</strong></span> <span class='ocrx_word' id='word_1_64' title='bbox 1478 1385 1651 1439; x_wconf 82' lang='lat' dir='ltr'><strong>reges</strong></span> <span class='ocrx_word' id='word_1_65' title='bbox 1688 1374 1750 1424; x_wconf 88' lang='lat' dir='ltr'><strong>et</strong></span> <span class='ocrx_word' id='word_1_66' title='bbox 1781 1369 2074 1442; x_wconf 88' lang='lat' dir='ltr'><strong>principes</strong></span> <span class='ocrx_word' id='word_1_67' title='bbox 2116 1370 2311 1426; x_wconf 90' lang='lat' dir='ltr'><strong>debito</strong></span> <span class='ocrx_word' id='word_1_68' title='bbox 2362 1387 2566 1443; x_wconf 89' lang='lat' dir='ltr'><strong>oppor-</strong></span> <span class='ocrx_word' id='word_1_69' title='bbox 2592 1366 2706 1444; x_wconf 47' lang='lat' dir='ltr'><strong>&#39;lsshe</strong></span> <span class='ocrx_word' id='word_1_70' title='bbox 2725 1365 2900 1416; x_wconf 78' lang='lat' dir='ltr'><strong>Arch-</strong></span> 
     </span>
     <span class='ocr_line' id='line_1_8' title="bbox 103 1433 2855 1567; baseline -0 -57"><span class='ocrx_word' id='word_1_71' title='bbox 103 1440 398 1558; x_wconf 50' lang='lat' dir='ltr'><strong>bussgffg‘</strong></span> <span class='ocrx_word' id='word_1_72' title='bbox 487 1457 528 1567; x_wconf 52' lang='lat' dir='ltr'><strong>:I</strong></span> <span class='ocrx_word' id='word_1_73' title='bbox 564 1462 819 1553; x_wconf 66' lang='lat' dir='ltr'><strong>tuncque</strong></span> <span class='ocrx_word' id='word_1_74' title='bbox 895 1454 1124 1565; x_wconf 71' lang='lat' dir='ltr'><strong>detinet⁴</strong></span> <span class='ocrx_word' id='word_1_75' title='bbox 1189 1458 1363 1550; x_wconf 70' lang='lat' dir='ltr'><strong>statu,</strong></span> <span class='ocrx_word' id='word_1_76' title='bbox 1427 1453 1658 1549; x_wconf 71' lang='lat' dir='ltr'><strong>sapiens</strong></span> <span class='ocrx_word' id='word_1_77' title='bbox 1691 1458 1810 1551; x_wconf 38' lang='grc' dir='ltr'><strong>,εῗεὺ</strong></span> <span class='ocrx_word' id='word_1_78' title='bbox 1825 1454 2190 1561; x_wconf 38' lang='lat' dir='ltr'><strong>gemilium..</strong></span> <span class='ocrx_word' id='word_1_79' title='bbox 2303 1451 2382 1509; x_wconf 79' lang='lat' dir='ltr'><strong>Et</strong></span> <span class='ocrx_word' id='word_1_80' title='bbox 2437 1454 2570 1550; x_wconf 79' lang='lat' dir='ltr'><strong>ideo</strong></span> <span class='ocrx_word' id='word_1_81' title='bbox 2593 1433 2855 1551; x_wconf 45' lang='grc' dir='ltr'><strong>ἓξὲξ-ὀἰ</strong></span> 
     </span>
     <span class='ocr_line' id='line_1_9' title="bbox 104 1535 2764 1630; baseline -0.001 -36"><span class='ocrx_word' id='word_1_82' title='bbox 104 1557 251 1609; x_wconf 57' lang='lat' dir='ltr'><strong>Ne„</strong></span> <span class='ocrx_word' id='word_1_83' title='bbox 565 1539 710 1594; x_wconf 71' lang='lat' dir='ltr'><strong>dicit</strong></span> <span class='ocrx_word' id='word_1_84' title='bbox 759 1537 781 1571; x_wconf 85' lang='lat'>²</span> <span class='ocrx_word' id='word_1_85' title='bbox 796 1537 1059 1609; x_wconf 81' lang='lat' dir='ltr'><strong>Sapiens,</strong></span> <span class='ocrx_word' id='word_1_86' title='bbox 1149 1536 1268 1592; x_wconf 82' lang='lat' dir='ltr'><strong>Ub1</strong></span> <span class='ocrx_word' id='word_1_87' title='bbox 1316 1536 1490 1592; x_wconf 74' lang='lat' dir='ltr'><strong>multi</strong></span> <span class='ocrx_word' id='word_1_88' title='bbox 1547 1535 1864 1591; x_wconf 77' lang='lat' dir='ltr'><strong>eonslham</strong></span> <span class='ocrx_word' id='word_1_89' title='bbox 1915 1563 1987 1573; x_wconf 92' lang='lat'>—</span> <span class='ocrx_word' id='word_1_90' title='bbox 2009 1537 2299 1604; x_wconf 72' lang='lat' dir='ltr'><strong>videlicet,</strong></span> <span class='ocrx_word' id='word_1_91' title='bbox 2349 1537 2484 1593; x_wconf 92' lang='lat' dir='ltr'><strong>bom</strong></span> <span class='ocrx_word' id='word_1_92' title='bbox 2500 1571 2571 1580; x_wconf 91' lang='lat'>—</span> <span class='ocrx_word' id='word_1_93' title='bbox 2592 1566 2764 1630; x_wconf 50' lang='lat' dir='ltr'><strong>burs,</strong></span> 
     </span>
    </p>
   </div>
   <div class='ocr_carea' id='block_1_4' title="bbox 114 1617 2854 3789">
    <p class='ocr_par' dir='ltr' id='par_1_5' title="bbox 114 1617 2854 3789">
     <span class='ocr_line' id='line_1_10' title="bbox 114 1617 2845 1694; baseline 0.003 -19"><span class='ocrx_word' id='word_1_94' title='bbox 114 1624 360 1692; x_wconf 77' lang='lat' dir='ltr'><strong>Bymer,</strong></span> <span class='ocrx_word' id='word_1_95' title='bbox 386 1630 458 1682; x_wconf 92' lang='lat'><strong>11.</strong></span> <span class='ocrx_word' id='word_1_96' title='bbox 488 1626 527 1651; x_wconf 82' lang='lat'><strong>‘⁸</strong></span> <span class='ocrx_word' id='word_1_97' title='bbox 570 1624 585 1652; x_wconf 83' lang='lat'><strong><em>‘</em></strong></span> <span class='ocrx_word' id='word_1_98' title='bbox 610 1617 694 1678; x_wconf 85' lang='lat' dir='ltr'><strong>ibi</strong></span> <span class='ocrx_word' id='word_1_99' title='bbox 744 1621 1030 1678; x_wconf 64' lang='lat' dir='ltr'><strong>salvatio!</strong></span> <span class='ocrx_word' id='word_1_100' title='bbox 1127 1620 1419 1676; x_wconf 82' lang='lat' dir='ltr'><strong>Scribitur</strong></span> <span class='ocrx_word' id='word_1_101' title='bbox 1465 1619 1623 1675; x_wconf 82' lang='lat' dir='ltr'><strong>enim</strong></span> <span class='ocrx_word' id='word_1_102' title='bbox 1671 1619 1849 1675; x_wconf 84' lang='lat' dir='ltr'><strong>Libro</strong></span> <span class='ocrx_word' id='word_1_103' title='bbox 1901 1620 2152 1693; x_wconf 77' lang='lat' dir='ltr'><strong>Regum,</strong></span> <span class='ocrx_word' id='word_1_104' title='bbox 2204 1622 2360 1694; x_wconf 88' lang='lat' dir='ltr'><strong>quod</strong></span> <span class='ocrx_word' id='word_1_105' title='bbox 2409 1621 2569 1679; x_wconf 80' lang='lat' dir='ltr'><strong>Salo·</strong></span> <span class='ocrx_word' id='word_1_106' title='bbox 2591 1631 2765 1683; x_wconf 82' lang='lat' dir='ltr'><strong>Letter</strong></span> <span class='ocrx_word' id='word_1_107' title='bbox 2790 1639 2845 1683; x_wconf 82' lang='lat' dir='ltr'><strong>to</strong></span> 
     </span>
     <span class='ocr_line' id='line_1_11' title="bbox 114 1697 2854 1778; baseline 0.003 -21"><span class='ocrx_word' id='word_1_108' title='bbox 114 1706 172 1757; x_wconf 80' lang='lat' dir='ltr'><strong>P·</strong></span> <span class='ocrx_word' id='word_1_109' title='bbox 206 1697 373 1748; x_wconf 78' lang='lat'><strong>1143.</strong></span> <span class='ocrx_word' id='word_1_110' title='bbox 488 1710 526 1736; x_wconf 90' lang='lat'><strong>“</strong></span> <span class='ocrx_word' id='word_1_111' title='bbox 562 1721 715 1773; x_wconf 87' lang='lat' dir='ltr'><strong>mon,</strong></span> <span class='ocrx_word' id='word_1_112' title='bbox 759 1719 969 1777; x_wconf 83' lang='lat' dir='ltr'><strong>regum</strong></span> <span class='ocrx_word' id='word_1_113' title='bbox 1005 1704 1490 1777; x_wconf 84' lang='lat' dir='ltr'><strong>sapientissimus,</strong></span> <span class='ocrx_word' id='word_1_114' title='bbox 1543 1704 1799 1759; x_wconf 75' lang='lat' dir='ltr'><strong>seniores</strong></span> <span class='ocrx_word' id='word_1_115' title='bbox 1852 1706 2346 1778; x_wconf 79' lang='lat' dir='ltr'><strong>sapientioresque</strong></span> <span class='ocrx_word' id='word_1_116' title='bbox 2397 1711 2570 1763; x_wconf 69' lang='lat' dir='ltr'><strong>terrae</strong></span> <span class='ocrx_word' id='word_1_117' title='bbox 2593 1699 2680 1750; x_wconf 81' lang='lat' dir='ltr'><strong>the</strong></span> <span class='ocrx_word' id='word_1_118' title='bbox 2699 1699 2854 1765; x_wconf 82' lang='lat' dir='ltr'><strong>King.</strong></span> 
     </span>
     <span class='ocr_line' id='line_1_12' title="bbox 486 1788 2571 1863; baseline -0.001 -15"><span class='ocrx_word' id='word_1_119' title='bbox 486 1794 527 1820; x_wconf 81' lang='lat'><strong>‘&#39;</strong></span> <span class='ocrx_word' id='word_1_120' title='bbox 565 1807 686 1848; x_wconf 77' lang='lat' dir='ltr'><strong>suae</strong></span> <span class='ocrx_word' id='word_1_121' title='bbox 756 1790 983 1854; x_wconf 81' lang='lat' dir='ltr'><strong>ascivit,</strong></span> <span class='ocrx_word' id='word_1_122' title='bbox 1044 1788 1287 1861; x_wconf 82' lang='lat' dir='ltr'><strong>provido</strong></span> <span class='ocrx_word' id='word_1_123' title='bbox 1362 1801 1610 1858; x_wconf 82' lang='lat' dir='ltr'><strong>quorum</strong></span> <span class='ocrx_word' id='word_1_124' title='bbox 1676 1788 1920 1845; x_wconf 86' lang='lat' dir='ltr'><strong>consilio</strong></span> <span class='ocrx_word' id='word_1_125' title='bbox 1990 1807 2278 1862; x_wconf 87' lang='lat' dir='ltr'><strong>sensuque</strong></span> <span class='ocrx_word' id='word_1_126' title='bbox 2336 1789 2571 1863; x_wconf 80' lang='lat' dir='ltr'><strong>proprio</strong></span> 
     </span>
     <span class='ocr_line' id='line_1_13' title="bbox 485 1872 2569 1947; baseline 0 -16"><span class='ocrx_word' id='word_1_127' title='bbox 485 1878 525 1904; x_wconf 87' lang='lat'><strong>“</strong></span> <span class='ocrx_word' id='word_1_128' title='bbox 562 1879 742 1931; x_wconf 81' lang='lat' dir='ltr'><strong>totam</strong></span> <span class='ocrx_word' id='word_1_129' title='bbox 777 1879 1027 1929; x_wconf 76' lang='lat' dir='ltr'><strong>terrram</strong></span> <span class='ocrx_word' id='word_1_130' title='bbox 1061 1873 1249 1928; x_wconf 87' lang='lat' dir='ltr'><strong>Israel</strong></span> <span class='ocrx_word' id='word_1_131' title='bbox 1285 1872 1347 1927; x_wconf 88' lang='lat' dir='ltr'><strong>in</strong></span> <span class='ocrx_word' id='word_1_132' title='bbox 1381 1889 1524 1942; x_wconf 87' lang='lat' dir='ltr'><strong>paee</strong></span> <span class='ocrx_word' id='word_1_133' title='bbox 1576 1872 1847 1939; x_wconf 83' lang='lat' dir='ltr'><strong>obtinuit,</strong></span> <span class='ocrx_word' id='word_1_134' title='bbox 1889 1879 1949 1929; x_wconf 89' lang='lat' dir='ltr'><strong>et</strong></span> <span class='ocrx_word' id='word_1_135' title='bbox 1990 1875 2204 1945; x_wconf 88' lang='lat' dir='ltr'><strong>quiete,</strong></span> <span class='ocrx_word' id='word_1_136' title='bbox 2255 1891 2569 1947; x_wconf 91' lang='lat' dir='ltr'><strong>omnesque</strong></span> 
     </span>
     <span class='ocr_line' id='line_1_14' title="bbox 486 1955 2573 2030; baseline 0.001 -16"><span class='ocrx_word' id='word_1_137' title='bbox 486 1961 525 1987; x_wconf 82' lang='lat'><strong>‘⁸</strong></span> <span class='ocrx_word' id='word_1_138' title='bbox 564 1975 735 2030; x_wconf 84' lang='lat' dir='ltr'><strong>reges</strong></span> <span class='ocrx_word' id='word_1_139' title='bbox 782 1958 895 2013; x_wconf 88' lang='lat' dir='ltr'><strong>sibi</strong></span> <span class='ocrx_word' id='word_1_140' title='bbox 943 1956 1330 2013; x_wconf 73' lang='lat' dir='ltr'><strong>conterminos</strong></span> <span class='ocrx_word' id='word_1_141' title='bbox 1368 1955 1657 2011; x_wconf 76' lang='lat' dir='ltr'><strong>voluntati</strong></span> <span class='ocrx_word' id='word_1_142' title='bbox 1704 1973 1826 2012; x_wconf 79' lang='lat' dir='ltr'><strong>suae</strong></span> <span class='ocrx_word' id='word_1_143' title='bbox 1867 1957 2202 2014; x_wconf 80' lang='lat' dir='ltr'><strong>tributarios</strong></span> <span class='ocrx_word' id='word_1_144' title='bbox 2236 1959 2460 2026; x_wconf 84' lang='lat' dir='ltr'><strong>habuit,</strong></span> <span class='ocrx_word' id='word_1_145' title='bbox 2512 1968 2573 2017; x_wconf 91' lang='lat' dir='ltr'><strong>et</strong></span> 
     </span>
     <span class='ocr_line' id='line_1_15' title="bbox 487 2038 2569 2116; baseline 0 -18"><span class='ocrx_word' id='word_1_146' title='bbox 487 2046 525 2071; x_wconf 91' lang='lat'><strong>“</strong></span> <span class='ocrx_word' id='word_1_147' title='bbox 564 2043 874 2114; x_wconf 86' lang='lat' dir='ltr'><strong>subjectos.</strong></span> <span class='ocrx_word' id='word_1_148' title='bbox 947 2040 1101 2095; x_wconf 78' lang='lat'><strong>⁸1110</strong></span> <span class='ocrx_word' id='word_1_149' title='bbox 1137 2043 1335 2095; x_wconf 87' lang='lat' dir='ltr'><strong>autem</strong></span> <span class='ocrx_word' id='word_1_150' title='bbox 1369 2039 1527 2095; x_wconf 84' lang='lat' dir='ltr'><strong>viam</strong></span> <span class='ocrx_word' id='word_1_151' title='bbox 1561 2038 1850 2096; x_wconf 79' lang='lat' dir='ltr'><strong>universae</strong></span> <span class='ocrx_word' id='word_1_152' title='bbox 1887 2041 2077 2097; x_wconf 85' lang='lat' dir='ltr'><strong>carnis</strong></span> <span class='ocrx_word' id='word_1_153' title='bbox 2113 2042 2397 2114; x_wconf 69' lang='lat' dir='ltr'><strong>iugi-esum,</strong></span> <span class='ocrx_word' id='word_1_154' title='bbox 2438 2063 2569 2116; x_wconf 85' lang='lat' dir='ltr'><strong>reg-</strong></span> 
     </span>
     <span class='ocr_line' id='line_1_16' title="bbox 488 2122 2570 2199; baseline 0 -17"><span class='ocrx_word' id='word_1_155' title='bbox 488 2131 527 2154; x_wconf 88' lang='lat'><strong>“</strong></span> <span class='ocrx_word' id='word_1_156' title='bbox 564 2127 728 2182; x_wconf 80' lang='lat' dir='ltr'><strong>navit</strong></span> <span class='ocrx_word' id='word_1_157' title='bbox 778 2125 936 2179; x_wconf 81' lang='lat' dir='ltr'><strong>filius</strong></span> <span class='ocrx_word' id='word_1_158' title='bbox 989 2139 1131 2179; x_wconf 87' lang='lat' dir='ltr'><strong>suus</strong></span> <span class='ocrx_word' id='word_1_159' title='bbox 1182 2122 1462 2187; x_wconf 87' lang='lat' dir='ltr'><strong>Roboam,</strong></span> <span class='ocrx_word' id='word_1_160' title='bbox 1529 2122 1631 2193; x_wconf 88' lang='lat' dir='ltr'><strong>qui</strong></span> <span class='ocrx_word' id='word_1_161' title='bbox 1681 2125 2076 2195; x_wconf 67' lang='lat' dir='ltr'><strong>praetermisso</strong></span> <span class='ocrx_word' id='word_1_162' title='bbox 2128 2128 2420 2182; x_wconf 89' lang='lat' dir='ltr'><strong>seniorum</strong></span> <span class='ocrx_word' id='word_1_163' title='bbox 2470 2130 2570 2199; x_wconf 89' lang='lat' dir='ltr'><strong>qui</strong></span> 
     </span>
     <span class='ocr_line' id='line_1_17' title="bbox 488 2206 2572 2281; baseline 0.001 -15"><span class='ocrx_word' id='word_1_164' title='bbox 488 2213 529 2238; x_wconf 74' lang='lat'><strong>‘⁴</strong></span> <span class='ocrx_word' id='word_1_165' title='bbox 565 2225 699 2266; x_wconf 83' lang='lat' dir='ltr'><strong>cum</strong></span> <span class='ocrx_word' id='word_1_166' title='bbox 722 2214 886 2281; x_wconf 83' lang='lat' dir='ltr'><strong>patre</strong></span> <span class='ocrx_word' id='word_1_167' title='bbox 909 2207 1177 2263; x_wconf 76' lang='lat' dir='ltr'><strong>⁴fuerant</strong></span> <span class='ocrx_word' id='word_1_168' title='bbox 1198 2206 1461 2271; x_wconf 81' lang='lat' dir='ltr'><strong>consiliu,</strong></span> <span class='ocrx_word' id='word_1_169' title='bbox 1494 2207 1810 2278; x_wconf 80' lang='lat' dir='ltr'><strong>juvenibus</strong></span> <span class='ocrx_word' id='word_1_170' title='bbox 1846 2208 1955 2263; x_wconf 88' lang='lat' dir='ltr'><strong>sibi</strong></span> <span class='ocrx_word' id='word_1_171' title='bbox 1994 2208 2223 2280; x_wconf 78' lang='lat' dir='ltr'><strong>placere</strong></span> <span class='ocrx_word' id='word_1_172' title='bbox 2245 2212 2572 2268; x_wconf 81' lang='lat' dir='ltr'><strong>volentibus</strong></span> 
     </span>
     <span class='ocr_line' id='line_1_18' title="bbox 488 2290 2571 2366; baseline 0 -16"><span class='ocrx_word' id='word_1_173' title='bbox 488 2297 528 2323; x_wconf 81' lang='lat'><strong>‘⁴</strong></span> <span class='ocrx_word' id='word_1_174' title='bbox 566 2294 828 2356; x_wconf 69' lang='lat' dir='ltr'><strong>adhaesit,</strong></span> <span class='ocrx_word' id='word_1_175' title='bbox 855 2292 1012 2347; x_wconf 90' lang='lat' dir='ltr'><strong>unde</strong></span> <span class='ocrx_word' id='word_1_176' title='bbox 1047 2297 1108 2346; x_wconf 83' lang='lat' dir='ltr'><strong>et</strong></span> <span class='ocrx_word' id='word_1_177' title='bbox 1141 2295 1359 2346; x_wconf 82' lang='lat' dir='ltr'><strong>terram</strong></span> <span class='ocrx_word' id='word_1_178' title='bbox 1394 2290 1602 2355; x_wconf 85' lang='lat' dir='ltr'><strong>Israel,</strong></span> <span class='ocrx_word' id='word_1_179' title='bbox 1640 2296 1855 2361; x_wconf 79' lang='lat' dir='ltr'><strong>praeter</strong></span> <span class='ocrx_word' id='word_1_180' title='bbox 1893 2292 2292 2349; x_wconf 77' lang='lat' dir='ltr'><strong>duodecimam</strong></span> <span class='ocrx_word' id='word_1_181' title='bbox 2327 2303 2571 2366; x_wconf 81' lang='lat' dir='ltr'><strong>partem,</strong></span> 
     </span>
     <span class='ocr_line' id='line_1_19' title="bbox 489 2373 2576 2450; baseline 0.001 -17"><span class='ocrx_word' id='word_1_182' title='bbox 489 2381 528 2406; x_wconf 86' lang='lat'><strong>“</strong></span> <span class='ocrx_word' id='word_1_183' title='bbox 566 2378 678 2434; x_wconf 88' lang='lat' dir='ltr'><strong>sibi</strong></span> <span class='ocrx_word' id='word_1_184' title='bbox 731 2395 769 2432; x_wconf 89' lang='lat' dir='ltr'><strong>a</strong></span> <span class='ocrx_word' id='word_1_185' title='bbox 817 2376 1070 2431; x_wconf 91' lang='lat' dir='ltr'><strong>Domino</strong></span> <span class='ocrx_word' id='word_1_186' title='bbox 1121 2380 1499 2438; x_wconf 80' lang='lat' dir='ltr'><strong>reservatam,</strong></span> <span class='ocrx_word' id='word_1_187' title='bbox 1546 2375 1710 2445; x_wconf 86' lang='lat' dir='ltr'><strong>juste</strong></span> <span class='ocrx_word' id='word_1_188' title='bbox 1762 2373 1978 2431; x_wconf 88' lang='lat' dir='ltr'><strong>amisit.</strong></span> <span class='ocrx_word' id='word_1_189' title='bbox 2077 2377 2369 2449; x_wconf 81' lang='lat' dir='ltr'><strong>Multique</strong></span> <span class='ocrx_word' id='word_1_190' title='bbox 2404 2397 2576 2450; x_wconf 83' lang='lat' dir='ltr'><strong>reges</strong></span> 
     </span>
     <span class='ocr_line' id='line_1_20' title="bbox 488 2457 2577 2528; baseline 0.001 -12"><span class='ocrx_word' id='word_1_191' title='bbox 488 2465 529 2489; x_wconf 75' lang='lat'><strong>‘⁴</strong></span> <span class='ocrx_word' id='word_1_192' title='bbox 566 2460 772 2525; x_wconf 84' lang='lat' dir='ltr'><strong>Israel,</strong></span> <span class='ocrx_word' id='word_1_193' title='bbox 812 2465 1102 2515; x_wconf 82' lang='lat' dir='ltr'><strong>terrarum</strong></span> <span class='ocrx_word' id='word_1_194' title='bbox 1156 2458 1396 2528; x_wconf 87' lang='lat' dir='ltr'><strong>insuper</strong></span> <span class='ocrx_word' id='word_1_195' title='bbox 1447 2457 1717 2523; x_wconf 65' lang='lat' dir='ltr'><strong>aliarurm</strong></span> <span class='ocrx_word' id='word_1_196' title='bbox 1780 2458 1935 2514; x_wconf 86' lang='lat' dir='ltr'><strong>malo</strong></span> <span class='ocrx_word' id='word_1_197' title='bbox 1986 2459 2146 2516; x_wconf 89' lang='lat' dir='ltr'><strong>ducti</strong></span> <span class='ocrx_word' id='word_1_198' title='bbox 2206 2461 2465 2526; x_wconf 78' lang='lat' dir='ltr'><strong>consiliu,</strong></span> <span class='ocrx_word' id='word_1_199' title='bbox 2504 2464 2577 2518; x_wconf 83' lang='lat' dir='ltr'><strong>ad</strong></span> 
     </span>
     <span class='ocr_line' id='line_1_21' title="bbox 491 2540 2574 2616; baseline 0.001 -17"><span class='ocrx_word' id='word_1_200' title='bbox 491 2547 530 2573; x_wconf 87' lang='lat'><strong>“</strong></span> <span class='ocrx_word' id='word_1_201' title='bbox 567 2559 809 2615; x_wconf 75' lang='lat' dir='ltr'><strong>magnas</strong></span> <span class='ocrx_word' id='word_1_202' title='bbox 845 2542 1073 2613; x_wconf 87' lang='lat' dir='ltr'><strong>inopias</strong></span> <span class='ocrx_word' id='word_1_203' title='bbox 1109 2540 1413 2596; x_wconf 80' lang='lat' dir='ltr'><strong>devenere.</strong></span> <span class='ocrx_word' id='word_1_204' title='bbox 1505 2540 1586 2596; x_wconf 78' lang='lat' dir='ltr'><strong>Et</strong></span> <span class='ocrx_word' id='word_1_205' title='bbox 1618 2558 1694 2595; x_wconf 91' lang='lat' dir='ltr'><strong>ne</strong></span> <span class='ocrx_word' id='word_1_206' title='bbox 1729 2541 1914 2606; x_wconf 82' lang='lat' dir='ltr'><strong>vobis,</strong></span> <span class='ocrx_word' id='word_1_207' title='bbox 1953 2541 2222 2609; x_wconf 87' lang='lat' dir='ltr'><strong>Domine,</strong></span> <span class='ocrx_word' id='word_1_208' title='bbox 2250 2544 2574 2616; x_wconf 73' lang='lat' dir='ltr'><strong>displiceat,</strong></span> 
     </span>
     <span class='ocr_line' id='line_1_22' title="bbox 490 2623 2578 2697; baseline 0 -14"><span class='ocrx_word' id='word_1_209' title='bbox 490 2631 530 2656; x_wconf 83' lang='lat'><strong>‘⁸</strong></span> <span class='ocrx_word' id='word_1_210' title='bbox 567 2627 825 2683; x_wconf 79' lang='lat' dir='ltr'><strong>recolitis</strong></span> <span class='ocrx_word' id='word_1_211' title='bbox 860 2625 1117 2697; x_wconf 89' lang='lat' dir='ltr'><strong>quidem,</strong></span> <span class='ocrx_word' id='word_1_212' title='bbox 1146 2623 1301 2695; x_wconf 90' lang='lat' dir='ltr'><strong>quod</strong></span> <span class='ocrx_word' id='word_1_213' title='bbox 1324 2639 1431 2694; x_wconf 86' lang='lat' dir='ltr'><strong>per</strong></span> <span class='ocrx_word' id='word_1_214' title='bbox 1462 2623 1730 2694; x_wconf 78' lang='lat' dir='ltr'><strong>iniquum</strong></span> <span class='ocrx_word' id='word_1_215' title='bbox 1754 2625 2062 2680; x_wconf 87' lang='lat' dir='ltr'><strong>consilium</strong></span> <span class='ocrx_word' id='word_1_216' title='bbox 2086 2625 2309 2682; x_wconf 90' lang='lat' dir='ltr'><strong>dudum</strong></span> <span class='ocrx_word' id='word_1_217' title='bbox 2344 2627 2578 2684; x_wconf 88' lang='lat' dir='ltr'><strong>Domini</strong></span> 
     </span>
     <span class='ocr_line' id='line_1_23' title="bbox 489 2706 2574 2782; baseline 0 -16"><span class='ocrx_word' id='word_1_218' title='bbox 489 2715 529 2740; x_wconf 82' lang='lat'><strong>‘⁸</strong></span> <span class='ocrx_word' id='word_1_219' title='bbox 567 2711 750 2766; x_wconf 78' lang='lat' dir='ltr'><strong>nostri</strong></span> <span class='ocrx_word' id='word_1_220' title='bbox 782 2708 805 2742; x_wconf 77' lang='lat'>⁵</span> <span class='ocrx_word' id='word_1_221' title='bbox 823 2708 1009 2780; x_wconf 81' lang='lat' dir='ltr'><strong>Regis</strong></span> <span class='ocrx_word' id='word_1_222' title='bbox 1055 2709 1240 2779; x_wconf 74' lang='lat' dir='ltr'><strong>patris</strong></span> <span class='ocrx_word' id='word_1_223' title='bbox 1276 2707 1478 2772; x_wconf 77' lang='lat' dir='ltr'><strong>vestri,</strong></span> <span class='ocrx_word' id='word_1_224' title='bbox 1524 2723 1699 2777; x_wconf 90' lang='lat' dir='ltr'><strong>quem</strong></span> <span class='ocrx_word' id='word_1_225' title='bbox 1735 2706 1897 2763; x_wconf 89' lang='lat' dir='ltr'><strong>Deus</strong></span> <span class='ocrx_word' id='word_1_226' title='bbox 1932 2707 2233 2764; x_wconf 81' lang='lat' dir='ltr'><strong>absolvere</strong></span> <span class='ocrx_word' id='word_1_227' title='bbox 2282 2709 2574 2782; x_wconf 83' lang='lat' dir='ltr'><strong>dignetur,</strong></span> 
     </span>
     <span class='ocr_line' id='line_1_24' title="bbox 490 2790 2578 2865; baseline -0 -14"><span class='ocrx_word' id='word_1_228' title='bbox 490 2799 530 2824; x_wconf 77' lang='lat'><strong>⁴⁸</strong></span> <span class='ocrx_word' id='word_1_229' title='bbox 566 2801 768 2851; x_wconf 80' lang='lat' dir='ltr'><strong>eontra</strong></span> <span class='ocrx_word' id='word_1_230' title='bbox 834 2793 999 2864; x_wconf 83' lang='lat' dir='ltr'><strong>leges</strong></span> <span class='ocrx_word' id='word_1_231' title='bbox 1064 2798 1236 2848; x_wconf 70' lang='lat' dir='ltr'><strong>terrm</strong></span> <span class='ocrx_word' id='word_1_232' title='bbox 1295 2791 1688 2862; x_wconf 75' lang='lat' dir='ltr'><strong>Magnamque</strong></span> <span class='ocrx_word' id='word_1_233' title='bbox 1740 2790 2035 2856; x_wconf 77' lang='lat' dir='ltr'><strong>Chartam,</strong></span> <span class='ocrx_word' id='word_1_234' title='bbox 2096 2794 2347 2865; x_wconf 82' lang='lat' dir='ltr'><strong>majores</strong></span> <span class='ocrx_word' id='word_1_235' title='bbox 2407 2801 2578 2851; x_wconf 75' lang='lat' dir='ltr'><strong>terrm</strong></span> 
     </span>
     <span class='ocr_line' id='line_1_25' title="bbox 489 2871 2578 2948; baseline 0 -14"><span class='ocrx_word' id='word_1_236' title='bbox 489 2883 529 2907; x_wconf 80' lang='lat'><strong>‘⁶</strong></span> <span class='ocrx_word' id='word_1_237' title='bbox 566 2879 829 2948; x_wconf 82' lang='lat' dir='ltr'><strong>aliosque</strong></span> <span class='ocrx_word' id='word_1_238' title='bbox 881 2876 1055 2948; x_wconf 88' lang='lat' dir='ltr'><strong>cepit,</strong></span> <span class='ocrx_word' id='word_1_239' title='bbox 1113 2871 1290 2930; x_wconf 82' lang='lat' dir='ltr'><strong>morti</strong></span> <span class='ocrx_word' id='word_1_240' title='bbox 1343 2872 1721 2945; x_wconf 78' lang='lat' dir='ltr'><strong>adjudicavit,</strong></span> <span class='ocrx_word' id='word_1_241' title='bbox 1771 2874 1921 2929; x_wconf 83' lang='lat' dir='ltr'><strong>bona</strong></span> <span class='ocrx_word' id='word_1_242' title='bbox 1954 2874 2217 2947; x_wconf 88' lang='lat' dir='ltr'><strong>diripuit,</strong></span> <span class='ocrx_word' id='word_1_243' title='bbox 2273 2878 2578 2934; x_wconf 89' lang='lat' dir='ltr'><strong>nonnullos</strong></span> 
     </span>
     <span class='ocr_line' id='line_1_26' title="bbox 491 2957 2580 3033; baseline 0 -16"><span class='ocrx_word' id='word_1_244' title='bbox 491 2965 529 2990; x_wconf 76' lang='lat'><strong>‘⁴</strong></span> <span class='ocrx_word' id='word_1_245' title='bbox 568 2959 1065 3033; x_wconf 85' lang='lat' dir='ltr'><strong>redemptionibus</strong></span> <span class='ocrx_word' id='word_1_246' title='bbox 1100 2957 1472 3029; x_wconf 78' lang='lat' dir='ltr'><strong>gravissimis</strong></span> <span class='ocrx_word' id='word_1_247' title='bbox 1511 2959 1760 3014; x_wconf 80' lang='lat' dir='ltr'><strong>vexavit.</strong></span> <span class='ocrx_word' id='word_1_248' title='bbox 1833 2958 1912 3013; x_wconf 82' lang='lat' dir='ltr'><strong>Et</strong></span> <span class='ocrx_word' id='word_1_249' title='bbox 1944 2958 1966 2989; x_wconf 81' lang='lat'>⁶</span> <span class='ocrx_word' id='word_1_250' title='bbox 1980 2960 2123 3030; x_wconf 90' lang='lat' dir='ltr'><strong>quid</strong></span> <span class='ocrx_word' id='word_1_251' title='bbox 2158 2960 2263 3015; x_wconf 85' lang='lat' dir='ltr'><strong>illa</strong></span> <span class='ocrx_word' id='word_1_252' title='bbox 2295 2962 2369 3016; x_wconf 89' lang='lat' dir='ltr'><strong>de</strong></span> <span class='ocrx_word' id='word_1_253' title='bbox 2404 2979 2580 3018; x_wconf 84' lang='lat' dir='ltr'><strong>causa</strong></span> 
     </span>
     <span class='ocr_line' id='line_1_27' title="bbox 492 3039 2578 3116; baseline -0.001 -15"><span class='ocrx_word' id='word_1_254' title='bbox 492 3050 530 3075; x_wconf 81' lang='lat'><strong>‘⁴</strong></span> <span class='ocrx_word' id='word_1_255' title='bbox 568 3044 866 3109; x_wconf 85' lang='lat' dir='ltr'><strong>acciderit,</strong></span> <span class='ocrx_word' id='word_1_256' title='bbox 894 3042 1062 3098; x_wconf 80' lang='lat' dir='ltr'><strong>vobis</strong></span> <span class='ocrx_word' id='word_1_257' title='bbox 1086 3041 1463 3096; x_wconf 83' lang='lat' dir='ltr'><strong>manifestum</strong></span> <span class='ocrx_word' id='word_1_258' title='bbox 1487 3043 1594 3095; x_wconf 84' lang='lat' dir='ltr'><strong>e&#39;st.</strong></span> <span class='ocrx_word' id='word_1_259' title='bbox 1670 3040 1816 3096; x_wconf 85' lang='lat' dir='ltr'><strong>Post</strong></span> <span class='ocrx_word' id='word_1_260' title='bbox 1847 3039 1870 3078; x_wconf 83' lang='lat'><strong><em>⁷</em></strong></span> <span class='ocrx_word' id='word_1_261' title='bbox 1888 3041 2017 3112; x_wconf 88' lang='lat' dir='ltr'><strong>ejus</strong></span> <span class='ocrx_word' id='word_1_262' title='bbox 2053 3047 2283 3114; x_wconf 87' lang='lat' dir='ltr'><strong>tempus</strong></span> <span class='ocrx_word' id='word_1_263' title='bbox 2318 3062 2425 3116; x_wconf 89' lang='lat' dir='ltr'><strong>per</strong></span> <span class='ocrx_word' id='word_1_264' title='bbox 2447 3063 2578 3101; x_wconf 90' lang='lat' dir='ltr'><strong>con-</strong></span> 
     </span>
     <span class='ocr_line' id='line_1_28' title="bbox 490 3122 2577 3195; baseline -0 -10"><span class='ocrx_word' id='word_1_265' title='bbox 490 3134 529 3158; x_wconf 87' lang='lat'><strong>“</strong></span> <span class='ocrx_word' id='word_1_266' title='bbox 568 3128 821 3185; x_wconf 72' lang='lat' dir='ltr'><strong>siliarios</strong></span> <span class='ocrx_word' id='word_1_267' title='bbox 854 3126 1021 3183; x_wconf 80' lang='lat' dir='ltr'><strong>vobis</strong></span> <span class='ocrx_word' id='word_1_268' title='bbox 1061 3124 1423 3180; x_wconf 80' lang='lat' dir='ltr'><strong>adhaerentes</strong></span> <span class='ocrx_word' id='word_1_269' title='bbox 1473 3124 1595 3178; x_wconf 86' lang='lat' dir='ltr'><strong>fere</strong></span> <span class='ocrx_word' id='word_1_270' title='bbox 1647 3122 1825 3178; x_wconf 88' lang='lat' dir='ltr'><strong>corda</strong></span> <span class='ocrx_word' id='word_1_271' title='bbox 1872 3125 2074 3195; x_wconf 85' lang='lat' dir='ltr'><strong>populi</strong></span> <span class='ocrx_word' id='word_1_272' title='bbox 2125 3132 2298 3181; x_wconf 79' lang='lat' dir='ltr'><strong>terrae</strong></span> <span class='ocrx_word' id='word_1_273' title='bbox 2331 3126 2577 3184; x_wconf 71' lang='lat' dir='ltr'><strong>¹³vestra}</strong></span> 
     </span>
     <span class='ocr_line' id='line_1_29' title="bbox 491 3207 2577 3280; baseline -0.001 -11"><span class='ocrx_word' id='word_1_274' title='bbox 491 3217 529 3241; x_wconf 79' lang='lat'><strong>‘⁸</strong></span> <span class='ocrx_word' id='word_1_275' title='bbox 567 3210 870 3276; x_wconf 81' lang='lat' dir='ltr'><strong>amisistis,</strong></span> <span class='ocrx_word' id='word_1_276' title='bbox 897 3227 934 3266; x_wconf 89' lang='lat' dir='ltr'><strong>a</strong></span> <span class='ocrx_word' id='word_1_277' title='bbox 957 3209 1190 3280; x_wconf 89' lang='lat' dir='ltr'><strong>quibus,</strong></span> <span class='ocrx_word' id='word_1_278' title='bbox 1217 3213 1287 3263; x_wconf 90' lang='lat' dir='ltr'><strong>ut</strong></span> <span class='ocrx_word' id='word_1_279' title='bbox 1309 3207 1423 3263; x_wconf 84' lang='lat' dir='ltr'><strong>sibi</strong></span> <span class='ocrx_word' id='word_1_280' title='bbox 1446 3207 1687 3279; x_wconf 83' lang='lat' dir='ltr'><strong>placuit,</strong></span> <span class='ocrx_word' id='word_1_281' title='bbox 1713 3224 1818 3263; x_wconf 80' lang='lat' dir='ltr'><strong>vos</strong></span> <span class='ocrx_word' id='word_1_282' title='bbox 1842 3208 2062 3280; x_wconf 82' lang='lat' dir='ltr'><strong>eripuit</strong></span> <span class='ocrx_word' id='word_1_283' title='bbox 2085 3208 2125 3264; x_wconf 88' lang='lat' dir='ltr'><strong>J</strong></span> <span class='ocrx_word' id='word_1_284' title='bbox 2128 3227 2261 3265; x_wconf 90' lang='lat' dir='ltr'><strong>esus</strong></span> <span class='ocrx_word' id='word_1_285' title='bbox 2287 3210 2577 3267; x_wconf 80' lang='lat' dir='ltr'><strong>Christus.</strong></span> 
     </span>
     <span class='ocr_line' id='line_1_30' title="bbox 491 3291 2577 3364; baseline -0.001 -12"><span class='ocrx_word' id='word_1_286' title='bbox 491 3303 529 3325; x_wconf 80' lang='lat'><strong>‘⁸</strong></span> <span class='ocrx_word' id='word_1_287' title='bbox 567 3297 711 3352; x_wconf 83' lang='lat' dir='ltr'><strong>Post</strong></span> <span class='ocrx_word' id='word_1_288' title='bbox 742 3297 870 3350; x_wconf 81' lang='lat' dir='ltr'><strong>haeo</strong></span> <span class='ocrx_word' id='word_1_289' title='bbox 903 3299 1119 3358; x_wconf 85' lang='lat' dir='ltr'><strong>autem,</strong></span> <span class='ocrx_word' id='word_1_290' title='bbox 1157 3309 1264 3364; x_wconf 88' lang='lat' dir='ltr'><strong>per</strong></span> <span class='ocrx_word' id='word_1_291' title='bbox 1298 3292 1507 3347; x_wconf 88' lang='lat' dir='ltr'><strong>bonam</strong></span> <span class='ocrx_word' id='word_1_292' title='bbox 1530 3291 2112 3363; x_wconf 74' lang='lat' dir='ltr'><strong>circumspectionem</strong></span> <span class='ocrx_word' id='word_1_293' title='bbox 2148 3293 2577 3351; x_wconf 88' lang='lat' dir='ltr'><strong>discretionem·</strong></span> 
     </span>
     <span class='ocr_line' id='line_1_31' title="bbox 491 3377 2580 3452; baseline -0 -17"><span class='ocrx_word' id='word_1_294' title='bbox 491 3385 529 3410; x_wconf 81' lang='lat'><strong>‘⁶</strong></span> <span class='ocrx_word' id='word_1_295' title='bbox 569 3397 683 3452; x_wconf 88' lang='lat' dir='ltr'><strong>que</strong></span> <span class='ocrx_word' id='word_1_296' title='bbox 732 3377 1131 3452; x_wconf 81' lang='lat' dir='ltr'><strong>praelatorum,</strong></span> <span class='ocrx_word' id='word_1_297' title='bbox 1184 3380 1546 3446; x_wconf 84' lang='lat' dir='ltr'><strong>magnatum,</strong></span> <span class='ocrx_word' id='word_1_298' title='bbox 1604 3393 1675 3430; x_wconf 87' lang='lat' dir='ltr'><strong>ac</strong></span> <span class='ocrx_word' id='word_1_299' title='bbox 1723 3381 1897 3431; x_wconf 73' lang='lat' dir='ltr'><strong>terrm</strong></span> <span class='ocrx_word' id='word_1_300' title='bbox 1948 3377 2291 3449; x_wconf 85' lang='lat' dir='ltr'><strong>sapientum,</strong></span> <span class='ocrx_word' id='word_1_301' title='bbox 2343 3381 2580 3452; x_wconf 83' lang='lat' dir='ltr'><strong>negotia</strong></span> 
     </span>
     <span class='ocr_line' id='line_1_32' title="bbox 492 3458 2577 3533; baseline -0 -13"><span class='ocrx_word' id='word_1_302' title='bbox 492 3468 530 3493; x_wconf 81' lang='lat'><strong>‘⁸</strong></span> <span class='ocrx_word' id='word_1_303' title='bbox 567 3469 764 3520; x_wconf 76' lang='lat' dir='ltr'><strong>vestre.</strong></span> <span class='ocrx_word' id='word_1_304' title='bbox 815 3462 1015 3518; x_wconf 85' lang='lat' dir='ltr'><strong>taliter</strong></span> <span class='ocrx_word' id='word_1_305' title='bbox 1069 3467 1210 3517; x_wconf 85' lang='lat' dir='ltr'><strong>sunt</strong></span> <span class='ocrx_word' id='word_1_306' title='bbox 1259 3458 1527 3524; x_wconf 81' lang='lat' dir='ltr'><strong>deducta,</strong></span> <span class='ocrx_word' id='word_1_307' title='bbox 1569 3463 1639 3514; x_wconf 91' lang='lat' dir='ltr'><strong>ut</strong></span> <span class='ocrx_word' id='word_1_308' title='bbox 1672 3459 1903 3531; x_wconf 82' lang='lat' dir='ltr'><strong>integre</strong></span> <span class='ocrx_word' id='word_1_309' title='bbox 1950 3461 2128 3517; x_wconf 85' lang='lat' dir='ltr'><strong>corda</strong></span> <span class='ocrx_word' id='word_1_310' title='bbox 2161 3462 2360 3533; x_wconf 90' lang='lat' dir='ltr'><strong>populi</strong></span> <span class='ocrx_word' id='word_1_311' title='bbox 2395 3466 2577 3519; x_wconf 78' lang='lat' dir='ltr'><strong>vestri</strong></span> 
     </span>
     <span class='ocr_line' id='line_1_33' title="bbox 491 3539 2574 3620; baseline -0.001 -16"><span class='ocrx_word' id='word_1_312' title='bbox 491 3552 528 3577; x_wconf 77' lang='lat'><strong>‘⁴</strong></span> <span class='ocrx_word' id='word_1_313' title='bbox 566 3546 899 3620; x_wconf 77' lang='lat' dir='ltr'><strong>possidetis,</strong></span> <span class='ocrx_word' id='word_1_314' title='bbox 941 3552 1003 3602; x_wconf 88' lang='lat' dir='ltr'><strong>et</strong></span> <span class='ocrx_word' id='word_1_315' title='bbox 1041 3544 1126 3600; x_wconf 88' lang='lat' dir='ltr'><strong>ita</strong></span> <span class='ocrx_word' id='word_1_316' title='bbox 1174 3539 1395 3609; x_wconf 87' lang='lat' dir='ltr'><strong>clerici,</strong></span> <span class='ocrx_word' id='word_1_317' title='bbox 1435 3543 1591 3599; x_wconf 89' lang='lat' dir='ltr'><strong>sicut</strong></span> <span class='ocrx_word' id='word_1_318' title='bbox 1625 3548 1689 3598; x_wconf 86' lang='lat' dir='ltr'><strong>et</strong></span> <span class='ocrx_word' id='word_1_319' title='bbox 1721 3543 1876 3609; x_wconf 86' lang='lat' dir='ltr'><strong>laici,</strong></span> <span class='ocrx_word' id='word_1_320' title='bbox 1928 3546 2120 3616; x_wconf 84' lang='lat' dir='ltr'><strong>magis</strong></span> <span class='ocrx_word' id='word_1_321' title='bbox 2173 3563 2348 3617; x_wconf 88' lang='lat' dir='ltr'><strong>quam</strong></span> <span class='ocrx_word' id='word_1_322' title='bbox 2402 3547 2574 3602; x_wconf 83' lang='lat' dir='ltr'><strong>alicui</strong></span> 
     </span>
     <span class='ocr_line' id='line_1_34' title="bbox 492 3630 2575 3704; baseline -0.001 -17"><span class='ocrx_word' id='word_1_323' title='bbox 492 3635 530 3660; x_wconf 87' lang='lat'><strong>“</strong></span> <span class='ocrx_word' id='word_1_324' title='bbox 567 3631 1009 3704; x_wconf 83' lang='lat' dir='ltr'><strong>progenitorum</strong></span> <span class='ocrx_word' id='word_1_325' title='bbox 1084 3633 1415 3685; x_wconf 80' lang='lat' dir='ltr'><strong>vestrorum</strong></span> <span class='ocrx_word' id='word_1_326' title='bbox 1492 3643 1700 3682; x_wconf 87' lang='lat' dir='ltr'><strong>manus</strong></span> <span class='ocrx_word' id='word_1_327' title='bbox 1784 3635 2166 3699; x_wconf 84' lang='lat' dir='ltr'><strong>porrexerunt</strong></span> <span class='ocrx_word' id='word_1_328' title='bbox 2241 3630 2575 3703; x_wconf 59' lang='lat' dir='ltr'><strong>adjutrices</strong></span> 
     </span>
     <span class='ocr_line' id='line_1_35' title="bbox 493 3710 2575 3789; baseline 0 -17"><span class='ocrx_word' id='word_1_329' title='bbox 493 3720 531 3745; x_wconf 80' lang='lat'><strong>‘⁶</strong></span> <span class='ocrx_word' id='word_1_330' title='bbox 572 3716 787 3787; x_wconf 82' lang='lat' dir='ltr'><strong>Sicque</strong></span> <span class='ocrx_word' id='word_1_331' title='bbox 845 3730 987 3771; x_wconf 84' lang='lat' dir='ltr'><strong>sano</strong></span> <span class='ocrx_word' id='word_1_332' title='bbox 1044 3711 1337 3768; x_wconf 84' lang='lat' dir='ltr'><strong>mediante</strong></span> <span class='ocrx_word' id='word_1_333' title='bbox 1410 3710 1671 3777; x_wconf 77' lang='lat' dir='ltr'><strong>consiliu,</strong></span> <span class='ocrx_word' id='word_1_334' title='bbox 1752 3713 1953 3784; x_wconf 79' lang='lat' dir='ltr'><strong>populi</strong></span> <span class='ocrx_word' id='word_1_335' title='bbox 2026 3714 2206 3770; x_wconf 81' lang='lat' dir='ltr'><strong>vestri</strong></span> <span class='ocrx_word' id='word_1_336' title='bbox 2280 3715 2575 3789; x_wconf 83' lang='lat' dir='ltr'><strong>suffragio,</strong></span> 
     </span>
    </p>
   </div>
   <div class='ocr_carea' id='block_1_5' title="bbox 486 3989 2575 4772">
    <p class='ocr_par' dir='ltr' id='par_1_6' title="bbox 486 3989 2575 4772">
     <span class='ocr_line' id='line_1_36' title="bbox 555 3989 1801 4052; baseline -0.004 -7"><span class='ocrx_word' id='word_1_337' title='bbox 555 3996 570 4025; x_wconf 92' lang='lat'>¹</span> <span class='ocrx_word' id='word_1_338' title='bbox 595 3993 749 4044; x_wconf 76' lang='lat' dir='ltr'><strong>Aster</strong></span> <span class='ocrx_word' id='word_1_339' title='bbox 790 3991 895 4042; x_wconf 83' lang='lat' dir='ltr'><strong>this</strong></span> <span class='ocrx_word' id='word_1_340' title='bbox 952 3992 1107 4052; x_wconf 74' lang='lat' dir='ltr'><strong>word,</strong></span> <span class='ocrx_word' id='word_1_341' title='bbox 1145 3989 1399 4040; x_wconf 80' lang='lat' dir='ltr'><strong>reference</strong></span> <span class='ocrx_word' id='word_1_342' title='bbox 1440 3989 1487 4038; x_wconf 86' lang='lat' dir='ltr'><strong>is</strong></span> <span class='ocrx_word' id='word_1_343' title='bbox 1580 4004 1628 4052; x_wconf 82' lang='lat' dir='ltr'><strong>p.</strong></span> <span class='ocrx_word' id='word_1_344' title='bbox 1660 3995 1801 4040; x_wconf 77' lang='grc'><strong>1143.</strong></span> 
     </span>
     <span class='ocr_line' id='line_1_37' title="bbox 486 4067 2304 4128; baseline -0.001 -5"><span class='ocrx_word' id='word_1_345' title='bbox 486 4074 633 4123; x_wconf 83' lang='lat' dir='ltr'><strong>made</strong></span> <span class='ocrx_word' id='word_1_346' title='bbox 675 4072 731 4121; x_wconf 90' lang='lat' dir='ltr'><strong>in</strong></span> <span class='ocrx_word' id='word_1_347' title='bbox 776 4071 862 4121; x_wconf 84' lang='lat' dir='ltr'><strong>the</strong></span> <span class='ocrx_word' id='word_1_348' title='bbox 907 4068 1135 4120; x_wconf 84' lang='lat' dir='ltr'><strong>Arundel</strong></span> <span class='ocrx_word' id='word_1_349' title='bbox 1180 4069 1294 4120; x_wconf 86' lang='lat' dir='ltr'><strong>MS.</strong></span> <span class='ocrx_word' id='word_1_350' title='bbox 1328 4068 1485 4117; x_wconf 79' lang='lat' dir='ltr'><strong>tothe</strong></span> <span class='ocrx_word' id='word_1_351' title='bbox 1643 4069 1664 4099; x_wconf 75' lang='lat'><em>2</em></span> <span class='ocrx_word' id='word_1_352' title='bbox 1689 4067 1828 4118; x_wconf 64' lang='lat' dir='ltr'><strong>Prov.</strong></span> <span class='ocrx_word' id='word_1_353' title='bbox 1857 4071 1926 4119; x_wconf 82' lang='lat' dir='ltr'><strong>xi.</strong></span> <span class='ocrx_word' id='word_1_354' title='bbox 1959 4077 2052 4128; x_wconf 82' lang='lat' dir='ltr'><strong>l4;</strong></span> <span class='ocrx_word' id='word_1_355' title='bbox 2091 4073 2232 4122; x_wconf 81' lang='lat' dir='ltr'><strong>xxiv.</strong></span> <span class='ocrx_word' id='word_1_356' title='bbox 2260 4081 2304 4122; x_wconf 70' lang='grc'><strong>6.</strong></span> 
     </span>
     <span class='ocr_line' id='line_1_38' title="bbox 488 4148 2325 4212; baseline -0.001 -9"><span class='ocrx_word' id='word_1_357' title='bbox 488 4155 588 4203; x_wconf 88' lang='lat' dir='ltr'><strong>end</strong></span> <span class='ocrx_word' id='word_1_358' title='bbox 609 4153 671 4202; x_wconf 80' lang='lat' dir='ltr'><strong>of</strong></span> <span class='ocrx_word' id='word_1_359' title='bbox 683 4152 769 4201; x_wconf 88' lang='lat' dir='ltr'><strong>the</strong></span> <span class='ocrx_word' id='word_1_360' title='bbox 785 4150 999 4208; x_wconf 80' lang='lat' dir='ltr'><strong>volume,</strong></span> <span class='ocrx_word' id='word_1_361' title='bbox 1021 4153 1053 4176; x_wconf 90' lang='lat'>“</span> <span class='ocrx_word' id='word_1_362' title='bbox 1070 4164 1230 4212; x_wconf 67' lang='grc' dir='ltr'><em>φαῖνε</em></span> <span class='ocrx_word' id='word_1_363' title='bbox 1252 4148 1487 4210; x_wconf 80' lang='lat' dir='ltr'><strong>infine&#39;’,·</strong></span> <span class='ocrx_word' id='word_1_364' title='bbox 1642 4150 1663 4178; x_wconf 80' lang='lat'><strong>³</strong></span> <span class='ocrx_word' id='word_1_365' title='bbox 1689 4148 1872 4212; x_wconf 76' lang='lat' dir='ltr'><strong>Illoque</strong></span> <span class='ocrx_word' id='word_1_366' title='bbox 1895 4151 2020 4199; x_wconf 78' lang='lat' dir='ltr'><strong>viam</strong></span> <span class='ocrx_word' id='word_1_367' title='bbox 2044 4152 2186 4201; x_wconf 77' lang='lat' dir='ltr'><strong>Harl.</strong></span> <span class='ocrx_word' id='word_1_368' title='bbox 2214 4157 2325 4202; x_wconf 87' lang='lat'><strong>655.</strong></span> 
     </span>
     <span class='ocr_line' id='line_1_39' title="bbox 488 4226 2219 4286; baseline 0 -6"><span class='ocrx_word' id='word_1_369' title='bbox 488 4232 655 4281; x_wconf 75' lang='lat' dir='ltr'><strong>where</strong></span> <span class='ocrx_word' id='word_1_370' title='bbox 674 4231 921 4286; x_wconf 73' lang='lat' dir='ltr'><strong>however,</strong></span> <span class='ocrx_word' id='word_1_371' title='bbox 943 4228 1047 4277; x_wconf 82' lang='lat' dir='ltr'><strong>this</strong></span> <span class='ocrx_word' id='word_1_372' title='bbox 1068 4228 1238 4277; x_wconf 75' lang='lat' dir='ltr'><strong>Letter</strong></span> <span class='ocrx_word' id='word_1_373' title='bbox 1256 4226 1303 4276; x_wconf 83' lang='lat' dir='ltr'><strong>is</strong></span> <span class='ocrx_word' id='word_1_374' title='bbox 1324 4233 1413 4275; x_wconf 88' lang='lat' dir='ltr'><strong>not</strong></span> <span class='ocrx_word' id='word_1_375' title='bbox 1433 4234 1486 4275; x_wconf 88' lang='lat' dir='ltr'><strong>to</strong></span> <span class='ocrx_word' id='word_1_376' title='bbox 1644 4229 1663 4256; x_wconf 78' lang='lat'><strong>⁴</strong></span> <span class='ocrx_word' id='word_1_377' title='bbox 1687 4235 1918 4277; x_wconf 69' lang='lat' dir='ltr'><strong>stenes-ane</strong></span> <span class='ocrx_word' id='word_1_378' title='bbox 1939 4228 2083 4279; x_wconf 79' lang='lat' dir='ltr'><strong>Harl.</strong></span> <span class='ocrx_word' id='word_1_379' title='bbox 2109 4235 2219 4280; x_wconf 84' lang='lat'><strong>655.</strong></span> 
     </span>
     <span class='ocr_line' id='line_1_40' title="bbox 488 4303 2575 4379; baseline 0.001 -20"><span class='ocrx_word' id='word_1_380' title='bbox 488 4313 553 4359; x_wconf 90' lang='lat' dir='ltr'><strong>be</strong></span> <span class='ocrx_word' id='word_1_381' title='bbox 575 4307 745 4358; x_wconf 80' lang='lat' dir='ltr'><strong>found.</strong></span> <span class='ocrx_word' id='word_1_382' title='bbox 793 4307 844 4357; x_wconf 87' lang='lat' dir='ltr'><strong>It</strong></span> <span class='ocrx_word' id='word_1_383' title='bbox 863 4307 957 4356; x_wconf 77' lang='lat' dir='ltr'><strong>has</strong></span> <span class='ocrx_word' id='word_1_384' title='bbox 977 4307 1105 4356; x_wconf 87' lang='lat' dir='ltr'><strong>been</strong></span> <span class='ocrx_word' id='word_1_385' title='bbox 1128 4305 1355 4370; x_wconf 84' lang='lat' dir='ltr'><strong>supplied</strong></span> <span class='ocrx_word' id='word_1_386' title='bbox 1368 4303 1486 4354; x_wconf 80' lang='lat' dir='ltr'><strong>here</strong></span> <span class='ocrx_word' id='word_1_387' title='bbox 1644 4307 1665 4335; x_wconf 81' lang='lat'>⁸</span> <span class='ocrx_word' id='word_1_388' title='bbox 1687 4305 1816 4356; x_wconf 83' lang='lat' dir='ltr'><strong>This</strong></span> <span class='ocrx_word' id='word_1_389' title='bbox 1870 4309 1971 4358; x_wconf 82' lang='lat' dir='ltr'><strong>and</strong></span> <span class='ocrx_word' id='word_1_390' title='bbox 2025 4309 2110 4358; x_wconf 83' lang='lat' dir='ltr'><strong>the</strong></span> <span class='ocrx_word' id='word_1_391' title='bbox 2165 4317 2266 4360; x_wconf 78' lang='lat' dir='ltr'><strong>two</strong></span> <span class='ocrx_word' id='word_1_392' title='bbox 2315 4311 2575 4379; x_wconf 80' lang='lat' dir='ltr'><strong>following</strong></span> 
     </span>
     <span class='ocr_line' id='line_1_41' title="bbox 488 4385 2462 4451; baseline 0.002 -11"><span class='ocrx_word' id='word_1_393' title='bbox 488 4390 621 4440; x_wconf 70' lang='lat' dir='ltr'><strong>stom</strong></span> <span class='ocrx_word' id='word_1_394' title='bbox 640 4389 727 4438; x_wconf 88' lang='lat' dir='ltr'><strong>the</strong></span> <span class='ocrx_word' id='word_1_395' title='bbox 746 4393 857 4438; x_wconf 75' lang='lat' dir='ltr'><strong>text</strong></span> <span class='ocrx_word' id='word_1_396' title='bbox 877 4387 939 4436; x_wconf 82' lang='lat' dir='ltr'><strong>of</strong></span> <span class='ocrx_word' id='word_1_397' title='bbox 962 4385 1366 4451; x_wconf 79' lang='lat' dir='ltr'><strong>Hemingburgh,</strong></span> <span class='ocrx_word' id='word_1_398' title='bbox 1387 4386 1486 4435; x_wconf 77' lang='lat' dir='ltr'><strong>and</strong></span> <span class='ocrx_word' id='word_1_399' title='bbox 1580 4387 1747 4436; x_wconf 70' lang='lat' dir='ltr'><strong>words</strong></span> <span class='ocrx_word' id='word_1_400' title='bbox 1769 4401 1854 4436; x_wconf 81' lang='lat' dir='ltr'><strong>are</strong></span> <span class='ocrx_word' id='word_1_401' title='bbox 1874 4388 2081 4439; x_wconf 82' lang='lat' dir='ltr'><strong>omitted</strong></span> <span class='ocrx_word' id='word_1_402' title='bbox 2103 4388 2158 4439; x_wconf 87' lang='lat' dir='ltr'><strong>in</strong></span> <span class='ocrx_word' id='word_1_403' title='bbox 2181 4389 2326 4442; x_wconf 75' lang='lat' dir='ltr'><strong>Harl.</strong></span> <span class='ocrx_word' id='word_1_404' title='bbox 2352 4397 2462 4444; x_wconf 83' lang='grc'><strong>655.</strong></span> 
     </span>
     <span class='ocr_line' id='line_1_42' title="bbox 487 4461 2354 4530; baseline 0.002 -11"><span class='ocrx_word' id='word_1_405' title='bbox 487 4468 602 4520; x_wconf 82' lang='lat' dir='ltr'><strong>MS.</strong></span> <span class='ocrx_word' id='word_1_406' title='bbox 626 4467 769 4519; x_wconf 65' lang='lat' dir='ltr'><strong>le,</strong></span> <span class='ocrx_word' id='word_1_407' title='bbox 800 4469 913 4518; x_wconf 77' lang='lat'><strong>655.</strong></span> <span class='ocrx_word' id='word_1_408' title='bbox 979 4463 1092 4516; x_wconf 87' lang='lat' dir='ltr'><strong>The</strong></span> <span class='ocrx_word' id='word_1_409' title='bbox 1114 4463 1365 4524; x_wconf 67' lang='lat' dir='ltr'><strong>Lena-‚in</strong></span> <span class='ocrx_word' id='word_1_410' title='bbox 1401 4464 1487 4515; x_wconf 85' lang='lat' dir='ltr'><strong>the</strong></span> <span class='ocrx_word' id='word_1_411' title='bbox 1643 4467 1666 4495; x_wconf 82' lang='lat'>⁸</span> <span class='ocrx_word' id='word_1_412' title='bbox 1687 4461 1809 4530; x_wconf 75' lang='lat' dir='ltr'><strong>quid</strong></span> <span class='ocrx_word' id='word_1_413' title='bbox 1826 4465 1923 4516; x_wconf 73' lang='lat' dir='ltr'><strong>sibi</strong></span> <span class='ocrx_word' id='word_1_414' title='bbox 1945 4465 2047 4527; x_wconf 82' lang='lat' dir='ltr'><strong>illa,</strong></span> <span class='ocrx_word' id='word_1_415' title='bbox 2071 4467 2214 4520; x_wconf 80' lang='lat' dir='ltr'><strong>Harl.</strong></span> <span class='ocrx_word' id='word_1_416' title='bbox 2242 4476 2354 4523; x_wconf 81' lang='lat'><strong>655.</strong></span> 
     </span>
     <span class='ocr_line' id='line_1_43' title="bbox 489 4543 2442 4615; baseline 0.003 -17"><span class='ocrx_word' id='word_1_417' title='bbox 489 4548 707 4613; x_wconf 77' lang='lat' dir='ltr'><strong>original</strong></span> <span class='ocrx_word' id='word_1_418' title='bbox 729 4546 944 4607; x_wconf 75' lang='lat' dir='ltr'><strong>French,</strong></span> <span class='ocrx_word' id='word_1_419' title='bbox 965 4543 1012 4595; x_wconf 76' lang='lat' dir='ltr'><strong>is</strong></span> <span class='ocrx_word' id='word_1_420' title='bbox 1028 4545 1135 4594; x_wconf 85' lang='lat' dir='ltr'><strong>also</strong></span> <span class='ocrx_word' id='word_1_421' title='bbox 1150 4543 1299 4609; x_wconf 77' lang='lat' dir='ltr'><strong>given</strong></span> <span class='ocrx_word' id='word_1_422' title='bbox 1324 4543 1377 4593; x_wconf 80' lang='lat' dir='ltr'><strong>in</strong></span> <span class='ocrx_word' id='word_1_423' title='bbox 1402 4544 1486 4594; x_wconf 86' lang='lat' dir='ltr'><strong>the</strong></span> <span class='ocrx_word' id='word_1_424' title='bbox 1646 4549 1664 4575; x_wconf 74' lang='lat'>&#39;</span> <span class='ocrx_word' id='word_1_425' title='bbox 1691 4547 1801 4611; x_wconf 59' lang='lat' dir='ltr'><strong>ejas</strong></span> <span class='ocrx_word' id='word_1_426' title='bbox 1824 4563 1934 4597; x_wconf 82' lang='lat' dir='ltr'><strong>vero</strong></span> <span class='ocrx_word' id='word_1_427' title='bbox 1958 4556 2139 4615; x_wconf 71' lang='lat' dir='ltr'><strong>tempus</strong></span> <span class='ocrx_word' id='word_1_428' title='bbox 2161 4550 2305 4602; x_wconf 79' lang='lat' dir='ltr'><strong>Harl.</strong></span> <span class='ocrx_word' id='word_1_429' title='bbox 2332 4557 2442 4603; x_wconf 80' lang='lat'><strong>655.</strong></span> 
     </span>
     <span class='ocr_line' id='line_1_44' title="bbox 493 4623 2290 4688; baseline 0.002 -9"><span class='ocrx_word' id='word_1_430' title='bbox 493 4626 761 4679; x_wconf 78' lang='lat' dir='ltr'><strong>Chronicle</strong></span> <span class='ocrx_word' id='word_1_431' title='bbox 814 4625 877 4676; x_wconf 76' lang='lat' dir='ltr'><strong>of</strong></span> <span class='ocrx_word' id='word_1_432' title='bbox 944 4623 1232 4688; x_wconf 82' lang='lat' dir='ltr'><strong>Avesbury‚</strong></span> <span class='ocrx_word' id='word_1_433' title='bbox 1277 4625 1377 4673; x_wconf 84' lang='lat' dir='ltr'><strong>and</strong></span> <span class='ocrx_word' id='word_1_434' title='bbox 1442 4625 1486 4672; x_wconf 86' lang='lat' dir='ltr'><strong>is</strong></span> <span class='ocrx_word' id='word_1_435' title='bbox 1642 4628 1662 4655; x_wconf 64' lang='grc' dir='ltr'><strong><em>Β</em></strong></span> <span class='ocrx_word' id='word_1_436' title='bbox 1687 4625 1911 4677; x_wconf 76' lang='lat' dir='ltr'><strong>Omitted</strong></span> <span class='ocrx_word' id='word_1_437' title='bbox 1932 4626 1986 4676; x_wconf 90' lang='lat' dir='ltr'><strong>in</strong></span> <span class='ocrx_word' id='word_1_438' title='bbox 2012 4627 2155 4680; x_wconf 77' lang='lat' dir='ltr'><strong>Harl.</strong></span> <span class='ocrx_word' id='word_1_439' title='bbox 2179 4634 2290 4682; x_wconf 82' lang='lat'><strong>655.</strong></span> 
     </span>
     <span class='ocr_line' id='line_1_45' title="bbox 495 4702 1484 4772; baseline -0.006 -15"><span class='ocrx_word' id='word_1_440' title='bbox 495 4706 697 4772; x_wconf 81' lang='lat' dir='ltr'><strong>printed</strong></span> <span class='ocrx_word' id='word_1_441' title='bbox 740 4706 795 4755; x_wconf 89' lang='lat' dir='ltr'><strong>in</strong></span> <span class='ocrx_word' id='word_1_442' title='bbox 853 4705 938 4756; x_wconf 85' lang='lat' dir='ltr'><strong>the</strong></span> <span class='ocrx_word' id='word_1_443' title='bbox 978 4705 1106 4756; x_wconf 76' lang='lat' dir='ltr'><strong>New</strong></span> <span class='ocrx_word' id='word_1_444' title='bbox 1150 4702 1371 4763; x_wconf 75' lang='lat' dir='ltr'><strong>Foedera,</strong></span> <span class='ocrx_word' id='word_1_445' title='bbox 1416 4702 1484 4752; x_wconf 88' lang='lat'><strong>11.</strong></span> 
     </span>
    </p>
   </div>
  </div>
 </body>
</html>
