<?xml version="1.0" encoding="UTF-8"?>
<!DOCTYPE html PUBLIC "-//W3C//DTD XHTML 1.0 Transitional//EN"
    "http://www.w3.org/TR/xhtml1/DTD/xhtml1-transitional.dtd">
<html xmlns="http://www.w3.org/1999/xhtml" xml:lang="en" lang="en">
 <head>
  <title>
</title>
<meta http-equiv="Content-Type" content="text/html;charset=utf-8" />
  <meta name='ocr-system' content='tesseract 3.04.00' />
  <meta name='ocr-capabilities' content='ocr_page ocr_carea ocr_par ocr_line ocrx_word'/>
</head>
<body>
  <div class='ocr_page' id='page_1' title='image "./thomaewalsingha00unkngoog_0226.png"; bbox 0 0 3300 5617; ppageno 0'>
   <div class='ocr_carea' id='block_1_1' title="bbox 779 731 2218 795">
    <p class='ocr_par' dir='ltr' id='par_1_1' title="bbox 779 731 2218 795">
     <span class='ocr_line' id='line_1_1' title="bbox 779 731 2218 795; baseline -0.003 0"><span class='ocrx_word' id='word_1_1' title='bbox 779 731 907 795; x_wconf 82' lang='lat'><strong>168</strong></span> <span class='ocrx_word' id='word_1_2' title='bbox 1440 741 1703 793; x_wconf 63' lang='lat' dir='ltr'><strong>‘raone</strong></span> <span class='ocrx_word' id='word_1_3' title='bbox 1748 741 2218 792; x_wconf 63' lang='lat' dir='ltr'><strong>masmanna</strong></span> 
     </span>
    </p>
   </div>
   <div class='ocr_carea' id='block_1_2' title="bbox 429 926 3204 1282">
    <p class='ocr_par' dir='ltr' id='par_1_2' title="bbox 429 926 3204 1282">
     <span class='ocr_line' id='line_1_2' title="bbox 440 926 3174 1070; baseline -0.003 -83"><span class='ocrx_word' id='word_1_4' title='bbox 440 938 749 987; x_wconf 80' lang='lat' dir='ltr'><strong>A.1›.1323.</strong></span> <span class='ocrx_word' id='word_1_5' title='bbox 772 936 1197 1070; x_wconf 57' lang='lat' dir='ltr'><strong>gxi-luntbpreces</strong></span> <span class='ocrx_word' id='word_1_6' title='bbox 1245 928 1490 985; x_wconf 87' lang='lat' dir='ltr'><strong>fundere</strong></span> <span class='ocrx_word' id='word_1_7' title='bbox 1539 945 1646 1000; x_wconf 89' lang='lat' dir='ltr'><strong>pro</strong></span> <span class='ocrx_word' id='word_1_8' title='bbox 1695 926 1920 983; x_wconf 82' lang='lat' dir='ltr'><strong>Thoma</strong></span> <span class='ocrx_word' id='word_1_9' title='bbox 1952 927 2204 993; x_wconf 87' lang='lat' dir='ltr'><strong>Comite,</strong></span> <span class='ocrx_word' id='word_1_10' title='bbox 2263 944 2440 998; x_wconf 89' lang='lat' dir='ltr'><strong>quem</strong></span> <span class='ocrx_word' id='word_1_11' title='bbox 2490 926 2619 983; x_wconf 82' lang='lat' dir='ltr'><strong>Rex</strong></span> <span class='ocrx_word' id='word_1_12' title='bbox 2666 926 2877 982; x_wconf 87' lang='lat' dir='ltr'><strong>intime</strong></span> <span class='ocrx_word' id='word_1_13' title='bbox 2898 926 3174 1057; x_wconf 39' lang='lat' dir='ltr'><strong>{es-*Qu</strong></span> 
     </span>
     <span class='ocr_line' id='line_1_3' title="bbox 432 1020 3066 1178; baseline -0 -29"><span class='ocrx_word' id='word_1_14' title='bbox 432 1100 541 1178; x_wconf 61' lang='lat' dir='ltr'><strong>sl&#39;he</strong></span> <span class='ocrx_word' id='word_1_15' title='bbox 562 1099 706 1165; x_wconf 85' lang='lat' dir='ltr'><strong>King</strong></span> <span class='ocrx_word' id='word_1_16' title='bbox 848 1032 967 1152; x_wconf 46' lang='lat'><strong>¹¹35&gt;</strong></span> <span class='ocrx_word' id='word_1_17' title='bbox 1002 1020 1260 1168; x_wconf 62' lang='lat' dir='ltr'><strong>tginpore</strong></span> <span class='ocrx_word' id='word_1_18' title='bbox 1309 1102 1596 1151; x_wconf 85' lang='lat' dir='ltr'><strong>venerunt</strong></span> <span class='ocrx_word' id='word_1_19' title='bbox 1629 1095 1707 1151; x_wconf 86' lang='lat' dir='ltr'><strong>ad</strong></span> <span class='ocrx_word' id='word_1_20' title='bbox 1741 1094 1967 1166; x_wconf 85' lang='lat' dir='ltr'><strong>Regem</strong></span> <span class='ocrx_word' id='word_1_21' title='bbox 2001 1094 2239 1165; x_wconf 78' lang='lat' dir='ltr'><strong>Angliae</strong></span> <span class='ocrx_word' id='word_1_22' title='bbox 2274 1094 2470 1151; x_wconf 88' lang='lat' dir='ltr'><strong>nuncii</strong></span> <span class='ocrx_word' id='word_1_23' title='bbox 2508 1093 2645 1150; x_wconf 83' lang='lat' dir='ltr'><strong>novi</strong></span> <span class='ocrx_word' id='word_1_24' title='bbox 2686 1093 2874 1164; x_wconf 86' lang='lat' dir='ltr'><strong>Regis</strong></span> <span class='ocrx_word' id='word_1_25' title='bbox 2897 1059 2975 1138; x_wconf 71' lang='lat' dir='ltr'><strong>E·-</strong></span> <span class='ocrx_word' id='word_1_26' title='bbox 2989 1076 3066 1111; x_wconf 79' lang='lat'><strong>¹¹⁴</strong></span> 
     </span>
     <span class='ocr_line' id='line_1_4' title="bbox 429 1152 3204 1282; baseline 0.016 -68"><span class='ocrx_word' id='word_1_27' title='bbox 429 1182 477 1216; x_wconf 68' lang='grc' dir='ltr'><strong>ιο</strong></span> <span class='ocrx_word' id='word_1_28' title='bbox 497 1182 631 1216; x_wconf 79' lang='lat' dir='ltr'><strong>sum·</strong></span> <span class='ocrx_word' id='word_1_29' title='bbox 773 1181 1037 1236; x_wconf 79' lang='lat' dir='ltr'><strong>Francioe</strong></span> <span class='ocrx_word' id='word_1_30' title='bbox 1085 1179 1309 1245; x_wconf 73' lang='lat' dir='ltr'><strong>Kal-oli,</strong></span> <span class='ocrx_word' id='word_1_31' title='bbox 1346 1179 1623 1235; x_wconf 81' lang='lat' dir='ltr'><strong>videlicet</strong></span> <span class='ocrx_word' id='word_1_32' title='bbox 1673 1178 1959 1235; x_wconf 79' lang='lat' dir='ltr'><strong>Dominus</strong></span> <span class='ocrx_word' id='word_1_33' title='bbox 1995 1179 2069 1233; x_wconf 84' lang='lat' dir='ltr'><strong>de</strong></span> <span class='ocrx_word' id='word_1_34' title='bbox 2103 1176 2126 1210; x_wconf 77' lang='lat'>²</span> <span class='ocrx_word' id='word_1_35' title='bbox 2139 1178 2437 1244; x_wconf 73' lang='lat' dir='ltr'><strong>Beomb10‚</strong></span> <span class='ocrx_word' id='word_1_36' title='bbox 2475 1185 2538 1234; x_wconf 74' lang='lat'><strong>0¹⁷·</strong></span> <span class='ocrx_word' id='word_1_37' title='bbox 2581 1176 2871 1233; x_wconf 71' lang='lat' dir='ltr'><strong>D⁰mi¹²¹¹⁸</strong></span> <span class='ocrx_word' id='word_1_38' title='bbox 2891 1152 3204 1282; x_wconf 51' lang='grc' dir='ltr'><strong>ἔξιῖἴῗῗ’</strong></span> 
     </span>
    </p>
   </div>
   <div class='ocr_carea' id='block_1_3' title="bbox 428 1232 3165 1363">
    <p class='ocr_par' dir='ltr' id='par_1_3' title="bbox 428 1232 3165 1363">
     <span class='ocr_line' id='line_1_5' title="bbox 428 1232 3165 1363; baseline 0.013 -58"><span class='ocrx_word' id='word_1_39' title='bbox 428 1232 748 1363; x_wconf 44' lang='grc' dir='ltr'><strong>ΐὲἒῗὲῗίὲξ</strong></span> <span class='ocrx_word' id='word_1_40' title='bbox 770 1264 1036 1321; x_wconf 64' lang='lat' dir='ltr'><strong>Androm</strong></span> <span class='ocrx_word' id='word_1_41' title='bbox 1089 1264 1163 1319; x_wconf 90' lang='lat' dir='ltr'><strong>de</strong></span> <span class='ocrx_word' id='word_1_42' title='bbox 1210 1263 1526 1328; x_wconf 76' lang='lat' dir='ltr'><strong>Florentia,</strong></span> <span class='ocrx_word' id='word_1_43' title='bbox 1563 1262 1640 1318; x_wconf 86' lang='lat' dir='ltr'><strong>ad</strong></span> <span class='ocrx_word' id='word_1_44' title='bbox 1673 1262 1971 1318; x_wconf 84' lang='lat' dir='ltr'><strong>citandum</strong></span> <span class='ocrx_word' id='word_1_45' title='bbox 2005 1267 2067 1317; x_wconf 90' lang='lat' dir='ltr'><strong>et</strong></span> <span class='ocrx_word' id='word_1_46' title='bbox 2112 1261 2463 1318; x_wconf 89' lang='lat' dir='ltr'><strong>monendum</strong></span> <span class='ocrx_word' id='word_1_47' title='bbox 2498 1278 2654 1326; x_wconf 79' lang='lat' dir='ltr'><strong>eum,</strong></span> <span class='ocrx_word' id='word_1_48' title='bbox 2708 1261 2867 1332; x_wconf 71' lang='lat' dir='ltr'><strong>quod</strong></span> <span class='ocrx_word' id='word_1_49' title='bbox 2887 1284 3002 1336; x_wconf 71' lang='lat' dir='ltr'><strong>MS.</strong></span> <span class='ocrx_word' id='word_1_50' title='bbox 3024 1286 3165 1336; x_wconf 72' lang='lat' dir='ltr'><strong>Bibl-</strong></span> 
     </span>
    </p>
   </div>
   <div class='ocr_carea' id='block_1_4' title="bbox 425 1344 3107 2505">
    <p class='ocr_par' dir='ltr' id='par_1_4' title="bbox 425 1344 3107 2505">
     <span class='ocr_line' id='line_1_6' title="bbox 432 1344 3107 1430; baseline -0.001 -26"><span class='ocrx_word' id='word_1_51' title='bbox 432 1366 519 1416; x_wconf 81' lang='lat' dir='ltr'><strong>the</strong></span> <span class='ocrx_word' id='word_1_52' title='bbox 542 1366 729 1430; x_wconf 69' lang='lat' dir='ltr'>Dn0h5</span> <span class='ocrx_word' id='word_1_53' title='bbox 768 1349 995 1405; x_wconf 80' lang='lat' dir='ltr'><strong>veniret</strong></span> <span class='ocrx_word' id='word_1_54' title='bbox 1026 1348 1181 1403; x_wconf 75' lang='lat' dir='ltr'><strong>infra</strong></span> <span class='ocrx_word' id='word_1_55' title='bbox 1201 1353 1428 1403; x_wconf 87' lang='lat' dir='ltr'><strong>certum</strong></span> <span class='ocrx_word' id='word_1_56' title='bbox 1462 1352 1694 1417; x_wconf 87' lang='lat' dir='ltr'><strong>tempus</strong></span> <span class='ocrx_word' id='word_1_57' title='bbox 1716 1345 1793 1401; x_wconf 84' lang='lat' dir='ltr'><strong>ad</strong></span> <span class='ocrx_word' id='word_1_58' title='bbox 1815 1345 2145 1401; x_wconf 89' lang='lat' dir='ltr'><strong>faciendum</strong></span> <span class='ocrx_word' id='word_1_59' title='bbox 2174 1345 2515 1417; x_wconf 87' lang='lat' dir='ltr'><strong>homagium</strong></span> <span class='ocrx_word' id='word_1_60' title='bbox 2538 1362 2714 1401; x_wconf 85' lang='lat' dir='ltr'><strong>suum</strong></span> <span class='ocrx_word' id='word_1_61' title='bbox 2747 1344 2863 1416; x_wconf 83' lang='lat' dir='ltr'><strong>ipsi</strong></span> <span class='ocrx_word' id='word_1_62' title='bbox 2884 1351 3011 1430; x_wconf 74' lang='lat' dir='ltr'><strong>Beg.</strong></span> <span class='ocrx_word' id='word_1_63' title='bbox 3043 1358 3107 1404; x_wconf 80' lang='lat'><strong>1³</strong></span> 
     </span>
     <span class='ocr_line' id='line_1_7' title="bbox 430 1417 3042 1509; baseline 0 -27"><span class='ocrx_word' id='word_1_64' title='bbox 430 1431 681 1509; x_wconf 48' lang='lat' dir='ltr'><strong>of·Aqui-</strong></span> <span class='ocrx_word' id='word_1_65' title='bbox 767 1431 1005 1497; x_wconf 87' lang='lat' dir='ltr'><strong>Karolo,</strong></span> <span class='ocrx_word' id='word_1_66' title='bbox 1043 1449 1193 1487; x_wconf 81' lang='lat' dir='ltr'><strong>novo</strong></span> <span class='ocrx_word' id='word_1_67' title='bbox 1226 1431 1375 1501; x_wconf 88' lang='lat' dir='ltr'><strong>regi,</strong></span> <span class='ocrx_word' id='word_1_68' title='bbox 1414 1447 1522 1503; x_wconf 91' lang='lat' dir='ltr'><strong>pro</strong></span> <span class='ocrx_word' id='word_1_69' title='bbox 1557 1428 1792 1485; x_wconf 87' lang='lat' dir='ltr'><strong>Ducatu</strong></span> <span class='ocrx_word' id='word_1_70' title='bbox 1825 1429 2182 1501; x_wconf 63' lang='lat' dir='ltr'><strong>Aquitaniae.</strong></span> <span class='ocrx_word' id='word_1_71' title='bbox 2271 1429 2352 1485; x_wconf 80' lang='lat' dir='ltr'><strong>Et</strong></span> <span class='ocrx_word' id='word_1_72' title='bbox 2383 1428 2528 1484; x_wconf 88' lang='lat' dir='ltr'><strong>licet</strong></span> <span class='ocrx_word' id='word_1_73' title='bbox 2567 1427 2753 1499; x_wconf 86' lang='lat' dir='ltr'><strong>Hugo</strong></span> <span class='ocrx_word' id='word_1_74' title='bbox 2787 1427 2861 1483; x_wconf 86' lang='lat' dir='ltr'><strong>de</strong></span> <span class='ocrx_word' id='word_1_75' title='bbox 2882 1417 2946 1468; x_wconf 70' lang='grc' dir='ltr'><strong>Ε-</strong></span> <span class='ocrx_word' id='word_1_76' title='bbox 2967 1433 3042 1469; x_wconf 76' lang='lat'><strong>1¹·</strong></span> 
     </span>
     <span class='ocr_line' id='line_1_8' title="bbox 435 1505 2865 1586; baseline -0.002 -15"><span class='ocrx_word' id='word_1_77' title='bbox 435 1505 586 1552; x_wconf 59' lang='lat'><strong>‘³¹¹²‘-</strong></span> <span class='ocrx_word' id='word_1_78' title='bbox 769 1515 1025 1586; x_wconf 84' lang='lat' dir='ltr'><strong>Spencer</strong></span> <span class='ocrx_word' id='word_1_79' title='bbox 1057 1514 1235 1579; x_wconf 89' lang='lat' dir='ltr'><strong>filius,</strong></span> <span class='ocrx_word' id='word_1_80' title='bbox 1273 1521 1335 1570; x_wconf 91' lang='lat' dir='ltr'><strong>et</strong></span> <span class='ocrx_word' id='word_1_81' title='bbox 1367 1513 1660 1569; x_wconf 85' lang='lat' dir='ltr'><strong>Robertus</strong></span> <span class='ocrx_word' id='word_1_82' title='bbox 1696 1513 1771 1568; x_wconf 89' lang='lat' dir='ltr'><strong>de</strong></span> <span class='ocrx_word' id='word_1_83' title='bbox 1804 1512 2050 1578; x_wconf 86' lang='lat' dir='ltr'><strong>Baldok,</strong></span> <span class='ocrx_word' id='word_1_84' title='bbox 2089 1511 2508 1577; x_wconf 76' lang='lat' dir='ltr'><strong>cancellarius,</strong></span> <span class='ocrx_word' id='word_1_85' title='bbox 2559 1529 2865 1584; x_wconf 83' lang='lat' dir='ltr'><strong>procuras-</strong></span> 
     </span>
     <span class='ocr_line' id='line_1_9' title="bbox 766 1594 2866 1670; baseline -0.003 -14"><span class='ocrx_word' id='word_1_86' title='bbox 766 1605 897 1656; x_wconf 89' lang='lat' dir='ltr'><strong>sent</strong></span> <span class='ocrx_word' id='word_1_87' title='bbox 946 1599 1103 1670; x_wconf 88' lang='lat' dir='ltr'><strong>ipsos</strong></span> <span class='ocrx_word' id='word_1_88' title='bbox 1138 1598 1400 1662; x_wconf 75' lang='lat' dir='ltr'>nuncios,</span> <span class='ocrx_word' id='word_1_89' title='bbox 1440 1595 1598 1668; x_wconf 90' lang='lat' dir='ltr'><strong>quod</strong></span> <span class='ocrx_word' id='word_1_90' title='bbox 1643 1614 1762 1651; x_wconf 91' lang='lat' dir='ltr'><strong>non</strong></span> <span class='ocrx_word' id='word_1_91' title='bbox 1808 1596 2175 1651; x_wconf 85' lang='lat' dir='ltr'><strong>notificarent</strong></span> <span class='ocrx_word' id='word_1_92' title='bbox 2225 1594 2381 1666; x_wconf 85' lang='lat' dir='ltr'><strong>Regi</strong></span> <span class='ocrx_word' id='word_1_93' title='bbox 2431 1595 2717 1651; x_wconf 79' lang='lat' dir='ltr'><strong>adventus</strong></span> <span class='ocrx_word' id='word_1_94' title='bbox 2771 1594 2866 1650; x_wconf 88' lang='lat' dir='ltr'><strong>sui</strong></span> 
     </span>
     <span class='ocr_line' id='line_1_10' title="bbox 765 1665 2870 1754; baseline -0.002 -16"><span class='ocrx_word' id='word_1_95' title='bbox 765 1700 1020 1747; x_wconf 87' lang='lat' dir='ltr'><strong>causam,</strong></span> <span class='ocrx_word' id='word_1_96' title='bbox 1046 1682 1163 1754; x_wconf 84' lang='lat' dir='ltr'><strong>ipsi</strong></span> <span class='ocrx_word' id='word_1_97' title='bbox 1196 1687 1393 1736; x_wconf 87' lang='lat' dir='ltr'><strong>tamen</strong></span> <span class='ocrx_word' id='word_1_98' title='bbox 1427 1681 1491 1736; x_wconf 86' lang='lat' dir='ltr'><strong>in</strong></span> <span class='ocrx_word' id='word_1_99' title='bbox 1513 1696 1621 1735; x_wconf 89' lang='lat' dir='ltr'><strong>suo</strong></span> <span class='ocrx_word' id='word_1_100' title='bbox 1650 1665 1893 1735; x_wconf 74' lang='lat' dir='ltr'><strong>&#39;recessu</strong></span> <span class='ocrx_word' id='word_1_101' title='bbox 1914 1684 2267 1734; x_wconf 88' lang='lat' dir='ltr'><strong>monuerunt</strong></span> <span class='ocrx_word' id='word_1_102' title='bbox 2298 1695 2437 1733; x_wconf 89' lang='lat' dir='ltr'><strong>eum</strong></span> <span class='ocrx_word' id='word_1_103' title='bbox 2461 1677 2619 1750; x_wconf 92' lang='lat' dir='ltr'><strong>quod</strong></span> <span class='ocrx_word' id='word_1_104' title='bbox 2639 1677 2870 1734; x_wconf 79' lang='lat' dir='ltr'><strong>veniret</strong></span> 
     </span>
     <span class='ocr_line' id='line_1_11' title="bbox 764 1762 2867 1836; baseline -0.002 -14"><span class='ocrx_word' id='word_1_105' title='bbox 764 1767 919 1822; x_wconf 82' lang='lat' dir='ltr'><strong>infra</strong></span> <span class='ocrx_word' id='word_1_106' title='bbox 951 1773 1178 1822; x_wconf 89' lang='lat' dir='ltr'><strong>certum</strong></span> <span class='ocrx_word' id='word_1_107' title='bbox 1212 1771 1464 1836; x_wconf 87' lang='lat' dir='ltr'><strong>tempus,</strong></span> <span class='ocrx_word' id='word_1_108' title='bbox 1508 1763 1678 1835; x_wconf 86' lang='lat' dir='ltr'><strong>quasi</strong></span> <span class='ocrx_word' id='word_1_109' title='bbox 1728 1762 2098 1828; x_wconf 81' lang='lat' dir='ltr'><strong>consulendo,</strong></span> <span class='ocrx_word' id='word_1_110' title='bbox 2137 1763 2214 1819; x_wconf 92' lang='lat' dir='ltr'><strong>ad</strong></span> <span class='ocrx_word' id='word_1_111' title='bbox 2261 1762 2603 1834; x_wconf 73' lang='lat' dir='ltr'><strong>homagium</strong></span> <span class='ocrx_word' id='word_1_112' title='bbox 2653 1762 2867 1818; x_wconf 86' lang='lat' dir='ltr'><strong>facien-</strong></span> 
     </span>
     <span class='ocr_line' id='line_1_12' title="bbox 763 1846 2867 1921; baseline -0 -16"><span class='ocrx_word' id='word_1_113' title='bbox 763 1851 923 1906; x_wconf 91' lang='lat' dir='ltr'><strong>dum.</strong></span> <span class='ocrx_word' id='word_1_114' title='bbox 996 1850 1186 1921; x_wconf 82' lang='lat' dir='ltr'>Super</span> <span class='ocrx_word' id='word_1_115' title='bbox 1245 1866 1362 1920; x_wconf 89' lang='lat' dir='ltr'><strong>qua</strong></span> <span class='ocrx_word' id='word_1_116' title='bbox 1418 1847 1755 1913; x_wconf 88' lang='lat' dir='ltr'><strong>monitione,</strong></span> <span class='ocrx_word' id='word_1_117' title='bbox 1813 1847 1938 1903; x_wconf 77' lang='lat' dir='ltr'><strong>sive</strong></span> <span class='ocrx_word' id='word_1_118' title='bbox 1987 1846 2283 1913; x_wconf 85' lang='lat' dir='ltr'><strong>citatione,</strong></span> <span class='ocrx_word' id='word_1_119' title='bbox 2346 1846 2611 1913; x_wconf 81' lang='lat' dir='ltr'><strong>subdola,</strong></span> <span class='ocrx_word' id='word_1_120' title='bbox 2673 1847 2867 1904; x_wconf 83' lang='lat' dir='ltr'><strong>dictus</strong></span> 
     </span>
     <span class='ocr_line' id='line_1_13' title="bbox 431 1931 2867 2013; baseline -0.001 -23"><span class='ocrx_word' id='word_1_121' title='bbox 431 1945 543 1996; x_wconf 71' lang='lat' dir='ltr'><strong>The</strong></span> <span class='ocrx_word' id='word_1_122' title='bbox 564 1945 707 2013; x_wconf 68' lang='lat' dir='ltr'><strong>mg</strong></span> <span class='ocrx_word' id='word_1_123' title='bbox 762 1933 1028 1989; x_wconf 85' lang='lat' dir='ltr'><strong>Andreas</strong></span> <span class='ocrx_word' id='word_1_124' title='bbox 1080 1934 1154 1989; x_wconf 88' lang='lat' dir='ltr'><strong>de</strong></span> <span class='ocrx_word' id='word_1_125' title='bbox 1207 1932 1524 1998; x_wconf 78' lang='lat' dir='ltr'><strong>Florentia,</strong></span> <span class='ocrx_word' id='word_1_126' title='bbox 1582 1932 1686 2003; x_wconf 91' lang='lat' dir='ltr'><strong>qui</strong></span> <span class='ocrx_word' id='word_1_127' title='bbox 1733 1932 1851 1986; x_wconf 86' lang='lat' dir='ltr'><strong>fuit</strong></span> <span class='ocrx_word' id='word_1_128' title='bbox 1906 1931 2190 1996; x_wconf 87' lang='lat' dir='ltr'><strong>notarius,</strong></span> <span class='ocrx_word' id='word_1_129' title='bbox 2241 1931 2385 1987; x_wconf 88' lang='lat' dir='ltr'><strong>fecit</strong></span> <span class='ocrx_word' id='word_1_130' title='bbox 2428 1931 2732 2003; x_wconf 90' lang='lat' dir='ltr'><strong>publicum</strong></span> <span class='ocrx_word' id='word_1_131' title='bbox 2779 1932 2867 1987; x_wconf 89' lang='lat' dir='ltr'><strong>in·</strong></span> 
     </span>
     <span class='ocr_line' id='line_1_14' title="bbox 427 2012 2952 2091; baseline -0.002 -15"><span class='ocrx_word' id='word_1_132' title='bbox 427 2013 498 2091; x_wconf 63' lang='lat' dir='ltr'><strong>Of,</strong></span> <span class='ocrx_word' id='word_1_133' title='bbox 519 2012 715 2065; x_wconf 66' lang='lat' dir='ltr'><strong>Moe</strong></span> <span class='ocrx_word' id='word_1_134' title='bbox 762 2024 1185 2083; x_wconf 81' lang='lat' dir='ltr'><strong>strumentum3</strong></span> <span class='ocrx_word' id='word_1_135' title='bbox 1210 2017 1431 2072; x_wconf 82' lang='lat' dir='ltr'><strong>virtute</strong></span> <span class='ocrx_word' id='word_1_136' title='bbox 1456 2015 1646 2087; x_wconf 88' lang='lat' dir='ltr'><strong>cujus,</strong></span> <span class='ocrx_word' id='word_1_137' title='bbox 1676 2015 1802 2071; x_wconf 85' lang='lat' dir='ltr'><strong>Rex</strong></span> <span class='ocrx_word' id='word_1_138' title='bbox 1826 2015 2092 2071; x_wconf 80' lang='lat' dir='ltr'><strong>Franciae</strong></span> <span class='ocrx_word' id='word_1_139' title='bbox 2127 2015 2271 2071; x_wconf 86' lang='lat' dir='ltr'><strong>fecit</strong></span> <span class='ocrx_word' id='word_1_140' title='bbox 2303 2033 2646 2087; x_wconf 76' lang='lat' dir='ltr'>processum</span> <span class='ocrx_word' id='word_1_141' title='bbox 2666 2023 2870 2072; x_wconf 86' lang='lat' dir='ltr'><strong>eontra</strong></span> <span class='ocrx_word' id='word_1_142' title='bbox 2939 2075 2952 2090; x_wconf 46' lang='lat'><strong>,</strong></span> 
     </span>
     <span class='ocr_line' id='line_1_15' title="bbox 426 2093 2867 2198; baseline -0.002 -39"><span class='ocrx_word' id='word_1_143' title='bbox 426 2093 724 2198; x_wconf 53' lang='lat' dir='ltr'><strong>fflfffi</strong></span> <span class='ocrx_word' id='word_1_144' title='bbox 760 2102 1005 2174; x_wconf 85' lang='lat' dir='ltr'><strong>Regem,</strong></span> <span class='ocrx_word' id='word_1_145' title='bbox 1043 2108 1108 2158; x_wconf 91' lang='lat' dir='ltr'><strong>et</strong></span> <span class='ocrx_word' id='word_1_146' title='bbox 1137 2107 1329 2158; x_wconf 85' lang='lat' dir='ltr'><strong>terras</strong></span> <span class='ocrx_word' id='word_1_147' title='bbox 1383 2100 1603 2155; x_wconf 89' lang='lat' dir='ltr'><strong>multas</strong></span> <span class='ocrx_word' id='word_1_148' title='bbox 1642 2098 1970 2156; x_wconf 80' lang='lat' dir='ltr'><strong>Wasconiae</strong></span> <span class='ocrx_word' id='word_1_149' title='bbox 2026 2099 2245 2155; x_wconf 87' lang='lat' dir='ltr'><strong>seisere</strong></span> <span class='ocrx_word' id='word_1_150' title='bbox 2301 2100 2464 2166; x_wconf 79' lang='lat' dir='ltr'><strong>fecit,</strong></span> <span class='ocrx_word' id='word_1_151' title='bbox 2519 2101 2583 2155; x_wconf 92' lang='lat' dir='ltr'><strong>in</strong></span> <span class='ocrx_word' id='word_1_152' title='bbox 2634 2118 2867 2172; x_wconf 83' lang='lat' dir='ltr'><strong>poenam</strong></span> 
     </span>
     <span class='ocr_line' id='line_1_16' title="bbox 426 2182 2865 2262; baseline -0.001 -21"><span class='ocrx_word' id='word_1_153' title='bbox 426 2211 571 2261; x_wconf 71' lang='lat' dir='ltr'><strong>landa</strong></span> <span class='ocrx_word' id='word_1_154' title='bbox 592 2212 648 2262; x_wconf 68' lang='lat' dir='ltr'><strong>in</strong></span> <span class='ocrx_word' id='word_1_155' title='bbox 760 2185 1139 2241; x_wconf 78' lang='lat' dir='ltr'><strong>contumaciae</strong></span> <span class='ocrx_word' id='word_1_156' title='bbox 1163 2183 1349 2255; x_wconf 87' lang='lat' dir='ltr'><strong>Regis</strong></span> <span class='ocrx_word' id='word_1_157' title='bbox 1382 2182 1657 2254; x_wconf 78' lang='lat' dir='ltr'><strong>Angliae3</strong></span> <span class='ocrx_word' id='word_1_158' title='bbox 1697 2183 1801 2253; x_wconf 89' lang='lat' dir='ltr'><strong>qui</strong></span> <span class='ocrx_word' id='word_1_159' title='bbox 1835 2182 1952 2237; x_wconf 82' lang='lat' dir='ltr'><strong>fuit</strong></span> <span class='ocrx_word' id='word_1_160' title='bbox 1991 2182 2339 2239; x_wconf 86' lang='lat' dir='ltr'><strong>informatus</strong></span> <span class='ocrx_word' id='word_1_161' title='bbox 2373 2201 2482 2255; x_wconf 90' lang='lat' dir='ltr'><strong>per</strong></span> <span class='ocrx_word' id='word_1_162' title='bbox 2503 2183 2691 2239; x_wconf 90' lang='lat' dir='ltr'><strong>malos</strong></span> <span class='ocrx_word' id='word_1_163' title='bbox 2732 2201 2865 2240; x_wconf 89' lang='lat' dir='ltr'><strong>con-</strong></span> 
     </span>
     <span class='ocr_line' id='line_1_17' title="bbox 427 2266 2862 2340; baseline -0.002 -13"><span class='ocrx_word' id='word_1_164' title='bbox 427 2276 636 2331; x_wconf 75' lang='lat' dir='ltr'><strong>desanlt,</strong></span> <span class='ocrx_word' id='word_1_165' title='bbox 762 2268 1036 2334; x_wconf 88' lang='lat' dir='ltr'><strong>siliarios,</strong></span> <span class='ocrx_word' id='word_1_166' title='bbox 1079 2267 1236 2339; x_wconf 91' lang='lat' dir='ltr'><strong>quod</strong></span> <span class='ocrx_word' id='word_1_167' title='bbox 1270 2267 1468 2340; x_wconf 90' lang='lat' dir='ltr'><strong>ipsum</strong></span> <span class='ocrx_word' id='word_1_168' title='bbox 1504 2266 1752 2340; x_wconf 78' lang='lat' dir='ltr'><strong>praefata</strong></span> <span class='ocrx_word' id='word_1_169' title='bbox 1790 2266 1994 2322; x_wconf 85' lang='lat' dir='ltr'><strong>citatio</strong></span> <span class='ocrx_word' id='word_1_170' title='bbox 2033 2266 2130 2322; x_wconf 80' lang='lat' dir='ltr'><strong>vel</strong></span> <span class='ocrx_word' id='word_1_171' title='bbox 2178 2267 2425 2323; x_wconf 91' lang='lat' dir='ltr'><strong>monitio</strong></span> <span class='ocrx_word' id='word_1_172' title='bbox 2458 2285 2577 2322; x_wconf 91' lang='lat' dir='ltr'><strong>non</strong></span> <span class='ocrx_word' id='word_1_173' title='bbox 2614 2267 2862 2323; x_wconf 79' lang='lat' dir='ltr'><strong>artabat.</strong></span> 
     </span>
     <span class='ocr_line' id='line_1_18' title="bbox 425 2349 2862 2434; baseline -0.001 -27"><span class='ocrx_word' id='word_1_174' title='bbox 425 2368 637 2434; x_wconf 67' lang='lat' dir='ltr'><strong>Envoy„</strong></span> <span class='ocrx_word' id='word_1_175' title='bbox 831 2350 1053 2407; x_wconf 85' lang='lat' dir='ltr'><strong>Eodem</strong></span> <span class='ocrx_word' id='word_1_176' title='bbox 1111 2368 1261 2407; x_wconf 89' lang='lat' dir='ltr'><strong>anno</strong></span> <span class='ocrx_word' id='word_1_177' title='bbox 1318 2350 1645 2422; x_wconf 81' lang='lat' dir='ltr'>Episcopus</span> <span class='ocrx_word' id='word_1_178' title='bbox 1707 2349 2084 2405; x_wconf 83' lang='lat' dir='ltr'><strong>Glaacuensis</strong></span> <span class='ocrx_word' id='word_1_179' title='bbox 2144 2357 2206 2405; x_wconf 90' lang='lat' dir='ltr'><strong>et</strong></span> <span class='ocrx_word' id='word_1_180' title='bbox 2267 2349 2521 2406; x_wconf 82' lang='lat' dir='ltr'><strong>Thomas</strong></span> <span class='ocrx_word' id='word_1_181' title='bbox 2593 2350 2862 2417; x_wconf 86' lang='lat' dir='ltr'><strong>Bondolf,</strong></span> 
     </span>
     <span class='ocr_line' id='line_1_19' title="bbox 425 2433 2866 2505; baseline 0.003 -22"><span class='ocrx_word' id='word_1_182' title='bbox 425 2443 540 2484; x_wconf 85' lang='lat' dir='ltr'><strong>sent</strong></span> <span class='ocrx_word' id='word_1_183' title='bbox 560 2437 629 2500; x_wconf 83' lang='lat' dir='ltr'><strong>by</strong></span> <span class='ocrx_word' id='word_1_184' title='bbox 761 2434 972 2490; x_wconf 80' lang='lat' dir='ltr'><strong>Comes</strong></span> <span class='ocrx_word' id='word_1_185' title='bbox 1030 2434 1332 2500; x_wconf 80' lang='lat' dir='ltr'><strong>Moravioe,</strong></span> <span class='ocrx_word' id='word_1_186' title='bbox 1394 2434 1564 2489; x_wconf 87' lang='lat' dir='ltr'><strong>missi</strong></span> <span class='ocrx_word' id='word_1_187' title='bbox 1625 2439 1766 2489; x_wconf 85' lang='lat' dir='ltr'><strong>sunt</strong></span> <span class='ocrx_word' id='word_1_188' title='bbox 1821 2451 1929 2505; x_wconf 88' lang='lat' dir='ltr'><strong>per</strong></span> <span class='ocrx_word' id='word_1_189' title='bbox 1975 2433 2298 2489; x_wconf 85' lang='lat' dir='ltr'><strong>Bobertum</strong></span> <span class='ocrx_word' id='word_1_190' title='bbox 2352 2434 2509 2489; x_wconf 85' lang='lat' dir='ltr'><strong>Brus</strong></span> <span class='ocrx_word' id='word_1_191' title='bbox 2558 2440 2621 2490; x_wconf 89' lang='lat' dir='ltr'><strong>et</strong></span> <span class='ocrx_word' id='word_1_192' title='bbox 2677 2440 2866 2490; x_wconf 89' lang='lat' dir='ltr'><strong>totum</strong></span> 
     </span>
    </p>
   </div>
   <div class='ocr_carea' id='block_1_5' title="bbox 423 2500 2860 2590">
    <p class='ocr_par' dir='ltr' id='par_1_5' title="bbox 423 2500 2860 2590">
     <span class='ocr_line' id='line_1_20' title="bbox 423 2500 2860 2590; baseline 0 -17"><span class='ocrx_word' id='word_1_193' title='bbox 423 2500 618 2552; x_wconf 64' lang='lat' dir='ltr'><strong>R⁰be¹⁹²</strong></span> <span class='ocrx_word' id='word_1_194' title='bbox 759 2536 1011 2590; x_wconf 90' lang='lat' dir='ltr'><strong>regnum</strong></span> <span class='ocrx_word' id='word_1_195' title='bbox 1048 2518 1261 2575; x_wconf 80' lang='lat' dir='ltr'><strong>Scotiae</strong></span> <span class='ocrx_word' id='word_1_196' title='bbox 1284 2517 1361 2573; x_wconf 89' lang='lat' dir='ltr'><strong>ad</strong></span> <span class='ocrx_word' id='word_1_197' title='bbox 1397 2517 1642 2574; x_wconf 85' lang='lat' dir='ltr'><strong>Curiam</strong></span> <span class='ocrx_word' id='word_1_198' title='bbox 1678 2517 2022 2581; x_wconf 86' lang='lat' dir='ltr'><strong>Romanam,</strong></span> <span class='ocrx_word' id='word_1_199' title='bbox 2062 2534 2170 2588; x_wconf 86' lang='lat' dir='ltr'><strong>pro</strong></span> <span class='ocrx_word' id='word_1_200' title='bbox 2201 2516 2472 2573; x_wconf 88' lang='lat' dir='ltr'><strong>habenda</strong></span> <span class='ocrx_word' id='word_1_201' title='bbox 2502 2518 2860 2574; x_wconf 70' lang='lat' dir='ltr'><strong>relaxatione</strong></span> 
     </span>
    </p>
   </div>
   <div class='ocr_carea' id='block_1_6' title="bbox 420 2566 2867 2684">
    <p class='ocr_par' dir='ltr' id='par_1_6' title="bbox 420 2566 2867 2684">
     <span class='ocr_line' id='line_1_21' title="bbox 420 2566 2867 2684; baseline 0 -27"><span class='ocrx_word' id='word_1_202' title='bbox 420 2566 733 2684; x_wconf 52' lang='lat' dir='ltr'><strong>gzuffoffim</strong></span> <span class='ocrx_word' id='word_1_203' title='bbox 759 2602 1421 2658; x_wconf 77' lang='lat' dir='ltr'><strong>excommunicationum</strong></span> <span class='ocrx_word' id='word_1_204' title='bbox 1457 2608 1519 2658; x_wconf 92' lang='lat' dir='ltr'><strong>et</strong></span> <span class='ocrx_word' id='word_1_205' title='bbox 1564 2601 1864 2656; x_wconf 75' lang='lat' dir='ltr'><strong>interdicti</strong></span> <span class='ocrx_word' id='word_1_206' title='bbox 1913 2601 2356 2666; x_wconf 87' lang='lat' dir='ltr'><strong>sententiarum,</strong></span> <span class='ocrx_word' id='word_1_207' title='bbox 2405 2601 2470 2656; x_wconf 88' lang='lat' dir='ltr'><strong>in</strong></span> <span class='ocrx_word' id='word_1_208' title='bbox 2515 2619 2766 2672; x_wconf 90' lang='lat' dir='ltr'><strong>regnum</strong></span> <span class='ocrx_word' id='word_1_209' title='bbox 2806 2608 2867 2658; x_wconf 90' lang='lat' dir='ltr'><strong>et</strong></span> 
     </span>
    </p>
   </div>
   <div class='ocr_carea' id='block_1_7' title="bbox 414 2684 3172 3678">
    <p class='ocr_par' dir='ltr' id='par_1_7' title="bbox 414 2684 3172 3678">
     <span class='ocr_line' id='line_1_22' title="bbox 423 2684 2860 2761; baseline 0 -19"><span class='ocrx_word' id='word_1_210' title='bbox 423 2698 609 2761; x_wconf 64' lang='lat' dir='ltr'><strong>coum</strong></span> <span class='ocrx_word' id='word_1_211' title='bbox 642 2702 736 2751; x_wconf 86' lang='lat' dir='ltr'><strong>but</strong></span> <span class='ocrx_word' id='word_1_212' title='bbox 757 2687 1085 2757; x_wconf 78' lang='lat' dir='ltr'><strong>regnicolas</strong></span> <span class='ocrx_word' id='word_1_213' title='bbox 1142 2686 1354 2742; x_wconf 81' lang='lat' dir='ltr'><strong>Scotiae</strong></span> <span class='ocrx_word' id='word_1_214' title='bbox 1400 2703 1507 2757; x_wconf 90' lang='lat' dir='ltr'><strong>per</strong></span> <span class='ocrx_word' id='word_1_215' title='bbox 1547 2684 1910 2749; x_wconf 77' lang='lat' dir='ltr'><strong>cardinales,</strong></span> <span class='ocrx_word' id='word_1_216' title='bbox 1953 2686 2299 2741; x_wconf 87' lang='lat' dir='ltr'><strong>auctoritate</strong></span> <span class='ocrx_word' id='word_1_217' title='bbox 2336 2684 2534 2756; x_wconf 80' lang='lat' dir='ltr'><strong>Papoe,</strong></span> <span class='ocrx_word' id='word_1_218' title='bbox 2589 2686 2860 2742; x_wconf 85' lang='lat' dir='ltr'><strong>latarum.</strong></span> 
     </span>
     <span class='ocr_line' id='line_1_23' title="bbox 423 2766 2858 2841; baseline 0.001 -15"><span class='ocrx_word' id='word_1_219' title='bbox 423 2766 643 2832; x_wconf 76' lang='lat' dir='ltr'><strong>through</strong></span> <span class='ocrx_word' id='word_1_220' title='bbox 758 2770 977 2827; x_wconf 86' lang='lat' dir='ltr'><strong>Contra</strong></span> <span class='ocrx_word' id='word_1_221' title='bbox 1014 2788 1159 2841; x_wconf 87' lang='lat' dir='ltr'><strong>quos</strong></span> <span class='ocrx_word' id='word_1_222' title='bbox 1195 2770 1321 2825; x_wconf 84' lang='lat' dir='ltr'><strong>Rex</strong></span> <span class='ocrx_word' id='word_1_223' title='bbox 1342 2769 1578 2841; x_wconf 79' lang='lat' dir='ltr'><strong>Angliae</strong></span> <span class='ocrx_word' id='word_1_224' title='bbox 1616 2769 1783 2825; x_wconf 85' lang='lat' dir='ltr'><strong>misit</strong></span> <span class='ocrx_word' id='word_1_225' title='bbox 1817 2768 2127 2841; x_wconf 83' lang='lat' dir='ltr'><strong>quemdam</strong></span> <span class='ocrx_word' id='word_1_226' title='bbox 2160 2766 2183 2801; x_wconf 85' lang='lat'>⁸</span> <span class='ocrx_word' id='word_1_227' title='bbox 2196 2768 2525 2840; x_wconf 77' lang='lat' dir='ltr'><strong>simplicem</strong></span> <span class='ocrx_word' id='word_1_228' title='bbox 2559 2770 2858 2839; x_wconf 87' lang='lat' dir='ltr'><strong>clericum,</strong></span> 
     </span>
     <span class='ocr_line' id='line_1_24' title="bbox 420 2831 2861 2949; baseline 0.001 -40"><span class='ocrx_word' id='word_1_229' title='bbox 420 2831 732 2949; x_wconf 51' lang='lat' dir='ltr'><strong>ffretgssffley</strong></span> <span class='ocrx_word' id='word_1_230' title='bbox 756 2855 860 2924; x_wconf 89' lang='lat' dir='ltr'><strong>qui</strong></span> <span class='ocrx_word' id='word_1_231' title='bbox 907 2853 1122 2909; x_wconf 90' lang='lat' dir='ltr'><strong>obtulit</strong></span> <span class='ocrx_word' id='word_1_232' title='bbox 1168 2871 1231 2908; x_wconf 89' lang='lat' dir='ltr'><strong>se</strong></span> <span class='ocrx_word' id='word_1_233' title='bbox 1280 2869 1475 2908; x_wconf 86' lang='lat' dir='ltr'><strong>coram</strong></span> <span class='ocrx_word' id='word_1_234' title='bbox 1521 2852 1687 2924; x_wconf 90' lang='lat' dir='ltr'><strong>Papa</strong></span> <span class='ocrx_word' id='word_1_235' title='bbox 1731 2869 1803 2907; x_wconf 83' lang='lat' dir='ltr'><strong>ex</strong></span> <span class='ocrx_word' id='word_1_236' title='bbox 1865 2858 2031 2923; x_wconf 87' lang='lat' dir='ltr'><strong>parte</strong></span> <span class='ocrx_word' id='word_1_237' title='bbox 2079 2852 2265 2923; x_wconf 83' lang='lat' dir='ltr'><strong>Regis</strong></span> <span class='ocrx_word' id='word_1_238' title='bbox 2312 2853 2549 2923; x_wconf 81' lang='lat' dir='ltr'><strong>Angliae</strong></span> <span class='ocrx_word' id='word_1_239' title='bbox 2596 2853 2673 2909; x_wconf 84' lang='lat' dir='ltr'><strong>ad</strong></span> <span class='ocrx_word' id='word_1_240' title='bbox 2729 2873 2861 2926; x_wconf 89' lang='lat' dir='ltr'><strong>pro-</strong></span> 
     </span>
     <span class='ocr_line' id='line_1_25' title="bbox 419 2916 2860 3031; baseline 0.001 -39"><span class='ocrx_word' id='word_1_241' title='bbox 419 2916 645 3031; x_wconf 62' lang='lat' dir='ltr'>135„ng</span> <span class='ocrx_word' id='word_1_242' title='bbox 754 2936 1005 2992; x_wconf 88' lang='lat' dir='ltr'><strong>bandam</strong></span> <span class='ocrx_word' id='word_1_243' title='bbox 1033 2936 1340 2992; x_wconf 75' lang='lat' dir='ltr'><strong>Scotorum</strong></span> <span class='ocrx_word' id='word_1_244' title='bbox 1373 2936 1748 2992; x_wconf 76' lang='lat' dir='ltr'><strong>manifestam</strong></span> <span class='ocrx_word' id='word_1_245' title='bbox 1770 2941 1832 2991; x_wconf 88' lang='lat' dir='ltr'><strong>et</strong></span> <span class='ocrx_word' id='word_1_246' title='bbox 1863 2933 2154 2990; x_wconf 83' lang='lat' dir='ltr'><strong>notoriam</strong></span> <span class='ocrx_word' id='word_1_247' title='bbox 2177 2936 2476 3003; x_wconf 80' lang='lat' dir='ltr'><strong>offensam,</strong></span> <span class='ocrx_word' id='word_1_248' title='bbox 2513 2954 2631 2992; x_wconf 91' lang='lat' dir='ltr'><strong>non</strong></span> <span class='ocrx_word' id='word_1_249' title='bbox 2667 2938 2860 2994; x_wconf 89' lang='lat' dir='ltr'><strong>solum</strong></span> 
     </span>
     <span class='ocr_line' id='line_1_26' title="bbox 418 3018 2857 3097; baseline 0.001 -21"><span class='ocrx_word' id='word_1_250' title='bbox 418 3031 660 3097; x_wconf 63' lang='lat' dir='ltr'><strong>England</strong></span> <span class='ocrx_word' id='word_1_251' title='bbox 755 3027 958 3077; x_wconf 86' lang='lat' dir='ltr'><strong>contra</strong></span> <span class='ocrx_word' id='word_1_252' title='bbox 1003 3020 1228 3092; x_wconf 83' lang='lat' dir='ltr'><strong>Regem</strong></span> <span class='ocrx_word' id='word_1_253' title='bbox 1281 3025 1344 3075; x_wconf 90' lang='lat' dir='ltr'><strong>et</strong></span> <span class='ocrx_word' id='word_1_254' title='bbox 1387 3037 1638 3090; x_wconf 89' lang='lat' dir='ltr'><strong>regnum</strong></span> <span class='ocrx_word' id='word_1_255' title='bbox 1684 3018 1939 3090; x_wconf 81' lang='lat' dir='ltr'><strong>Anglioe‚</strong></span> <span class='ocrx_word' id='word_1_256' title='bbox 1992 3018 2096 3075; x_wconf 87' lang='lat' dir='ltr'><strong>sed</strong></span> <span class='ocrx_word' id='word_1_257' title='bbox 2156 3020 2334 3075; x_wconf 87' lang='lat' dir='ltr'><strong>etiam</strong></span> <span class='ocrx_word' id='word_1_258' title='bbox 2393 3027 2595 3076; x_wconf 89' lang='lat' dir='ltr'><strong>contra</strong></span> <span class='ocrx_word' id='word_1_259' title='bbox 2642 3020 2857 3078; x_wconf 84' lang='lat' dir='ltr'><strong>Sedem</strong></span> 
     </span>
     <span class='ocr_line' id='line_1_27' title="bbox 416 3097 2855 3175; baseline 0.006 -29"><span class='ocrx_word' id='word_1_260' title='bbox 416 3097 550 3174; x_wconf 61' lang='lat' dir='ltr'><strong>their</strong></span> <span class='ocrx_word' id='word_1_261' title='bbox 569 3100 734 3164; x_wconf 81' lang='lat' dir='ltr'><strong>object</strong></span> <span class='ocrx_word' id='word_1_262' title='bbox 754 3103 1170 3175; x_wconf 85' lang='lat' dir='ltr'><strong>Apostolicam,</strong></span> <span class='ocrx_word' id='word_1_263' title='bbox 1210 3102 1334 3157; x_wconf 89' lang='lat' dir='ltr'><strong>fore</strong></span> <span class='ocrx_word' id='word_1_264' title='bbox 1366 3108 1760 3167; x_wconf 80' lang='lat' dir='ltr'><strong>contractam3</strong></span> <span class='ocrx_word' id='word_1_265' title='bbox 1801 3102 1886 3158; x_wconf 91' lang='lat' dir='ltr'><strong>ita</strong></span> <span class='ocrx_word' id='word_1_266' title='bbox 1910 3100 2067 3173; x_wconf 89' lang='lat' dir='ltr'><strong>quod</strong></span> <span class='ocrx_word' id='word_1_267' title='bbox 2091 3109 2225 3158; x_wconf 87' lang='lat' dir='ltr'><strong>ante</strong></span> <span class='ocrx_word' id='word_1_268' title='bbox 2250 3102 2711 3159; x_wconf 76' lang='lat' dir='ltr'><strong>satisfactionem</strong></span> <span class='ocrx_word' id='word_1_269' title='bbox 2739 3124 2855 3161; x_wconf 91' lang='lat' dir='ltr'><strong>non</strong></span> 
     </span>
     <span class='ocr_line' id='line_1_28' title="bbox 417 3164 2854 3282; baseline 0.002 -40"><span class='ocrx_word' id='word_1_270' title='bbox 417 3164 614 3282; x_wconf 47' lang='lat'><strong>3²23*</strong></span> <span class='ocrx_word' id='word_1_271' title='bbox 753 3191 992 3259; x_wconf 84' lang='lat' dir='ltr'><strong>possent</strong></span> <span class='ocrx_word' id='word_1_272' title='bbox 1055 3186 1227 3241; x_wconf 82' lang='lat' dir='ltr'><strong>dictae</strong></span> <span class='ocrx_word' id='word_1_273' title='bbox 1292 3201 1553 3240; x_wconf 82' lang='lat' dir='ltr'><strong>censurae</strong></span> <span class='ocrx_word' id='word_1_274' title='bbox 1599 3184 1785 3240; x_wconf 84' lang='lat' dir='ltr'><strong>laxari</strong></span> <span class='ocrx_word' id='word_1_275' title='bbox 1831 3185 1905 3240; x_wconf 88' lang='lat' dir='ltr'><strong>de</strong></span> <span class='ocrx_word' id='word_1_276' title='bbox 1957 3185 2114 3257; x_wconf 83' lang='lat' dir='ltr'><strong>jure.</strong></span> <span class='ocrx_word' id='word_1_277' title='bbox 2224 3185 2605 3258; x_wconf 74' lang='lat' dir='ltr'><strong>contigitque</strong></span> <span class='ocrx_word' id='word_1_278' title='bbox 2652 3187 2854 3246; x_wconf 88' lang='lat' dir='ltr'><strong>clerici</strong></span> 
     </span>
     <span class='ocr_line' id='line_1_29' title="bbox 583 3260 2590 3341; baseline 0 -15"><span class='ocrx_word' id='word_1_279' title='bbox 583 3270 596 3283; x_wconf 88' lang='grc'><em>“</em></span> <span class='ocrx_word' id='word_1_280' title='bbox 753 3270 894 3326; x_wconf 86' lang='lat' dir='ltr'><strong>dicti</strong></span> <span class='ocrx_word' id='word_1_281' title='bbox 935 3270 1261 3341; x_wconf 87' lang='lat' dir='ltr'><strong>diligentia,</strong></span> <span class='ocrx_word' id='word_1_282' title='bbox 1313 3267 1471 3340; x_wconf 90' lang='lat' dir='ltr'><strong>quod</strong></span> <span class='ocrx_word' id='word_1_283' title='bbox 1518 3267 1680 3325; x_wconf 87' lang='lat' dir='ltr'><strong>Scoti</strong></span> <span class='ocrx_word' id='word_1_284' title='bbox 1728 3268 1942 3325; x_wconf 88' lang='lat' dir='ltr'><strong>infecto</strong></span> <span class='ocrx_word' id='word_1_285' title='bbox 1982 3260 2226 3340; x_wconf 78' lang='lat' dir='ltr'><strong>&#39;negotio</strong></span> <span class='ocrx_word' id='word_1_286' title='bbox 2273 3269 2590 3327; x_wconf 86' lang='lat' dir='ltr'><strong>redierunt.</strong></span> 
     </span>
     <span class='ocr_line' id='line_1_30' title="bbox 417 3352 3139 3426; baseline 0.003 -20"><span class='ocrx_word' id='word_1_287' title='bbox 417 3356 530 3407; x_wconf 85' lang='lat' dir='ltr'><strong>The</strong></span> <span class='ocrx_word' id='word_1_288' title='bbox 820 3354 938 3409; x_wconf 90' lang='lat' dir='ltr'><strong>Per</strong></span> <span class='ocrx_word' id='word_1_289' title='bbox 987 3353 1144 3409; x_wconf 90' lang='lat' dir='ltr'><strong>idem</strong></span> <span class='ocrx_word' id='word_1_290' title='bbox 1194 3359 1446 3424; x_wconf 86' lang='lat' dir='ltr'><strong>tempus,</strong></span> <span class='ocrx_word' id='word_1_291' title='bbox 1500 3352 1767 3408; x_wconf 82' lang='lat' dir='ltr'><strong>Andreas</strong></span> <span class='ocrx_word' id='word_1_292' title='bbox 1820 3352 2060 3418; x_wconf 87' lang='lat' dir='ltr'><strong>Hercle,</strong></span> <span class='ocrx_word' id='word_1_293' title='bbox 2116 3352 2191 3407; x_wconf 88' lang='lat' dir='ltr'><strong>de</strong></span> <span class='ocrx_word' id='word_1_294' title='bbox 2249 3354 2432 3426; x_wconf 90' lang='lat' dir='ltr'><strong>probo</strong></span> <span class='ocrx_word' id='word_1_295' title='bbox 2491 3355 2682 3412; x_wconf 82' lang='lat' dir='ltr'><strong>factus</strong></span> <span class='ocrx_word' id='word_1_296' title='bbox 2743 3357 2849 3412; x_wconf 91' lang='lat' dir='ltr'><strong>im·</strong></span> <span class='ocrx_word' id='word_1_297' title='bbox 2873 3366 2983 3419; x_wconf 78' lang='lat' dir='ltr'><strong>MS.</strong></span> <span class='ocrx_word' id='word_1_298' title='bbox 3007 3368 3139 3420; x_wconf 74' lang='lat' dir='ltr'><strong>Bibl,</strong></span> 
     </span>
     <span class='ocr_line' id='line_1_31' title="bbox 414 3427 3081 3544; baseline 0.002 -52"><span class='ocrx_word' id='word_1_299' title='bbox 414 3427 725 3544; x_wconf 48' lang='lat' dir='ltr'><strong>gifflffffi</strong></span> <span class='ocrx_word' id='word_1_300' title='bbox 748 3439 985 3510; x_wconf 87' lang='lat' dir='ltr'><strong>probus,</strong></span> <span class='ocrx_word' id='word_1_301' title='bbox 1024 3437 1243 3492; x_wconf 80' lang='lat' dir='ltr'><strong>levavit</strong></span> <span class='ocrx_word' id='word_1_302' title='bbox 1274 3437 1610 3492; x_wconf 87' lang='lat' dir='ltr'><strong>calcaneum</strong></span> <span class='ocrx_word' id='word_1_303' title='bbox 1645 3443 1847 3492; x_wconf 88' lang='lat' dir='ltr'><strong>contra</strong></span> <span class='ocrx_word' id='word_1_304' title='bbox 1892 3437 2138 3508; x_wconf 84' lang='lat' dir='ltr'><strong>Regem,</strong></span> <span class='ocrx_word' id='word_1_305' title='bbox 2179 3437 2281 3507; x_wconf 90' lang='lat' dir='ltr'><strong>qui</strong></span> <span class='ocrx_word' id='word_1_306' title='bbox 2317 3437 2488 3493; x_wconf 90' lang='lat' dir='ltr'><strong>illum</strong></span> <span class='ocrx_word' id='word_1_307' title='bbox 2523 3438 2595 3494; x_wconf 88' lang='lat' dir='ltr'><strong>de</strong></span> <span class='ocrx_word' id='word_1_308' title='bbox 2631 3441 2848 3512; x_wconf 86' lang='lat' dir='ltr'><strong>pusillo</strong></span> <span class='ocrx_word' id='word_1_309' title='bbox 2871 3434 2995 3512; x_wconf 61' lang='lat' dir='ltr'>130ss·</span> <span class='ocrx_word' id='word_1_310' title='bbox 3021 3440 3081 3486; x_wconf 79' lang='lat'><strong>¹³</strong></span> 
     </span>
     <span class='ocr_line' id='line_1_32' title="bbox 414 3501 3023 3609; baseline 0.001 -32"><span class='ocrx_word' id='word_1_311' title='bbox 414 3504 606 3609; x_wconf 46' lang='lat' dir='ltr'><strong>ngcla</strong></span> <span class='ocrx_word' id='word_1_312' title='bbox 747 3539 1029 3593; x_wconf 88' lang='lat' dir='ltr'><strong>magnum</strong></span> <span class='ocrx_word' id='word_1_313' title='bbox 1075 3521 1096 3553; x_wconf 87' lang='lat'><strong>⁴</strong></span> <span class='ocrx_word' id='word_1_314' title='bbox 1114 3528 1429 3585; x_wconf 85' lang='lat' dir='ltr'><strong>creaverat,</strong></span> <span class='ocrx_word' id='word_1_315' title='bbox 1484 3525 1545 3576; x_wconf 89' lang='lat' dir='ltr'><strong>et</strong></span> <span class='ocrx_word' id='word_1_316' title='bbox 1592 3521 1813 3576; x_wconf 84' lang='lat' dir='ltr'><strong>fecerat</strong></span> <span class='ocrx_word' id='word_1_317' title='bbox 1860 3520 1915 3576; x_wconf 91' lang='lat' dir='ltr'><strong>ei</strong></span> <span class='ocrx_word' id='word_1_318' title='bbox 1968 3537 2179 3576; x_wconf 89' lang='lat' dir='ltr'><strong>nomen</strong></span> <span class='ocrx_word' id='word_1_319' title='bbox 2223 3521 2396 3593; x_wconf 86' lang='lat' dir='ltr'><strong>juxta</strong></span> <span class='ocrx_word' id='word_1_320' title='bbox 2440 3540 2650 3579; x_wconf 91' lang='lat' dir='ltr'><strong>nomen</strong></span> <span class='ocrx_word' id='word_1_321' title='bbox 2685 3542 2848 3596; x_wconf 88' lang='lat' dir='ltr'><strong>mag-</strong></span> <span class='ocrx_word' id='word_1_322' title='bbox 2869 3501 2928 3551; x_wconf 70' lang='lat' dir='ltr'><strong>E·</strong></span> <span class='ocrx_word' id='word_1_323' title='bbox 2951 3516 3023 3552; x_wconf 79' lang='lat'><strong>¹¹·</strong></span> 
     </span>
     <span class='ocr_line' id='line_1_33' title="bbox 607 3596 3172 3678; baseline 0.002 -16"><span class='ocrx_word' id='word_1_324' title='bbox 607 3596 620 3609; x_wconf 77' lang='grc'><em>’</em></span> <span class='ocrx_word' id='word_1_325' title='bbox 746 3623 955 3662; x_wconf 86' lang='lat' dir='ltr'><strong>norum</strong></span> <span class='ocrx_word' id='word_1_326' title='bbox 997 3605 1099 3676; x_wconf 83' lang='lat' dir='ltr'><strong>qui</strong></span> <span class='ocrx_word' id='word_1_327' title='bbox 1142 3610 1279 3661; x_wconf 88' lang='lat' dir='ltr'><strong>sunt</strong></span> <span class='ocrx_word' id='word_1_328' title='bbox 1313 3605 1377 3659; x_wconf 90' lang='lat' dir='ltr'><strong>in</strong></span> <span class='ocrx_word' id='word_1_329' title='bbox 1416 3611 1590 3660; x_wconf 88' lang='lat' dir='ltr'><strong>terra.</strong></span> <span class='ocrx_word' id='word_1_330' title='bbox 1684 3604 1988 3675; x_wconf 82' lang='lat' dir='ltr'><strong>Siquidem</strong></span> <span class='ocrx_word' id='word_1_331' title='bbox 2037 3623 2172 3660; x_wconf 91' lang='lat' dir='ltr'><strong>cum</strong></span> <span class='ocrx_word' id='word_1_332' title='bbox 2220 3605 2412 3662; x_wconf 87' lang='lat' dir='ltr'><strong>dictus</strong></span> <span class='ocrx_word' id='word_1_333' title='bbox 2457 3605 2724 3665; x_wconf 85' lang='lat' dir='ltr'><strong>Andreas</strong></span> <span class='ocrx_word' id='word_1_334' title='bbox 2772 3609 2849 3665; x_wconf 84' lang='lat' dir='ltr'><strong>ad</strong></span> <span class='ocrx_word' id='word_1_335' title='bbox 2872 3616 3172 3678; x_wconf 74' lang='lat' dir='ltr'><strong>Trokelove,</strong></span> 
     </span>
    </p>
   </div>
   <div class='ocr_carea' id='block_1_8' title="bbox 744 3689 3021 3762">
    <p class='ocr_par' dir='ltr' id='par_1_8' title="bbox 744 3689 3021 3762">
     <span class='ocr_line' id='line_1_34' title="bbox 744 3689 3021 3762; baseline -0 -14"><span class='ocrx_word' id='word_1_336' title='bbox 744 3692 990 3748; x_wconf 79' lang='lat' dir='ltr'><strong>Pontem</strong></span> <span class='ocrx_word' id='word_1_337' title='bbox 1044 3690 1235 3762; x_wconf 91' lang='lat' dir='ltr'><strong>Burgi</strong></span> <span class='ocrx_word' id='word_1_338' title='bbox 1287 3689 1545 3746; x_wconf 74' lang='lat' dir='ltr'><strong>Bai-ones</strong></span> <span class='ocrx_word' id='word_1_339' title='bbox 1595 3708 1632 3745; x_wconf 93' lang='lat' dir='ltr'><strong>a</strong></span> <span class='ocrx_word' id='word_1_340' title='bbox 1683 3690 1832 3745; x_wconf 87' lang='lat' dir='ltr'><strong>facie</strong></span> <span class='ocrx_word' id='word_1_341' title='bbox 1882 3689 2066 3762; x_wconf 85' lang='lat' dir='ltr'><strong>Regis</strong></span> <span class='ocrx_word' id='word_1_342' title='bbox 2118 3691 2413 3762; x_wconf 87' lang='lat' dir='ltr'><strong>fugientes</strong></span> <span class='ocrx_word' id='word_1_343' title='bbox 2462 3693 2715 3749; x_wconf 84' lang='lat' dir='ltr'><strong>viriliter</strong></span> <span class='ocrx_word' id='word_1_344' title='bbox 2750 3713 2845 3751; x_wconf 82' lang='lat' dir='ltr'><strong>ex·</strong></span> <span class='ocrx_word' id='word_1_345' title='bbox 2871 3698 2918 3748; x_wconf 82' lang='lat'><strong>1²·</strong></span> <span class='ocrx_word' id='word_1_346' title='bbox 2944 3689 3021 3734; x_wconf 76' lang='lat'><strong>⁶⁵·</strong></span> 
     </span>
    </p>
   </div>
   <div class='ocr_carea' id='block_1_9' title="bbox 743 3749 3130 3933">
    <p class='ocr_par' dir='ltr' id='par_1_9' title="bbox 743 3749 3130 3933">
     <span class='ocr_line' id='line_1_35' title="bbox 743 3749 3130 3895; baseline -0.014 -62"><span class='ocrx_word' id='word_1_347' title='bbox 743 3777 1014 3848; x_wconf 88' lang='lat' dir='ltr'><strong>cepisset,</strong></span> <span class='ocrx_word' id='word_1_348' title='bbox 1046 3780 1109 3830; x_wconf 90' lang='lat' dir='ltr'><strong>et</strong></span> <span class='ocrx_word' id='word_1_349' title='bbox 1141 3773 1527 3830; x_wconf 86' lang='lat' dir='ltr'><strong>Humfridum</strong></span> <span class='ocrx_word' id='word_1_350' title='bbox 1562 3774 1635 3830; x_wconf 90' lang='lat' dir='ltr'><strong>de</strong></span> <span class='ocrx_word' id='word_1_351' title='bbox 1673 3774 1841 3829; x_wconf 91' lang='lat' dir='ltr'><strong>Boun</strong></span> <span class='ocrx_word' id='word_1_352' title='bbox 1875 3791 1981 3845; x_wconf 89' lang='lat' dir='ltr'><strong>per</strong></span> <span class='ocrx_word' id='word_1_353' title='bbox 2017 3792 2174 3840; x_wconf 83' lang='lat' dir='ltr'><strong>suos,</strong></span> <span class='ocrx_word' id='word_1_354' title='bbox 2213 3781 2283 3831; x_wconf 90' lang='lat' dir='ltr'><strong>ut</strong></span> <span class='ocrx_word' id='word_1_355' title='bbox 2314 3777 2645 3848; x_wconf 68' lang='lat' dir='ltr'><strong>praefertur,</strong></span> <span class='ocrx_word' id='word_1_356' title='bbox 2683 3797 2847 3850; x_wconf 65' lang='lat' dir='ltr'><strong>pere,</strong></span> <span class='ocrx_word' id='word_1_357' title='bbox 2869 3750 2981 3895; x_wconf 46' lang='grc' dir='ltr'><strong>ἕαδε</strong></span> <span class='ocrx_word' id='word_1_358' title='bbox 3003 3749 3130 3867; x_wconf 52' lang='grc' dir='ltr'><strong>ῙΙΞΞΒΙ.</strong></span> 
     </span>
     <span class='ocr_line' id='line_1_36' title="bbox 2865 3883 2925 3933; baseline 0 0"><span class='ocrx_word' id='word_1_359' title='bbox 2865 3883 2925 3933; x_wconf 81' lang='lat' dir='ltr'><strong>E.</strong></span> 
     </span>
    </p>
   </div>
   <div class='ocr_carea' id='block_1_10' title="bbox 740 3857 3016 4270">
    <p class='ocr_par' dir='ltr' id='par_1_10' title="bbox 740 3854 3016 4270">
     <span class='ocr_line' id='line_1_37' title="bbox 742 3857 3016 3935; baseline 0.001 -19"><span class='ocrx_word' id='word_1_360' title='bbox 742 3861 966 3925; x_wconf 84' lang='lat' dir='ltr'><strong>misset,</strong></span> <span class='ocrx_word' id='word_1_361' title='bbox 1006 3864 1068 3915; x_wconf 89' lang='lat' dir='ltr'><strong>et</strong></span> <span class='ocrx_word' id='word_1_362' title='bbox 1100 3858 1399 3923; x_wconf 78' lang='lat' dir='ltr'><strong>Thomam,</strong></span> <span class='ocrx_word' id='word_1_363' title='bbox 1446 3857 1736 3914; x_wconf 83' lang='lat' dir='ltr'><strong>Comitem</strong></span> <span class='ocrx_word' id='word_1_364' title='bbox 1790 3858 2166 3924; x_wconf 78' lang='lat' dir='ltr'><strong>Lancastriae,</strong></span> <span class='ocrx_word' id='word_1_365' title='bbox 2220 3865 2496 3931; x_wconf 88' lang='lat' dir='ltr'><strong>tanquam</strong></span> <span class='ocrx_word' id='word_1_366' title='bbox 2545 3863 2844 3935; x_wconf 85' lang='lat' dir='ltr'><strong>captivum</strong></span> <span class='ocrx_word' id='word_1_367' title='bbox 2946 3897 3016 3934; x_wconf 66' lang='lat'><strong>11,</strong></span> 
     </span>
     <span class='ocr_line' id='line_1_38' title="bbox 743 3941 2845 4017; baseline 0.001 -17"><span class='ocrx_word' id='word_1_368' title='bbox 743 3945 1014 4016; x_wconf 89' lang='lat' dir='ltr'><strong>cepisset,</strong></span> <span class='ocrx_word' id='word_1_369' title='bbox 1065 3941 1327 4013; x_wconf 89' lang='lat' dir='ltr'><strong>reliquos</strong></span> <span class='ocrx_word' id='word_1_370' title='bbox 1388 3958 1529 3997; x_wconf 80' lang='lat' dir='ltr'><strong>vero</strong></span> <span class='ocrx_word' id='word_1_371' title='bbox 1576 3942 1845 4014; x_wconf 87' lang='lat' dir='ltr'><strong>fugasset</strong></span> <span class='ocrx_word' id='word_1_372' title='bbox 1889 3942 1986 4000; x_wconf 82' lang='lat' dir='ltr'><strong>vel</strong></span> <span class='ocrx_word' id='word_1_373' title='bbox 2032 3942 2345 3999; x_wconf 88' lang='lat' dir='ltr'><strong>occidisset</strong></span> <span class='ocrx_word' id='word_1_374' title='bbox 2389 3962 2496 4017; x_wconf 88' lang='lat' dir='ltr'><strong>pro</strong></span> <span class='ocrx_word' id='word_1_375' title='bbox 2542 3945 2732 4011; x_wconf 89' lang='lat' dir='ltr'><strong>libito,</strong></span> <span class='ocrx_word' id='word_1_376' title='bbox 2783 3955 2845 4003; x_wconf 91' lang='lat' dir='ltr'><strong>et</strong></span> 
     </span>
     <span class='ocr_line' id='line_1_39' title="bbox 742 4025 2846 4101; baseline 0.002 -18"><span class='ocrx_word' id='word_1_377' title='bbox 742 4045 878 4083; x_wconf 88' lang='lat' dir='ltr'><strong>cum</strong></span> <span class='ocrx_word' id='word_1_378' title='bbox 900 4044 1117 4098; x_wconf 89' lang='lat' dir='ltr'><strong>magna</strong></span> <span class='ocrx_word' id='word_1_379' title='bbox 1137 4042 1350 4098; x_wconf 91' lang='lat' dir='ltr'><strong>pompa</strong></span> <span class='ocrx_word' id='word_1_380' title='bbox 1369 4042 1406 4079; x_wconf 92' lang='lat' dir='ltr'><strong>a</strong></span> <span class='ocrx_word' id='word_1_381' title='bbox 1427 4025 1593 4095; x_wconf 83' lang='lat' dir='ltr'><strong>Rege</strong></span> <span class='ocrx_word' id='word_1_382' title='bbox 1617 4032 1890 4098; x_wconf 88' lang='lat' dir='ltr'><strong>acceptus</strong></span> <span class='ocrx_word' id='word_1_383' title='bbox 1927 4025 2153 4093; x_wconf 87' lang='lat' dir='ltr'><strong>fuisset,</strong></span> <span class='ocrx_word' id='word_1_384' title='bbox 2193 4033 2256 4084; x_wconf 90' lang='lat' dir='ltr'><strong>et</strong></span> <span class='ocrx_word' id='word_1_385' title='bbox 2288 4045 2395 4101; x_wconf 90' lang='lat' dir='ltr'><strong>pro</strong></span> <span class='ocrx_word' id='word_1_386' title='bbox 2416 4034 2579 4085; x_wconf 88' lang='lat' dir='ltr'><strong>tanta</strong></span> <span class='ocrx_word' id='word_1_387' title='bbox 2600 4029 2846 4086; x_wconf 83' lang='lat' dir='ltr'><strong>victoria</strong></span> 
     </span>
     <span class='ocr_line' id='line_1_40' title="bbox 743 4108 2842 4183; baseline 0.001 -16"><span class='ocrx_word' id='word_1_388' title='bbox 743 4111 1027 4183; x_wconf 81' lang='lat' dir='ltr'><strong>cogitavit</strong></span> <span class='ocrx_word' id='word_1_389' title='bbox 1059 4109 1188 4165; x_wconf 82' lang='lat' dir='ltr'><strong>Rex</strong></span> <span class='ocrx_word' id='word_1_390' title='bbox 1224 4108 1478 4180; x_wconf 89' lang='lat' dir='ltr'><strong>qualiter</strong></span> <span class='ocrx_word' id='word_1_391' title='bbox 1525 4108 1705 4164; x_wconf 85' lang='lat' dir='ltr'><strong>talem</strong></span> <span class='ocrx_word' id='word_1_392' title='bbox 1753 4110 1951 4166; x_wconf 82' lang='lat' dir='ltr'><strong>virum</strong></span> <span class='ocrx_word' id='word_1_393' title='bbox 1999 4117 2199 4183; x_wconf 88' lang='lat' dir='ltr'><strong>posset</strong></span> <span class='ocrx_word' id='word_1_394' title='bbox 2247 4112 2487 4168; x_wconf 87' lang='lat' dir='ltr'><strong>uberius</strong></span> <span class='ocrx_word' id='word_1_395' title='bbox 2522 4113 2842 4181; x_wconf 88' lang='lat' dir='ltr'><strong>honorare;</strong></span> 
     </span>
     <span class='ocr_line' id='line_1_41' title="bbox 740 4192 2845 4270; baseline 0.002 -19"><span class='ocrx_word' id='word_1_396' title='bbox 740 4196 975 4251; x_wconf 88' lang='lat' dir='ltr'><strong>tandem</strong></span> <span class='ocrx_word' id='word_1_397' title='bbox 1013 4193 1334 4250; x_wconf 87' lang='lat' dir='ltr'><strong>deliberato</strong></span> <span class='ocrx_word' id='word_1_398' title='bbox 1372 4192 1634 4258; x_wconf 84' lang='lat' dir='ltr'><strong>consilio,</strong></span> <span class='ocrx_word' id='word_1_399' title='bbox 1674 4194 1928 4266; x_wconf 88' lang='lat' dir='ltr'><strong>propriis</strong></span> <span class='ocrx_word' id='word_1_400' title='bbox 1963 4195 2234 4252; x_wconf 88' lang='lat' dir='ltr'><strong>manibus</strong></span> <span class='ocrx_word' id='word_1_401' title='bbox 2273 4213 2409 4251; x_wconf 87' lang='lat' dir='ltr'><strong>eum</strong></span> <span class='ocrx_word' id='word_1_402' title='bbox 2443 4197 2627 4254; x_wconf 81' lang='lat' dir='ltr'><strong>cinxit</strong></span> <span class='ocrx_word' id='word_1_403' title='bbox 2647 4197 2845 4270; x_wconf 88' lang='lat' dir='ltr'><strong>gladio</strong></span> 
     </span>
    </p>
   </div>
   <div class='ocr_carea' id='block_1_11' title="bbox 1646 4351 1866 4361">
    <p class='ocr_par' dir='ltr' id='par_1_11' title="bbox 1646 4351 1866 4361">
     <span class='ocr_line' id='line_1_42' title="bbox 1646 4351 1866 4361; baseline 0 1256"><span class='ocrx_word' id='word_1_404' title='bbox 1646 4351 1866 4361; x_wconf 95' lang='lat' dir='ltr'><strong> </strong></span> 
     </span>
    </p>
   </div>
   <div class='ocr_carea' id='block_1_12' title="bbox 735 4434 2855 4743">
    <p class='ocr_par' dir='ltr' id='par_1_12' title="bbox 735 4434 2855 4648">
     <span class='ocr_line' id='line_1_43' title="bbox 806 4434 2845 4504; baseline 0.003 -16"><span class='ocrx_word' id='word_1_405' title='bbox 806 4440 820 4469; x_wconf 90' lang='lat'>¹</span> <span class='ocrx_word' id='word_1_406' title='bbox 843 4438 949 4488; x_wconf 86' lang='lat' dir='ltr'><strong>For</strong></span> <span class='ocrx_word' id='word_1_407' title='bbox 968 4435 1070 4486; x_wconf 85' lang='lat' dir='ltr'><strong>this</strong></span> <span class='ocrx_word' id='word_1_408' title='bbox 1104 4441 1333 4496; x_wconf 81' lang='lat' dir='ltr'><strong>account,</strong></span> <span class='ocrx_word' id='word_1_409' title='bbox 1368 4435 1449 4486; x_wconf 86' lang='lat' dir='ltr'><strong>De</strong></span> <span class='ocrx_word' id='word_1_410' title='bbox 1483 4434 1537 4485; x_wconf 84' lang='lat' dir='ltr'><strong>la</strong></span> <span class='ocrx_word' id='word_1_411' title='bbox 1573 4434 1739 4495; x_wconf 81' lang='lat' dir='ltr'><strong>Moor,</strong></span> <span class='ocrx_word' id='word_1_412' title='bbox 1907 4437 1928 4466; x_wconf 86' lang='lat'>⁸</span> <span class='ocrx_word' id='word_1_413' title='bbox 1950 4435 2080 4487; x_wconf 84' lang='lat' dir='ltr'><strong>This</strong></span> <span class='ocrx_word' id='word_1_414' title='bbox 2100 4436 2242 4487; x_wconf 87' lang='lat' dir='ltr'><strong>clerk</strong></span> <span class='ocrx_word' id='word_1_415' title='bbox 2263 4452 2471 4504; x_wconf 79' lang='lat' dir='ltr'><strong>appears</strong></span> <span class='ocrx_word' id='word_1_416' title='bbox 2492 4446 2546 4490; x_wconf 80' lang='lat' dir='ltr'><strong>to</strong></span> <span class='ocrx_word' id='word_1_417' title='bbox 2568 4439 2699 4492; x_wconf 84' lang='lat' dir='ltr'><strong>have</strong></span> <span class='ocrx_word' id='word_1_418' title='bbox 2719 4442 2845 4495; x_wconf 86' lang='lat' dir='ltr'><strong>been</strong></span> 
     </span>
     <span class='ocr_line' id='line_1_44' title="bbox 735 4513 2855 4585; baseline 0.003 -19"><span class='ocrx_word' id='word_1_419' title='bbox 735 4519 810 4581; x_wconf 88' lang='lat' dir='ltr'><strong>(p.</strong></span> <span class='ocrx_word' id='word_1_420' title='bbox 859 4516 982 4578; x_wconf 76' lang='lat'>596)</span> <span class='ocrx_word' id='word_1_421' title='bbox 1024 4530 1143 4579; x_wconf 82' lang='lat' dir='ltr'><strong>may</strong></span> <span class='ocrx_word' id='word_1_422' title='bbox 1187 4516 1294 4565; x_wconf 83' lang='lat' dir='ltr'><strong>also</strong></span> <span class='ocrx_word' id='word_1_423' title='bbox 1338 4514 1563 4580; x_wconf 77' lang='lat' dir='ltr'><strong>possibly</strong></span> <span class='ocrx_word' id='word_1_424' title='bbox 1604 4513 1739 4565; x_wconf 80' lang='lat' dir='ltr'><strong>have</strong></span> <span class='ocrx_word' id='word_1_425' title='bbox 1842 4515 2123 4567; x_wconf 82' lang='lat' dir='ltr'><strong>Murimuth</strong></span> <span class='ocrx_word' id='word_1_426' title='bbox 2169 4517 2388 4570; x_wconf 80' lang='lat' dir='ltr'><strong>himself.</strong></span> <span class='ocrx_word' id='word_1_427' title='bbox 2454 4520 2550 4572; x_wconf 86' lang='lat' dir='ltr'><strong>See</strong></span> <span class='ocrx_word' id='word_1_428' title='bbox 2587 4535 2638 4585; x_wconf 84' lang='lat' dir='ltr'><strong>p.</strong></span> <span class='ocrx_word' id='word_1_429' title='bbox 2683 4526 2741 4572; x_wconf 75' lang='lat'><strong>41</strong></span> <span class='ocrx_word' id='word_1_430' title='bbox 2792 4524 2855 4574; x_wconf 85' lang='lat' dir='ltr'><strong>of</strong></span> 
     </span>
     <span class='ocr_line' id='line_1_45' title="bbox 736 4593 2232 4648; baseline 0.001 -1"><span class='ocrx_word' id='word_1_431' title='bbox 736 4598 862 4647; x_wconf 85' lang='lat' dir='ltr'><strong>been</strong></span> <span class='ocrx_word' id='word_1_432' title='bbox 895 4594 1173 4644; x_wconf 70' lang='lat' dir='ltr'><strong>constilted.</strong></span> <span class='ocrx_word' id='word_1_433' title='bbox 1839 4593 1921 4644; x_wconf 84' lang='lat' dir='ltr'><strong>his</strong></span> <span class='ocrx_word' id='word_1_434' title='bbox 1943 4595 2232 4648; x_wconf 86' lang='lat' dir='ltr'><strong>Chronicle.</strong></span> 
     </span>
    </p>

    <p class='ocr_par' dir='ltr' id='par_1_13' title="bbox 800 4671 2712 4743">
     <span class='ocr_line' id='line_1_46' title="bbox 800 4671 2712 4743; baseline 0.003 -18"><span class='ocrx_word' id='word_1_435' title='bbox 800 4678 820 4706; x_wconf 77' lang='lat'><strong>²</strong></span> <span class='ocrx_word' id='word_1_436' title='bbox 841 4671 1056 4725; x_wconf 70' lang='lat' dir='ltr'><strong>Beove&#39;ue</strong></span> <span class='ocrx_word' id='word_1_437' title='bbox 1076 4671 1132 4722; x_wconf 89' lang='lat' dir='ltr'><strong>in</strong></span> <span class='ocrx_word' id='word_1_438' title='bbox 1154 4672 1447 4724; x_wconf 78' lang='lat' dir='ltr'><strong>Murimuth.</strong></span> <span class='ocrx_word' id='word_1_439' title='bbox 1907 4675 1923 4705; x_wconf 81' lang='lat'><strong>⁴</strong></span> <span class='ocrx_word' id='word_1_440' title='bbox 1943 4677 2132 4726; x_wconf 74' lang='lat' dir='ltr'><strong>creavit</strong></span> <span class='ocrx_word' id='word_1_441' title='bbox 2150 4676 2206 4726; x_wconf 91' lang='lat' dir='ltr'><strong>in</strong></span> <span class='ocrx_word' id='word_1_442' title='bbox 2229 4676 2315 4727; x_wconf 79' lang='lat' dir='ltr'><strong>the</strong></span> <span class='ocrx_word' id='word_1_443' title='bbox 2336 4677 2539 4743; x_wconf 79' lang='lat' dir='ltr'><strong>printed</strong></span> <span class='ocrx_word' id='word_1_444' title='bbox 2561 4685 2712 4731; x_wconf 68' lang='lat' dir='ltr'><strong>texts.</strong></span> 
     </span>
    </p>
   </div>
  </div>
 </body>
</html>
