3300 5617
533 1001 669 1054 A.D.

446 1071 533 1121 127
543 1069 753 1121 7-1278.

442 3184 554 3239 The
576 3190 717 3244 Jews

442 3257 688 3315 punished

444 3326 522 3375 for
545 3327 672 3393 clip-

442 3392 566 3471 piss
588 3398 674 3464 the

443 3474 574 3508 com.

444 3543 751 3598 Parliament

442 3617 496 3658 at
521 3611 681 3662 Glou-

442 3686 617 3729 cester.

444 3804 660 3856 Edward

443 3885 635 3923 crosses

443 3953 565 3988 over
586 3948 641 3990 to

444 4005 659 4061 France.

776 793 861 857 18
1453 801 1714 852 THOMAE
1757 795 2230 852 WALsmonAM

775 993 985 1059 factus,
1024 991 1088 1047 in
1140 993 1258 1048 ista
1305 1007 1524 1064 guerra
1556 989 1630 1045 ob
1666 989 2018 1062 probitatem
2069 994 2132 1046 et
2163 989 2509 1047 fidelitatem
2545 1007 2710 1046 suam
2744 985 2875 1063 plu·
2896 979 3172 1057 Rlsshfflssff·

778 1077 995 1132 rimum
1032 1082 1159 1132 erat
1196 1075 1350 1148 Regi
1388 1081 1699 1146 aceeptus:
1740 1074 1895 1130 unde
1931 1081 1993 1130 et
2027 1074 2220 1130 eidem
2258 1081 2517 1131 castrum
2542 1075 2614 1130 de
2639 1073 2872 1146 Dymby
2899 1046 3013 1162 ἕξ·
3039 1046 3153 1162 Ῑῗὲω·

774 1160 1110 1234 ¹[contulit]
1150 1160 1215 1215 in
1248 1159 1482 1224 wallia,
1523 1177 1661 1215 cum
1713 1160 1891 1215 terris
1942 1159 2018 1215 ad
2061 1159 2323 1215 valorem
2373 1159 2538 1214 mille
2589 1159 2873 1214 librarum
2900 1180 2960 1230 E.
2976 1127 3059 1230 fx

775 1245 953 1301 annui
991 1244 1291 1311 redditus,
1347 1244 1591 1316 insuper
1632 1249 1695 1300 et
1731 1261 1974 1299 uxorem
2012 1243 2178 1300 dedit
2212 1243 2397 1299 filiam
2436 1243 2682 1299 Comitis
2728 1243 2873 1297 Der-

772 1330 958 1400 beym,
988 1346 1119 1400 quae
1154 1346 1341 1399 nuper
1377 1328 1492 1394 alio
1514 1329 1646 1384 viro
1672 1328 1866 1383 suerat
1889 1327 2147 1384 viduata.
2221 1326 2469 1382 Owenus
2494 1343 2637 1398 ergo
2673 1327 2872 1382 favore

772 1416 939 1486 regio
961 1414 1247 1469 liberatur
1283 1431 1319 1468 a
1351 1431 1604 1477 carcere,
1632 1429 1810 1484 quem
1847 1413 2110 1485 fregerat
2142 1412 2319 1483 paulo
2343 1417 2495 1467 ante.
2551 1410 2872 1465 Roderieus

773 1516 934 1563 vero,
974 1499 1217 1553 fratrem
1272 1497 1528 1568 fugiens,
1567 1498 1631 1552 in
1665 1497 1889 1568 Anglia
1948 1497 2304 1553 morabatur.
2380 1496 2506 1550 Rex
2559 1500 2754 1552 autem
2813 1496 2873 1550 in

775 1581 1134 1639 Occidentali
1202 1581 1420 1637 Wallia
1485 1581 1643 1654 apud
1696 1581 2025 1653 Lampader
2094 1580 2279 1645 Vaur,
2348 1579 2424 1635 ad
2489 1580 2873 1636 cohibendum

774 1667 1132 1739 irruptiones
1155 1665 1565 1732 wallensium,
1606 1671 1868 1721 castrum
1904 1665 2233 1722 construxit
2265 1665 2518 1736 insigne.

846 1749 921 1806 In
957 1750 1287 1807 subsidium
1321 1751 1499 1822 hujus
1522 1767 1746 1816 werrae,
1786 1766 2064 1807 concessa
2096 1756 2191 1806 est
2218 1748 2373 1822 Regi
2406 1766 2442 1805 a
2474 1749 2690 1822 populo
2723 1750 2875 1807 vice—

775 1835 927 1891 sima
959 1852 1098 1907 pars
1151 1834 1460 1891 bonorum.

843 1919 1084 1975 Transit
1118 1936 1303 1976 annus
1338 1919 1453 1976 iste
1506 1919 1762 1992 frugifer
1816 1924 1878 1976 et
1925 1919 2197 1975 fructifer
2250 1919 2394 1976 satis
2430 1917 2694 1984 abunde;
2749 1915 2876 1975 sine

776 2003 1034 2059 tumultu
1069 2003 1225 2059 inter
1264 2003 1647 2060 Christicolas
1699 2010 1762 2060 et
1798 2003 2187 2070 Sarracenos;
2250 2004 2528 2059 Romanis
2577 1999 2872 2068 notabilis,

774 2092 1012 2160 propter
1046 2087 1466 2159 inopinabilem
1518 2091 1771 2143 mortem
1817 2087 1992 2160 Papae
2008 2110 2025 2152 3
2086 2085 2300 2158 Anglis
2336 2105 2599 2159 prosper,
2637 2093 2877 2160 propter

774 2171 1067 2243 subjectos
1117 2171 1368 2227 rebelles
1405 2169 1674 2238 Walliae3
1738 2171 1843 2227 sed
1893 2172 2039 2244 ipsis
2075 2171 2472 2227 wallensibus
2529 2170 2765 2227 infamis
2817 2177 2879 2228 et

775 2255 1030 2323 odibilis,
1069 2260 1311 2328 propter
1346 2255 1764 2312 admissionem
1802 2255 2215 2312 dominationis
2252 2255 2517 2311 insuetoe.

845 2340 1017 2395 Anno
1053 2339 1263 2411 gratim
1298 2339 1614 2395 millesimo
1650 2340 2048 2396 ducentesimo
2085 2339 2519 2411 septuagesimo
2563 2357 2733 2405 nono,
2774 2341 2876 2412 qui
2900 2339 3014 2391 MS.
3036 2340 3158 2393 Bibl.

777 2429 869 2480 est
906 2441 1091 2479 annus
1140 2424 1309 2495 regni
1359 2423 1543 2494 Regis
1592 2423 1885 2488 Edwardi‚
1927 2442 1964 2479 a
1998 2421 2354 2495 Conquaestu
2400 2424 2605 2488 Primi,
2660 2431 2875 2490 sextus,
2901 2407 3025 2485 Βεδ-
3052 2413 3107 2458 ¹³

776 2509 1089 2574 Robertus,
1130 2507 1567 2564 Cantuariensis
1602 2506 2114 2580 Archiepiscopus,
2164 2526 2271 2580 per
2306 2499 2623 2564 Dominum
2660 2508 2878 2564 Nieho-
2903 2473 2964 2524 Ε·
2985 2490 3055 2524 ¹¹·

774 2592 937 2648 laum
959 2593 1181 2664 Papam
1217 2591 1293 2647 ad
1336 2590 1774 2647 Cardinalatum
1814 2598 2169 2665 assumptus,
2201 2593 2388 2648 sactus
2429 2599 2520 2649 est
2554 2594 2876 2666 Episcopus
2899 2600 3179 2666 Rishanger.

681 2676 693 2688 ’
777 2678 1142 2748 PortuensiS.
2899 2668 3011 2719 MS.
3037 2669 3160 2717 Bibl.

847 2748 975 2804 Rex
1009 2749 1258 2819 Angliae,
1299 2748 1457 2804 circa
1489 2753 1723 2820 tempus
1776 2748 1958 2813 istud,
1998 2747 2181 2820 filiam
2219 2747 2466 2804 Comitis
2502 2749 2874 2822 Leycestriae,
2900 2735 3108 2851 {²3¹3

665 2874 687 2886 -
778 2832 1034 2889 Simonis
1093 2832 1166 2888 de
1213 2832 1572 2898 Monteforti,
1629 2832 1786 2904 apud
1833 2833 2057 2888 insulas
2096 2832 2331 2899 Silvias,
2383 2841 2559 2905 prout
2609 2836 2880 2906 superius
2950 2839 2962 2852 ’
3043 2841 3054 2852 ‘

776 2916 1000 2973 dictum
1035 2922 1146 2982 est,
1173 2923 1403 2989 captam
1437 2934 1474 2971 a
1495 2916 2002 2982 Bristollensibus,
2030 2923 2091 2973 et
2125 2918 2239 2973 sibi
2264 2917 2593 2985 adductam,
2622 2919 2879 2992 Principi

776 3002 1006 3060 Waniae
1043 3001 1206 3058 dedit
1239 3019 1500 3068 uxorem,
1543 3003 1885 3074 nuptiarum
1922 3002 2350 3058 solemnitatem
2384 3021 2564 3074 agens
2601 3004 2879 3077 impensis

776 3086 1051 3160 propriis,
1091 3103 1314 3158 suaque
1349 3104 1418 3142 ac
1452 3085 1701 3157 Reginae
1736 3087 2053 3158 praesentia
2086 3086 2220 3142 illas
2257 3087 2564 3144 honorans.

848 3171 980 3226 Hoc
1033 3189 1181 3226 anno
1233 3170 1271 3225 J
1274 3171 1447 3238 udaei,
1501 3171 1573 3226 de
1621 3177 1866 3227 tonsura
1921 3177 2170 3226 monetae
2220 3172 2491 3238 convicti,
2548 3173 2610 3228 in
2669 3191 2883 3246 magna

777 3255 1153 3310 multitudine
1188 3255 1408 3326 ubique
1443 3272 1551 3327 per
1585 3254 1865 3327 Angliam
1902 3254 2372 3327 suspenduntur=
2411 3257 2603 3328 puniti
2639 3265 2779 3315 sunt
2812 3277 2879 3314 eo

774 3344 1041 3411 ‘tempore
1093 3344 1153 3395 et
1202 3355 1405 3396 eorum
1439 3338 1865 3406 ²oonsuetanei,
1903 3358 2012 3413 pro
2047 3340 2247 3412 pravis
2302 3341 2612 3398 escambiis
2665 3349 2727 3398 et
2773 3337 2892 3416 pro'

777 3441 957 3479 causa
989 3424 1289 3495 praedicta.

849 3506 1073 3563 Eodem
1107 3525 1255 3563 anno
1290 3507 1482 3564 tenuit
1515 3507 1641 3564 Rex
1666 3509 2128 3564 Parliamentum
2154 3507 2504 3575 Glovernize
2545 3510 2607 3564 in
2644 3509 2876 3567 Octavis

769 3592 981 3649 Sancti
1006 3593 1047 3648 J
1049 3594 1290 3648 ohannis
1316 3593 1631 3664 Baptistae3
1669 3595 1733 3649 in
1769 3611 1886 3666 quo
1922 3593 2081 3649 edita
2114 3599 2253 3650 sunt
2278 3592 2528 3662 Statuta,
2571 3613 2703 3668 quoe
2742 3599 2780 3624 “
2806 3595 2876 3652 de

782 3680 823 3706 ‘⁴
862 3677 1180 3733 Glovernia
1205 3678 1240 3702 ’⁹
1279 3677 1669 3750 appellantur.

852 3761 1025 3819 Circa
1079 3780 1343 3819 mensem
1394 3762 1736 3832 Augustum
1783 3762 1911 3817 Rex
1969 3761 2296 3819 Edwardus
2356 3765 2761 3821 transfretavit
2818 3765 2878 3821 in

780 3847 1107 3913 Franciam,
1148 3846 1223 3902 ad
1256 3845 1588 3901 habendum
1622 3846 1982 3917 colloquium
2018 3865 2152 3902 oum
2188 3847 2463 3920 Philippo
2494 3848 2658 3920 Rege
2701 3850 2877 3906 Fran-

780 3949 1019 3996 corum;
1073 3930 1228 3986 unde
1262 3936 1403 3986 tuno
1439 3931 1694 3988 obtinuit
1728 3932 2162 3986 restitutionem
2198 3932 2529 4004 aliquarum
2565 3940 2872 4001 terrarum,

778 4033 899 4070 non
932 4021 1131 4070 tamen
1180 4015 1461 4083 omnium,
1505 4033 1636 4087 quae
1692 4016 1756 4070 in
1788 4016 2126 4072 venditione
2161 4016 2539 4074 Normanniae
2573 4020 2875 4091 promissoe

784 4097 1017 4156 fuerant
1049 4099 1205 4171 patri
1244 4117 1369 4155 suo.

853 4183 970 4238 Per
1019 4184 1130 4238 hoc
1181 4189 1415 4255 tempus
1468 4181 1615 4238 obiit
1648 4182 1882 4255 Regina
1917 4184 2212 4250 Castelloe,
2253 4190 2442 4240 mater
2478 4185 2722 4256 Reginae
2758 4188 2875 4242 An-

782 4268 953 4337 gliae3
994 4267 1067 4321 ad
1093 4285 1269 4338 quam
1285 4268 1421 4338 jure
1456 4263 1848 4335 haereditario,
1875 4273 2010 4341 post
2044 4274 2294 4324 mortem
2317 4268 2541 4335 matris,
2569 4269 2873 4327 devolutus
2919 4339 2938 4358 .

781 4355 874 4405 est
908 4350 1144 4406 Pontiui
1180 4351 1529 4407 Comitatus.

845 4713 857 4741 ¹
887 4712 1111 4763 Omitted
1154 4713 1209 4762 in
1249 4712 1389 4779 orig„
1421 4716 1524 4764 and
1553 4714 1784 4779 supplied
1873 4715 2079 4782 hunger.

776 4792 904 4842 from
950 4792 1037 4844 the.
1079 4792 1277 4860 printed
1324 4801 1476 4855 ταῖς,
1519 4795 1621 4845 and
1665 4795 1780 4844 Ris-
1941 4798 1961 4827 ²
1981 4797 2287 4847 consantanei
2308 4796 2359 4846 in
2385 4798 2468 4849 the
2483 4798 2680 4864 printed
2703 4805 2850 4852 texts.
