3300 5617
797 754 920 818 156
1456 770 1715 830 monus
1760 768 2224 820 wammam

456 956 593 1006 A.D.
623 962 766 1009 1319.
790 971 854 1008 se
890 953 1208 1020 subtraxit3
1249 954 1622 1026 quamobrem
1661 973 1698 1010 a
1719 960 1840 1011 toto
1863 956 2123 1014 exercitu
2159 955 2420 1028 proditor
2455 962 2548 1011 est
2568 955 2886 1020 clamatus3
2915 953 3025 1004 MS.
3049 955 3161 1008 Bibl.

459 1038 575 1088 who
596 1039 744 1089 vith-

458 1106 621 1156 dmm
635 1107 765 1156 from
790 1122 850 1177 in
885 1140 1090 1179 manus
1128 1123 1309 1195 Regis
1345 1123 1482 1179 data
1515 1123 1741 1180 fuisset.

458 1171 543 1223 the
566 1172 715 1238 siege.

457 1661 639 1711 Defeat
659 1662 721 1711 of

456 1727 541 1778 the
562 1729 702 1794 Eng-

456 1794 555 1844 lish
577 1804 630 1845 at

454 1860 640 1911 Mitton
667 1879 733 1913 on

453 1926 633 1980 Swale.

448 2701 560 2752 The
580 2702 684 2753 Kin

787 1055 1014 1110 nempe,
1053 1045 1226 1110 prout
1260 1038 1578 1104 dicebatur,
1618 1039 1671 1094 si
1696 1058 1759 1095 se
1783 1058 1897 1096 non
1932 1040 2333 1105 subtraxisset,
2361 1039 2506 1098 villa
2526 1058 2662 1096 cum
2695 1047 2889 1096 casu-o
2915 1020 3048 1138 {effi
3067 1028 3115 1072 ¹3

1143 1350 1328 1419 Secti
1372 1350 1670 1420 vincunt
1710 1351 1977 1440 Anylos
2022 1352 2223 1439 apud
2249 1351 2543 1439 Mytone.

859 1498 876 1533 ¹
894 1500 1285 1556 Eboraeenses
1322 1501 1751 1558 considerantes
1788 1502 2011 1559 scelera
2057 1521 2187 1575 quae
2243 1502 2400 1558 Scoti
2451 1502 2879 1573 perpetrabant,
2907 1520 3184 1587 kaeflom

788 1584 1004 1655 ubique
1029 1585 1393 1641 animositate
1417 1592 1711 1658 concepta,
1740 1586 1999 1642 collectis
2023 1585 2351 1658 Anglorum
2375 1584 2577 1640 decem
2599 1586 2878 1648 millibus,
2907 1602 2984 1651 pp.
3003 1595 3076 1646 45,
3091 1596 3156 1640 46.

789 1674 926 1724 sunt
960 1669 1201 1740 egressi,
1242 1675 1309 1725 ut
1343 1669 1559 1725 civium
1596 1677 1657 1726 et
1689 1670 2070 1741 patriotarum
2107 1668 2448 1740 sanguinem
2501 1669 2878 1725 vindicarent.
2907 1653 3014 1705 MS·
3039 1656 3154 1771 ¹3³¹·

789 1753 947 1808 Scoti
1000 1759 1140 1808 tunc
1188 1771 1369 1826 prope
1417 1754 1621 1809 villam
1671 1754 1744 1810 de
1794 1754 2035 1818 Mitone,
2090 1754 2262 1808 sitam
2308 1753 2480 1824 juxta
2533 1754 2773 1809 fluvium
2811 1755 2883 1810 de
2907 1786 2965 1836 E
2989 1759 3054 1839 ¹3·

788 1837 995 1901 Swale,
1036 1837 1224 1892 solitis
1261 1838 1611 1893 facinoribus
1639 1838 2030 1893 intendebant.
2104 1838 2413 1893 Nostrates
2447 1856 2585 1894 vero
2620 1839 2883 1895 videntes

787 1922 1093 1977 Scotorum
1118 1938 1349 1986 cuneos,
1378 1922 1781 1977 incunctanter
1816 1939 1880 1977 se
1916 1922 1992 1978 ad
2026 1921 2301 1994 proelium
2322 1920 2689 1993 ingerebant.
2767 1921 2885 1978 Sed

784 2005 805 2037 ‘·'
824 2007 963 2076 quia
990 2006 1115 2077 jam
1150 2023 1297 2077 pene
1332 2011 1490 2061 totus
1536 2004 1558 2037 ³
1575 2002 1829 2077 [eorum]
1869 2007 2157 2062 exercitus
2194 2006 2255 2061 in
2290 2007 2470 2062 armis
2504 2007 2711 2071 fuerat,
2751 2025 2884 2062 mox

784 2097 986 2146 contra
1031 2097 1260 2146 nostros
1297 2090 1703 2146 inexercitatos
1740 2097 1801 2146 et
1835 2091 2182 2162 inexpertos,
2224 2096 2284 2147 et
2320 2092 2412 2147 sin
2482 2091 2629 2152 duce
2661 2091 2760 2147 vel
2794 2109 2884 2146 or-

784 2175 919 2229 dine
958 2175 1273 2238 venientes,
1301 2174 1731 2229 ordinatissime
1756 2181 2150 2240 occurrerunt,
2180 2181 2239 2230 et
2257 2175 2372 2230 levi
2401 2176 2634 2246 negotio
2656 2183 2881 2231 nostros

783 2260 1077 2324 fuderunt,
1118 2266 1179 2315 et
1212 2259 1287 2314 ad
1323 2259 1438 2313 tria
1471 2258 1661 2313 millia.
1693 2257 1994 2313 hominum
2031 2259 2092 2313 in
2127 2277 2226 2313 ore
2251 2259 2436 2330 gladii
2473 2268 2878 2331 peremerunt;

782 2352 843 2399 et
878 2362 1091 2416 magna
1126 2361 1261 2415 pars
1298 2360 1500 2397 eorum
1552 2342 1654 2414 qui
1707 2343 1986 2412 fugerunt
2026 2344 2088 2396 in
2123 2343 2300 2398 fluvio
2337 2344 2409 2399 de
2447 2344 2637 2399 Swala
2685 2344 2877 2416 periit,

782 2429 977 2501 rapaci
1031 2428 1269 2500 gurgite
1320 2427 1614 2482 suffocata.
1694 2425 2019 2482 Commissa
2053 2426 2167 2482 fuit
2200 2426 2325 2482 haec
2361 2428 2716 2482 infortunata
2751 2446 2880 2483 con-

780 2512 1006 2583 gressio
1043 2513 1103 2565 in
1127 2511 1352 2583 Vigilia
1377 2511 1575 2566 Sancti
1600 2509 1864 2565 Matthaei
1889 2509 2157 2582 Apostoli
2195 2516 2256 2565 et
2290 2511 2721 2582 Evangelistoe;
2762 2513 2875 2577 cui,

780 2602 954 2667 prout
987 2596 1306 2659 dicebatur,
1333 2593 1505 2650 multi
1539 2593 1868 2666 presbyteri
1906 2594 2232 2659 saeculares,
2272 2595 2560 2665 multique
2596 2596 2879 2667 religiosi,

780 2681 1180 2744 interfuerant,
1219 2679 1375 2733 mala
1409 2678 1568 2732 hora.
1647 2677 1912 2749 Cumque
1937 2696 2136 2733 rumor
2157 2678 2336 2750 hujus
2360 2679 2497 2734 facti
2524 2680 2884 2749 pervenisset

482 2784 654 2820 ursues
728 2786 756 2820 e
781 2763 856 2819 ad
891 2782 1061 2819 aures
1097 2764 1310 2835 regias,
1350 2762 1593 2818 dimissa
1626 2761 1924 2818 obsidione
1961 2762 2228 2828 Berwici,
2269 2762 2566 2818 festinavit
2600 2781 2732 2818 cum
2759 2764 2881 2819 suis

516 2843 616 2896 0²⁸3
641 2837 756 2886 '¹¹0
781 2848 1047 2904 omnibus
1096 2848 1329 2903 obviare
1382 2847 1590 2910 Scotis,
1643 2845 1986 2917 priusquam
2035 2847 2395 2918 attingerent
2443 2854 2658 2902 terram
2694 2865 2878 2912 suam,

444 2917 633 2967 escape.

446 3437 500 3488 A
524 3445 662 3490 truce

783 2940 844 2988 et
878 2950 1011 2988 cum
1047 2933 1133 2988 eis
1168 2950 1274 3004 per
1327 2937 1521 3003 partes
1575 2929 1901 2986 Orientales
1947 2929 2119 3000 juxta
2170 2931 2406 2986 Novum
2459 2930 2880 2987 Monasterium

782 3016 1015 3071 obviare
1052 3015 1399 3086 disponeret.
1489 3013 1648 3070 Scoti
1700 3014 2053 3085 praemuniti,
2107 3032 2240 3069 cum
2288 3032 2568 3086 pomposa
2614 3015 2876 3080 victoria,

780 3100 1081 3156 hominum
1118 3107 1178 3156 et
1213 3106 1606 3155 armentorum
1655 3096 1873 3168 praeda,
1927 3115 2034 3169 per
2082 3097 2257 3153 aliam
2293 3098 2448 3153 viam
2485 3100 2706 3154 reversi
2744 3109 2880 3155 sunt

782 3184 843 3238 in
910 3184 1213 3255 regionem
1282 3200 1466 3247 suam,
1525 3180 1757 3237 favillas
1809 3187 1869 3236 et
1903 3181 2145 3246 cineres,
2200 3188 2261 3237 et
2313 3200 2558 3253 vapores
2609 3183 2773 3246 fumi,
2812 3202 2879 3238 ac

781 3275 1213 3340 peremptorum
1267 3265 1566 3329 cadavera,
1620 3265 1682 3319 in
1730 3265 1887 3320 omni
1939 3264 2084 3320 villa
2132 3282 2237 3337 per
2288 3284 2461 3337 quam
2508 3266 2875 3331 transierant,

780 3357 914 3424 post
962 3369 1024 3407 se
1076 3351 1137 3405 in
1187 3368 1307 3405 suae
1363 3347 1725 3405 crudelitatis
1779 3348 2120 3404 memoriam
2174 3348 2592 3421 relinquentes.
2682 3350 2879 3422 Igitur

781 3435 923 3500 Rex,
964 3433 1217 3490 sentiens
1271 3432 1483 3488 cotidie
1534 3450 1641 3487 sua
1687 3431 1899 3487 damna
1949 3431 2254 3497 cumulari,
2312 3433 2385 3488 de
2421 3433 2712 3489 communi
2748 3452 2878 3489 con·

442 3506 738 3570 wneluded,
780 3519 912 3574 silio
948 3518 1010 3572 in
1044 3524 1283 3588 treugas
1310 3516 1476 3587 jurat
1508 3515 1837 3583 biennales;
1884 3515 2073 3571 Sectis
2110 3515 2357 3572 libenter
2391 3515 2498 3572 has
2533 3517 2877 3589 acceptanti-

444 3572 523 3620 ἴοι·
544 3580 645 3623 two

444 3653 604 3701 years.

779 3603 908 3667 bus,
965 3619 1079 3656 non
1135 3607 1330 3656 tamen
1390 3598 1529 3671 quia
1579 3599 1706 3670 jam
1765 3599 1997 3654 fuerant
2057 3599 2229 3655 bellis
2279 3600 2528 3671 fatigati,
2582 3600 2687 3657 sed
2740 3601 2878 3673 quia
2941 3603 2950 3612 '

780 3689 1018 3744 fuerunt
1050 3684 1304 3756 Anglica
1336 3683 1538 3755 proeda
1576 3682 1765 3738 ditati.

444 3785 676 3838 Mun-ain
696 3787 751 3839 in
847 3772 1070 3828 Eodem
1107 3787 1256 3826 anno
1294 3768 1558 3824 inaudita
1594 3767 1780 3840 pestis
1822 3766 2181 3832 animalium,
2222 3767 2466 3824 dubium
2518 3769 2673 3824 unde
2719 3775 2870 3834 nata,

443 3853 682 3919 England
699 3876 713 3916 ;

779 3857 1070 3914 succrevit
1124 3856 1185 3910 in
1225 3852 1478 3925 Anglia3
1538 3870 1669 3924 quae
1724 3851 1883 3907 circa
1934 3859 2166 3924 tempus
2221 3852 2504 3908 Paschale
2557 3854 2775 3926 incepit
2815 3855 2874 3909 in

445 3922 561 3981 ‘²¹²⁶’
584 3937 638 3972 ¹¹⁸
659 3939 738 3972 ’θ’
776 3942 1062 4006 Estsexia„
1123 3945 1183 3994 et
1220 3937 1432 3993 diffusa
1472 3942 1563 3992 est
1623 3936 1686 3990 in
1726 3935 1892 3991 brevi
1947 3953 2051 4006 per
2106 3942 2290 3992 totam
2326 3936 2598 4002 insulam,
2658 3937 2872 3993 durans

443 3989 632 4050 ported,
655 3989 710 4039 in

443 4053 650 4106 Franee.

776 4044 879 4098 per
930 4032 1118 4082 totum
1170 4039 1383 4078 annum
1436 4027 1496 4077 et
1546 4015 1806 4076 inficiens
1865 4035 2013 4091 pene
2069 4029 2278 4076 cuncta
2328 4037 2538 4093 pecora
2591 4022 2866 4093 regionis.

775 4112 854 4167 Et
894 4111 1050 4182 quod
1089 4115 1182 4165 est
1220 4107 1425 4164 auditu
1479 4105 1799 4169 insolitum,
1844 4109 1906 4160 et
1943 4105 2206 4160 fortassis
2250 4105 2364 4160 crit
2417 4105 2633 4161 suturis
2687 4107 2869 4162 incre·

776 4195 973 4260 dibile,
1019 4211 1190 4249 canes
1232 4192 1305 4248 de
1343 4190 1723 4246 cadaveribus
1759 4206 2035 4262 pecorum
2070 4189 2444 4244 morientium
2480 4190 2866 4254 comedentes,

776 4285 838 4335 et
873 4279 1052 4344 corvi,
1110 4277 1272 4334 illico
1310 4275 1730 4338 intumuerunt,
1774 4271 1942 4344 quasi
1980 4274 2218 4329 toxicati
2264 4291 2503 4338 venene,
2554 4281 2615 4330 et
2653 4275 2868 4330 mortui

776 4367 1136 4421 corruerunt.
1226 4359 1613 4430 Quamobrem
1650 4357 1850 4416 nullus
1888 4364 2017 4415 erat
2050 4358 2351 4415 hominum
2401 4358 2502 4430 qui
2542 4358 2656 4415 fuit
2692 4376 2869 4415 ausus

843 4562 1101 4629 ¹Though
1142 4562 1244 4614 this
1278 4569 1494 4614 account
1529 4561 1574 4613 is
1620 4563 1775 4613 based
1930 4563 1951 4593 ²
1971 4578 2169 4626 quorum
2192 4561 2246 4611 in
2269 4562 2428 4628 orig.;
2462 4563 2719 4615 corrected
2739 4562 2866 4613 from

775 4661 907 4711 upon
950 4644 1036 4693 the
1082 4650 1191 4693 text
1226 4642 1286 4692 of
1330 4642 1643 4702 Trokelowe,
1693 4641 1774 4691 his
1863 4640 1949 4693 the
1970 4640 2173 4705 printed
2195 4648 2341 4693 texts.

773 4727 1022 4791 language
1038 4722 1083 4773 is
1103 4721 1453 4785 considerably
1475 4720 1761 4786 expanded.
1925 4722 1946 4752 ⁸
1969 4720 2209 4786 Supplied
2228 4721 2360 4772 from
2382 4720 2467 4774 the
2487 4721 2687 4786 printed
2708 4728 2859 4775 texts.
