<?xml version="1.0" encoding="UTF-8"?>
<!DOCTYPE html PUBLIC "-//W3C//DTD XHTML 1.0 Transitional//EN"
    "http://www.w3.org/TR/xhtml1/DTD/xhtml1-transitional.dtd">
<html xmlns="http://www.w3.org/1999/xhtml" xml:lang="en" lang="en">
 <head>
  <title>
</title>
<meta http-equiv="Content-Type" content="text/html;charset=utf-8" />
  <meta name='ocr-system' content='tesseract 3.04.00' />
  <meta name='ocr-capabilities' content='ocr_page ocr_carea ocr_par ocr_line ocrx_word'/>
</head>
<body>
  <div class='ocr_page' id='page_1' title='image "./thomaewalsingha00unkngoog_0225.png"; bbox 0 0 3300 5617; ppageno 0'>
   <div class='ocr_carea' id='block_1_1' title="bbox 1100 750 2541 821">
    <p class='ocr_par' dir='ltr' id='par_1_1' title="bbox 1100 750 2541 821">
     <span class='ocr_line' id='line_1_1' title="bbox 1100 750 2541 821; baseline 0.001 -4"><span class='ocrx_word' id='word_1_1' title='bbox 1100 763 1429 817; x_wconf 71' lang='lat' dir='ltr'><strong>msromA</strong></span> <span class='ocrx_word' id='word_1_2' title='bbox 1456 764 1872 816; x_wconf 57' lang='lat' dir='ltr'><strong>memsam„</strong></span> <span class='ocrx_word' id='word_1_3' title='bbox 2415 750 2541 821; x_wconf 86' lang='grc'><strong>167</strong></span> 
     </span>
    </p>
   </div>
   <div class='ocr_carea' id='block_1_2' title="bbox 80 950 2875 1539">
    <p class='ocr_par' dir='ltr' id='par_1_2' title="bbox 80 950 2875 1194">
     <span class='ocr_line' id='line_1_2' title="bbox 84 950 2790 1024; baseline -0.001 -14"><span class='ocrx_word' id='word_1_4' title='bbox 84 957 368 1010; x_wconf 64' lang='lat' dir='ltr'><strong>Melon,</strong></span> <span class='ocrx_word' id='word_1_5' title='bbox 443 954 639 1010; x_wconf 82' lang='lat' dir='ltr'><strong>virum</strong></span> <span class='ocrx_word' id='word_1_6' title='bbox 660 951 1208 1019; x_wconf 83' lang='lat' dir='ltr'><strong>nominatissimum,</strong></span> <span class='ocrx_word' id='word_1_7' title='bbox 1247 952 1564 1008; x_wconf 88' lang='lat' dir='ltr'><strong>Dominum</strong></span> <span class='ocrx_word' id='word_1_8' title='bbox 1588 952 1629 1007; x_wconf 84' lang='lat' dir='ltr'><strong>J</strong></span> <span class='ocrx_word' id='word_1_9' title='bbox 1630 953 1916 1009; x_wconf 87' lang='lat' dir='ltr'><strong>ohannem</strong></span> <span class='ocrx_word' id='word_1_10' title='bbox 1938 953 2012 1009; x_wconf 89' lang='lat' dir='ltr'><strong>de</strong></span> <span class='ocrx_word' id='word_1_11' title='bbox 2036 952 2346 1024; x_wconf 83' lang='lat' dir='ltr'><strong>Bretayne,</strong></span> <span class='ocrx_word' id='word_1_12' title='bbox 2372 968 2537 1024; x_wconf 85' lang='lat' dir='ltr'><strong>cepe·</strong></span> <span class='ocrx_word' id='word_1_13' title='bbox 2652 950 2790 1002; x_wconf 62' lang='grc' dir='ltr'><strong>ΑΙ).</strong></span> 
     </span>
     <span class='ocr_line' id='line_1_3' title="bbox 86 1014 2875 1109; baseline -0.001 -16"><span class='ocrx_word' id='word_1_14' title='bbox 86 1014 321 1105; x_wconf 46' lang='grc' dir='ltr'><strong>ᾒὲιῃῶι,</strong></span> <span class='ocrx_word' id='word_1_15' title='bbox 444 1045 601 1103; x_wconf 86' lang='lat' dir='ltr'><strong>runt,</strong></span> <span class='ocrx_word' id='word_1_16' title='bbox 642 1037 931 1095; x_wconf 82' lang='lat' dir='ltr'><strong>Comitem</strong></span> <span class='ocrx_word' id='word_1_17' title='bbox 969 1038 1197 1093; x_wconf 88' lang='lat' dir='ltr'><strong>scilicet</strong></span> <span class='ocrx_word' id='word_1_18' title='bbox 1235 1036 1696 1104; x_wconf 79' lang='lat' dir='ltr'><strong>Richemundiae,</strong></span> <span class='ocrx_word' id='word_1_19' title='bbox 1735 1043 1796 1094; x_wconf 91' lang='lat' dir='ltr'><strong>et</strong></span> <span class='ocrx_word' id='word_1_20' title='bbox 1823 1037 2027 1093; x_wconf 87' lang='lat' dir='ltr'><strong>multis</strong></span> <span class='ocrx_word' id='word_1_21' title='bbox 2065 1036 2267 1109; x_wconf 89' lang='lat' dir='ltr'><strong>spoliis</strong></span> <span class='ocrx_word' id='word_1_22' title='bbox 2302 1036 2539 1092; x_wconf 90' lang='lat' dir='ltr'><strong>domum</strong></span> <span class='ocrx_word' id='word_1_23' title='bbox 2570 1022 2875 1080; x_wconf 79' lang='lat'><strong>1322,1323.</strong></span> 
     </span>
     <span class='ocr_line' id='line_1_4' title="bbox 80 1111 1203 1194; baseline -0.001 -16"><span class='ocrx_word' id='word_1_24' title='bbox 80 1111 420 1162; x_wconf 65' lang='lat'><strong>¹³⁶⁸·¹³·¹³·¹·¹-</strong></span> <span class='ocrx_word' id='word_1_25' title='bbox 442 1139 719 1194; x_wconf 87' lang='lat' dir='ltr'><strong>prospere</strong></span> <span class='ocrx_word' id='word_1_26' title='bbox 755 1127 895 1178; x_wconf 87' lang='lat' dir='ltr'><strong>sunt</strong></span> <span class='ocrx_word' id='word_1_27' title='bbox 927 1122 1203 1193; x_wconf 78' lang='lat' dir='ltr'><strong>regressi.</strong></span> 
     </span>
    </p>

    <p class='ocr_par' dir='ltr' id='par_1_3' title="bbox 88 1208 2874 1539">
     <span class='ocr_line' id='line_1_5' title="bbox 90 1208 2874 1281; baseline 0.002 -17"><span class='ocrx_word' id='word_1_28' title='bbox 90 1212 201 1265; x_wconf 74' lang='lat' dir='ltr'><strong>MS.</strong></span> <span class='ocrx_word' id='word_1_29' title='bbox 222 1209 375 1266; x_wconf 85' lang='lat' dir='ltr'><strong>Bibl.</strong></span> <span class='ocrx_word' id='word_1_30' title='bbox 510 1210 731 1267; x_wconf 75' lang='lat' dir='ltr'><strong>Eodem</strong></span> <span class='ocrx_word' id='word_1_31' title='bbox 779 1227 928 1265; x_wconf 89' lang='lat' dir='ltr'><strong>anno</strong></span> <span class='ocrx_word' id='word_1_32' title='bbox 976 1209 1261 1266; x_wconf 76' lang='lat' dir='ltr'><strong>Dominus</strong></span> <span class='ocrx_word' id='word_1_33' title='bbox 1308 1208 1491 1280; x_wconf 85' lang='lat' dir='ltr'><strong>Hugo</strong></span> <span class='ocrx_word' id='word_1_34' title='bbox 1537 1208 1612 1264; x_wconf 92' lang='lat' dir='ltr'><strong>de</strong></span> <span class='ocrx_word' id='word_1_35' title='bbox 1661 1208 1916 1281; x_wconf 88' lang='lat' dir='ltr'><strong>Spencer</strong></span> <span class='ocrx_word' id='word_1_36' title='bbox 1973 1214 2139 1281; x_wconf 86' lang='lat' dir='ltr'><strong>pater</strong></span> <span class='ocrx_word' id='word_1_37' title='bbox 2197 1208 2386 1264; x_wconf 83' lang='lat' dir='ltr'><strong>factus</strong></span> <span class='ocrx_word' id='word_1_38' title='bbox 2446 1212 2538 1265; x_wconf 84' lang='lat' dir='ltr'><strong>est</strong></span> <span class='ocrx_word' id='word_1_39' title='bbox 2563 1224 2659 1267; x_wconf 71' lang='lat' dir='ltr'><strong>’rho</strong></span> <span class='ocrx_word' id='word_1_40' title='bbox 2667 1223 2874 1268; x_wconf 67' lang='lat' dir='ltr'><strong>alden-De</strong></span> 
     </span>
     <span class='ocr_line' id='line_1_6' title="bbox 88 1275 2872 1370; baseline -0.002 -12"><span class='ocrx_word' id='word_1_41' title='bbox 88 1281 209 1358; x_wconf 57' lang='lat'><strong>3²3·</strong></span> <span class='ocrx_word' id='word_1_42' title='bbox 237 1283 304 1331; x_wconf 75' lang='lat'><strong>¹3</strong></span> <span class='ocrx_word' id='word_1_43' title='bbox 437 1296 647 1354; x_wconf 83' lang='lat' dir='ltr'><strong>Comes</strong></span> <span class='ocrx_word' id='word_1_44' title='bbox 696 1297 1065 1369; x_wconf 77' lang='lat' dir='ltr'><strong>Wyntoniae3</strong></span> <span class='ocrx_word' id='word_1_45' title='bbox 1128 1297 1225 1353; x_wconf 90' lang='lat' dir='ltr'><strong>oui</strong></span> <span class='ocrx_word' id='word_1_46' title='bbox 1283 1296 1412 1351; x_wconf 78' lang='lat' dir='ltr'><strong>Rex</strong></span> <span class='ocrx_word' id='word_1_47' title='bbox 1469 1296 1633 1352; x_wconf 89' lang='lat' dir='ltr'><strong>dedit</strong></span> <span class='ocrx_word' id='word_1_48' title='bbox 1690 1303 1948 1352; x_wconf 87' lang='lat' dir='ltr'><strong>castrum</strong></span> <span class='ocrx_word' id='word_1_49' title='bbox 2006 1301 2069 1352; x_wconf 92' lang='lat' dir='ltr'><strong>et</strong></span> <span class='ocrx_word' id='word_1_50' title='bbox 2125 1296 2402 1352; x_wconf 83' lang='lat' dir='ltr'><strong>honorem</strong></span> <span class='ocrx_word' id='word_1_51' title='bbox 2460 1296 2534 1352; x_wconf 91' lang='lat' dir='ltr'><strong>de</strong></span> <span class='ocrx_word' id='word_1_52' title='bbox 2562 1275 2594 1318; x_wconf 62' lang='grc' dir='ltr'>Β</span> <span class='ocrx_word' id='word_1_53' title='bbox 2684 1287 2872 1370; x_wconf 57' lang='lat' dir='ltr'><strong>ffiffi</strong></span> 
     </span>
     <span class='ocr_line' id='line_1_7' title="bbox 92 1347 2862 1455; baseline -0.001 -18"><span class='ocrx_word' id='word_1_54' title='bbox 92 1347 150 1397; x_wconf 70' lang='lat' dir='ltr'><strong>E·</strong></span> <span class='ocrx_word' id='word_1_55' title='bbox 172 1361 248 1397; x_wconf 74' lang='lat'><strong>¹¹⁶</strong></span> <span class='ocrx_word' id='word_1_56' title='bbox 435 1381 798 1455; x_wconf 85' lang='lat' dir='ltr'><strong>Donyntone,</strong></span> <span class='ocrx_word' id='word_1_57' title='bbox 841 1381 1000 1453; x_wconf 88' lang='lat' dir='ltr'><strong>quod</strong></span> <span class='ocrx_word' id='word_1_58' title='bbox 1036 1380 1151 1437; x_wconf 79' lang='lat' dir='ltr'><strong>fuit</strong></span> <span class='ocrx_word' id='word_1_59' title='bbox 1180 1373 1260 1435; x_wconf 75' lang='lat' dir='ltr'><strong>de</strong></span> <span class='ocrx_word' id='word_1_60' title='bbox 1298 1380 1613 1437; x_wconf 83' lang='lat' dir='ltr'><strong>Linoolniae</strong></span> <span class='ocrx_word' id='word_1_61' title='bbox 1653 1379 1966 1437; x_wconf 76' lang='lat' dir='ltr'><strong>Comitatu-</strong></span> <span class='ocrx_word' id='word_1_62' title='bbox 2558 1373 2862 1421; x_wconf 74' lang='lat' dir='ltr'><strong>winchester.</strong></span> 
     </span>
     <span class='ocr_line' id='line_1_8' title="bbox 90 1462 2778 1539; baseline -0.001 -18"><span class='ocrx_word' id='word_1_63' title='bbox 90 1477 367 1532; x_wconf 74' lang='lat' dir='ltr'><strong>nurimuth,</strong></span> <span class='ocrx_word' id='word_1_64' title='bbox 503 1466 643 1539; x_wconf 90' lang='lat' dir='ltr'><strong>Ipso</strong></span> <span class='ocrx_word' id='word_1_65' title='bbox 677 1483 828 1521; x_wconf 88' lang='lat' dir='ltr'><strong>anno</strong></span> <span class='ocrx_word' id='word_1_66' title='bbox 864 1464 1011 1520; x_wconf 92' lang='lat' dir='ltr'><strong>obiit</strong></span> <span class='ocrx_word' id='word_1_67' title='bbox 1047 1464 1176 1519; x_wconf 80' lang='lat' dir='ltr'><strong>Rex</strong></span> <span class='ocrx_word' id='word_1_68' title='bbox 1211 1464 1474 1520; x_wconf 73' lang='lat' dir='ltr'><strong>ancioe</strong></span> <span class='ocrx_word' id='word_1_69' title='bbox 1510 1463 1841 1536; x_wconf 85' lang='lat' dir='ltr'><strong>Philippus,</strong></span> <span class='ocrx_word' id='word_1_70' title='bbox 1881 1464 2038 1519; x_wconf 85' lang='lat' dir='ltr'><strong>filius</strong></span> <span class='ocrx_word' id='word_1_71' title='bbox 2088 1462 2384 1536; x_wconf 72' lang='lat' dir='ltr'><strong>Philippi3</strong></span> <span class='ocrx_word' id='word_1_72' title='bbox 2439 1464 2532 1519; x_wconf 88' lang='lat' dir='ltr'><strong>cui</strong></span> <span class='ocrx_word' id='word_1_73' title='bbox 2557 1474 2710 1518; x_wconf 62' lang='lat' dir='ltr'><strong>neoth</strong></span> <span class='ocrx_word' id='word_1_74' title='bbox 2726 1477 2778 1518; x_wconf 75' lang='lat' dir='ltr'><strong>or</strong></span> 
     </span>
    </p>
   </div>
   <div class='ocr_carea' id='block_1_3' title="bbox 90 1525 2874 1624">
    <p class='ocr_par' dir='ltr' id='par_1_4' title="bbox 90 1525 2874 1624">
     <span class='ocr_line' id='line_1_9' title="bbox 90 1525 2874 1624; baseline -0.001 -18"><span class='ocrx_word' id='word_1_75' title='bbox 90 1532 320 1624; x_wconf 50' lang='lat' dir='ltr'><strong>ffimbl·</strong></span> <span class='ocrx_word' id='word_1_76' title='bbox 433 1549 717 1607; x_wconf 87' lang='lat' dir='ltr'><strong>successit</strong></span> <span class='ocrx_word' id='word_1_77' title='bbox 753 1550 816 1604; x_wconf 89' lang='lat' dir='ltr'><strong>in</strong></span> <span class='ocrx_word' id='word_1_78' title='bbox 855 1566 1039 1620; x_wconf 90' lang='lat' dir='ltr'><strong>regno</strong></span> <span class='ocrx_word' id='word_1_79' title='bbox 1076 1548 1333 1604; x_wconf 88' lang='lat' dir='ltr'><strong>Karolus</strong></span> <span class='ocrx_word' id='word_1_80' title='bbox 1372 1548 1555 1604; x_wconf 81' lang='lat' dir='ltr'><strong>frater</strong></span> <span class='ocrx_word' id='word_1_81' title='bbox 1591 1547 1741 1618; x_wconf 82' lang='lat' dir='ltr'><strong>ejus,</strong></span> <span class='ocrx_word' id='word_1_82' title='bbox 1785 1547 1888 1618; x_wconf 92' lang='lat' dir='ltr'><strong>qui</strong></span> <span class='ocrx_word' id='word_1_83' title='bbox 1909 1548 2077 1620; x_wconf 88' lang='lat' dir='ltr'><strong>prius</strong></span> <span class='ocrx_word' id='word_1_84' title='bbox 2100 1549 2297 1604; x_wconf 85' lang='lat' dir='ltr'><strong>fuerat</strong></span> <span class='ocrx_word' id='word_1_85' title='bbox 2321 1547 2531 1604; x_wconf 81' lang='lat' dir='ltr'><strong>Comes</strong></span> <span class='ocrx_word' id='word_1_86' title='bbox 2556 1525 2812 1621; x_wconf 49' lang='lat' dir='ltr'><strong>ffffig</strong></span> <span class='ocrx_word' id='word_1_87' title='bbox 2823 1580 2874 1621; x_wconf 82' lang='lat' dir='ltr'><strong>ot</strong></span> 
     </span>
    </p>
   </div>
   <div class='ocr_carea' id='block_1_4' title="bbox 92 1626 2864 3221">
    <p class='ocr_par' dir='ltr' id='par_1_5' title="bbox 92 1626 2839 2374">
     <span class='ocr_line' id='line_1_10' title="bbox 92 1626 2839 1690; baseline -0 -6"><span class='ocrx_word' id='word_1_88' title='bbox 92 1631 404 1684; x_wconf 69' lang='lat' dir='ltr'><strong>Res-1³1³·ix·</strong></span> <span class='ocrx_word' id='word_1_89' title='bbox 429 1633 711 1690; x_wconf 80' lang='lat' dir='ltr'><strong>Marchiae</strong></span> <span class='ocrx_word' id='word_1_90' title='bbox 731 1633 1059 1690; x_wconf 62' lang='lat' dir='ltr'><strong>Vaseoniae.</strong></span> <span class='ocrx_word' id='word_1_91' title='bbox 2557 1626 2743 1672; x_wconf 67' lang='lat' dir='ltr'><strong>charles</strong></span> <span class='ocrx_word' id='word_1_92' title='bbox 2759 1629 2839 1674; x_wconf 82' lang='lat' dir='ltr'><strong>IV·</strong></span> 
     </span>
     <span class='ocr_line' id='line_1_11' title="bbox 93 1713 2526 1787; baseline -0.002 -13"><span class='ocrx_word' id='word_1_93' title='bbox 93 1729 199 1779; x_wconf 74' lang='lat' dir='ltr'><strong>MS.</strong></span> <span class='ocrx_word' id='word_1_94' title='bbox 223 1728 369 1783; x_wconf 77' lang='lat' dir='ltr'><strong>Bibl,</strong></span> <span class='ocrx_word' id='word_1_95' title='bbox 500 1717 738 1774; x_wconf 81' lang='lat' dir='ltr'><strong>Transit</strong></span> <span class='ocrx_word' id='word_1_96' title='bbox 793 1734 978 1773; x_wconf 88' lang='lat' dir='ltr'><strong>annus</strong></span> <span class='ocrx_word' id='word_1_97' title='bbox 1035 1715 1150 1772; x_wconf 89' lang='lat' dir='ltr'><strong>iste</strong></span> <span class='ocrx_word' id='word_1_98' title='bbox 1208 1731 1418 1787; x_wconf 89' lang='lat' dir='ltr'><strong>parum</strong></span> <span class='ocrx_word' id='word_1_99' title='bbox 1476 1714 1748 1786; x_wconf 75' lang='lat' dir='ltr'><strong>frugifer,</strong></span> <span class='ocrx_word' id='word_1_100' title='bbox 1818 1713 1965 1770; x_wconf 88' lang='lat' dir='ltr'><strong>alias</strong></span> <span class='ocrx_word' id='word_1_101' title='bbox 2026 1714 2170 1770; x_wconf 86' lang='lat' dir='ltr'><strong>satis</strong></span> <span class='ocrx_word' id='word_1_102' title='bbox 2221 1715 2526 1782; x_wconf 83' lang='lat' dir='ltr'><strong>fructifer;</strong></span> 
     </span>
     <span class='ocr_line' id='line_1_12' title="bbox 99 1798 2530 1875; baseline 0.003 -29"><span class='ocrx_word' id='word_1_103' title='bbox 99 1798 218 1875; x_wconf 72' lang='lat' dir='ltr'><strong>Reg.</strong></span> <span class='ocrx_word' id='word_1_104' title='bbox 249 1803 312 1848; x_wconf 80' lang='grc'><strong>13</strong></span> <span class='ocrx_word' id='word_1_105' title='bbox 427 1801 663 1872; x_wconf 76' lang='lat' dir='ltr'><strong>Angliae</strong></span> <span class='ocrx_word' id='word_1_106' title='bbox 721 1800 1055 1866; x_wconf 85' lang='lat' dir='ltr'><strong>damnosus,</strong></span> <span class='ocrx_word' id='word_1_107' title='bbox 1116 1799 1450 1872; x_wconf 88' lang='lat' dir='ltr'><strong>probrosus,</strong></span> <span class='ocrx_word' id='word_1_108' title='bbox 1512 1798 1836 1863; x_wconf 88' lang='lat' dir='ltr'><strong>luctuosus,</strong></span> <span class='ocrx_word' id='word_1_109' title='bbox 1899 1805 2135 1869; x_wconf 85' lang='lat' dir='ltr'><strong>propter</strong></span> <span class='ocrx_word' id='word_1_110' title='bbox 2192 1799 2530 1854; x_wconf 75' lang='lat' dir='ltr'><strong>intestinam</strong></span> 
     </span>
     <span class='ocr_line' id='line_1_13' title="bbox 92 1863 2529 1954; baseline -0.002 -12"><span class='ocrx_word' id='word_1_111' title='bbox 92 1863 145 1913; x_wconf 67' lang='lat' dir='ltr'><strong>B·</strong></span> <span class='ocrx_word' id='word_1_112' title='bbox 168 1879 240 1914; x_wconf 84' lang='lat'><strong>¹¹·</strong></span> <span class='ocrx_word' id='word_1_113' title='bbox 426 1884 781 1941; x_wconf 72' lang='lat' dir='ltr'><strong>discordiam</strong></span> <span class='ocrx_word' id='word_1_114' title='bbox 816 1890 878 1941; x_wconf 90' lang='lat' dir='ltr'><strong>et</strong></span> <span class='ocrx_word' id='word_1_115' title='bbox 910 1883 1195 1940; x_wconf 85' lang='lat' dir='ltr'><strong>nobilium</strong></span> <span class='ocrx_word' id='word_1_116' title='bbox 1230 1887 1402 1938; x_wconf 80' lang='lat' dir='ltr'><strong>terrae</strong></span> <span class='ocrx_word' id='word_1_117' title='bbox 1430 1881 1900 1954; x_wconf 85' lang='lat' dir='ltr'><strong>jugulationem;</strong></span> <span class='ocrx_word' id='word_1_118' title='bbox 1938 1882 2091 1952; x_wconf 82' lang='lat' dir='ltr'><strong>Regi</strong></span> <span class='ocrx_word' id='word_1_119' title='bbox 2119 1899 2259 1936; x_wconf 79' lang='lat' dir='ltr'><strong>vero</strong></span> <span class='ocrx_word' id='word_1_120' title='bbox 2292 1883 2529 1938; x_wconf 84' lang='lat' dir='ltr'><strong>infamis</strong></span> 
     </span>
     <span class='ocr_line' id='line_1_14' title="bbox 426 1964 2528 2041; baseline -0.001 -17"><span class='ocrx_word' id='word_1_121' title='bbox 426 1968 784 2034; x_wconf 74' lang='lat' dir='ltr'><strong>notabiliter,</strong></span> <span class='ocrx_word' id='word_1_122' title='bbox 846 1974 1086 2041; x_wconf 89' lang='lat' dir='ltr'><strong>propter</strong></span> <span class='ocrx_word' id='word_1_123' title='bbox 1142 1965 1513 2039; x_wconf 70' lang='lat' dir='ltr'><strong>tyrannidem</strong></span> <span class='ocrx_word' id='word_1_124' title='bbox 1572 1967 1635 2021; x_wconf 90' lang='lat' dir='ltr'><strong>in</strong></span> <span class='ocrx_word' id='word_1_125' title='bbox 1695 1983 1832 2023; x_wconf 87' lang='lat' dir='ltr'><strong>suos</strong></span> <span class='ocrx_word' id='word_1_126' title='bbox 1892 1964 2225 2030; x_wconf 88' lang='lat' dir='ltr'><strong>naturales;</strong></span> <span class='ocrx_word' id='word_1_127' title='bbox 2301 1966 2528 2022; x_wconf 85' lang='lat' dir='ltr'><strong>invisus</strong></span> 
     </span>
     <span class='ocr_line' id='line_1_15' title="bbox 424 2048 2529 2125; baseline -0.001 -19"><span class='ocrx_word' id='word_1_128' title='bbox 424 2059 664 2125; x_wconf 88' lang='lat' dir='ltr'><strong>propter</strong></span> <span class='ocrx_word' id='word_1_129' title='bbox 726 2053 1022 2108; x_wconf 79' lang='lat' dir='ltr'><strong>infelicem</strong></span> <span class='ocrx_word' id='word_1_130' title='bbox 1092 2051 1511 2124; x_wconf 87' lang='lat' dir='ltr'><strong>protectionem</strong></span> <span class='ocrx_word' id='word_1_131' title='bbox 1583 2050 1660 2105; x_wconf 84' lang='lat' dir='ltr'><strong>ad</strong></span> <span class='ocrx_word' id='word_1_132' title='bbox 1741 2055 1938 2121; x_wconf 86' lang='lat' dir='ltr'><strong>partes</strong></span> <span class='ocrx_word' id='word_1_133' title='bbox 1997 2048 2274 2105; x_wconf 85' lang='lat' dir='ltr'><strong>Boreales</strong></span> <span class='ocrx_word' id='word_1_134' title='bbox 2332 2055 2395 2104; x_wconf 88' lang='lat' dir='ltr'><strong>et</strong></span> <span class='ocrx_word' id='word_1_135' title='bbox 2465 2050 2529 2104; x_wconf 91' lang='lat' dir='ltr'><strong>in</strong></span> 
     </span>
     <span class='ocr_line' id='line_1_16' title="bbox 426 2132 2526 2208; baseline -0.002 -16"><span class='ocrx_word' id='word_1_136' title='bbox 426 2136 701 2200; x_wconf 83' lang='lat' dir='ltr'><strong>Scotiam,</strong></span> <span class='ocrx_word' id='word_1_137' title='bbox 746 2136 849 2191; x_wconf 91' lang='lat' dir='ltr'><strong>ubi</strong></span> <span class='ocrx_word' id='word_1_138' title='bbox 889 2152 1037 2208; x_wconf 89' lang='lat' dir='ltr'><strong>pene</strong></span> <span class='ocrx_word' id='word_1_139' title='bbox 1071 2135 1330 2207; x_wconf 86' lang='lat' dir='ltr'><strong>perdidit</strong></span> <span class='ocrx_word' id='word_1_140' title='bbox 1363 2133 1380 2166; x_wconf 89' lang='lat'>¹</span> <span class='ocrx_word' id='word_1_141' title='bbox 1396 2133 1650 2189; x_wconf 85' lang='lat' dir='ltr'><strong>mediam</strong></span> <span class='ocrx_word' id='word_1_142' title='bbox 1688 2138 1925 2204; x_wconf 87' lang='lat' dir='ltr'><strong>gentem</strong></span> <span class='ocrx_word' id='word_1_143' title='bbox 1966 2149 2151 2197; x_wconf 86' lang='lat' dir='ltr'><strong>suam,</strong></span> <span class='ocrx_word' id='word_1_144' title='bbox 2203 2132 2526 2204; x_wconf 88' lang='lat' dir='ltr'><strong>putibunde</strong></span> 
     </span>
     <span class='ocr_line' id='line_1_17' title="bbox 425 2216 2527 2291; baseline -0 -18"><span class='ocrx_word' id='word_1_145' title='bbox 425 2220 694 2285; x_wconf 86' lang='lat' dir='ltr'><strong>maxime,</strong></span> <span class='ocrx_word' id='word_1_146' title='bbox 732 2225 972 2291; x_wconf 87' lang='lat' dir='ltr'><strong>propter</strong></span> <span class='ocrx_word' id='word_1_147' title='bbox 994 2219 1201 2289; x_wconf 82' lang='lat' dir='ltr'><strong>fugam</strong></span> <span class='ocrx_word' id='word_1_148' title='bbox 1237 2235 1403 2273; x_wconf 89' lang='lat' dir='ltr'><strong>suam</strong></span> <span class='ocrx_word' id='word_1_149' title='bbox 1440 2221 1574 2272; x_wconf 90' lang='lat' dir='ltr'><strong>ante</strong></span> <span class='ocrx_word' id='word_1_150' title='bbox 1600 2216 1910 2273; x_wconf 76' lang='lat' dir='ltr'><strong>Scotorum</strong></span> <span class='ocrx_word' id='word_1_151' title='bbox 1946 2217 2158 2272; x_wconf 83' lang='lat' dir='ltr'><strong>faciem</strong></span> <span class='ocrx_word' id='word_1_152' title='bbox 2192 2216 2257 2272; x_wconf 90' lang='lat' dir='ltr'><strong>in</strong></span> <span class='ocrx_word' id='word_1_153' title='bbox 2291 2217 2527 2288; x_wconf 90' lang='lat' dir='ltr'><strong>proprio</strong></span> 
     </span>
     <span class='ocr_line' id='line_1_18' title="bbox 427 2302 2033 2374; baseline -0.002 -16"><span class='ocrx_word' id='word_1_154' title='bbox 427 2320 611 2374; x_wconf 89' lang='lat' dir='ltr'><strong>regno</strong></span> <span class='ocrx_word' id='word_1_155' title='bbox 646 2321 771 2368; x_wconf 89' lang='lat' dir='ltr'><strong>suo,</strong></span> <span class='ocrx_word' id='word_1_156' title='bbox 812 2308 873 2359; x_wconf 89' lang='lat' dir='ltr'><strong>et</strong></span> <span class='ocrx_word' id='word_1_157' title='bbox 907 2303 1314 2358; x_wconf 86' lang='lat' dir='ltr'><strong>thesaurorum</strong></span> <span class='ocrx_word' id='word_1_158' title='bbox 1352 2318 1591 2356; x_wconf 88' lang='lat' dir='ltr'><strong>suorum</strong></span> <span class='ocrx_word' id='word_1_159' title='bbox 1626 2302 2033 2373; x_wconf 78' lang='lat' dir='ltr'><strong>perditionem.</strong></span> 
     </span>
    </p>

    <p class='ocr_par' dir='ltr' id='par_1_6' title="bbox 424 2382 2528 2798">
     <span class='ocr_line' id='line_1_19' title="bbox 495 2382 2528 2459; baseline -0.002 -17"><span class='ocrx_word' id='word_1_160' title='bbox 495 2387 667 2443; x_wconf 84' lang='lat' dir='ltr'><strong>Anno</strong></span> <span class='ocrx_word' id='word_1_161' title='bbox 717 2388 924 2459; x_wconf 81' lang='lat' dir='ltr'><strong>gratiae</strong></span> <span class='ocrx_word' id='word_1_162' title='bbox 958 2386 1275 2442; x_wconf 89' lang='lat' dir='ltr'><strong>millesimo</strong></span> <span class='ocrx_word' id='word_1_163' title='bbox 1314 2385 1726 2440; x_wconf 85' lang='lat' dir='ltr'><strong>trecentesimo</strong></span> <span class='ocrx_word' id='word_1_164' title='bbox 1760 2385 2042 2441; x_wconf 84' lang='lat' dir='ltr'><strong>vicesimo</strong></span> <span class='ocrx_word' id='word_1_165' title='bbox 2075 2382 2383 2449; x_wconf 63' lang='lat' dir='ltr'><strong>&#39;secundm</strong></span> <span class='ocrx_word' id='word_1_166' title='bbox 2425 2384 2528 2454; x_wconf 90' lang='lat' dir='ltr'><strong>qui</strong></span> 
     </span>
     <span class='ocr_line' id='line_1_20' title="bbox 424 2468 2527 2542; baseline -0.002 -15"><span class='ocrx_word' id='word_1_167' title='bbox 424 2476 519 2527; x_wconf 86' lang='lat' dir='ltr'><strong>est</strong></span> <span class='ocrx_word' id='word_1_168' title='bbox 551 2489 736 2527; x_wconf 89' lang='lat' dir='ltr'><strong>annus</strong></span> <span class='ocrx_word' id='word_1_169' title='bbox 772 2472 941 2542; x_wconf 87' lang='lat' dir='ltr'><strong>regni</strong></span> <span class='ocrx_word' id='word_1_170' title='bbox 984 2470 1166 2541; x_wconf 83' lang='lat' dir='ltr'><strong>Regis</strong></span> <span class='ocrx_word' id='word_1_171' title='bbox 1200 2468 1495 2533; x_wconf 80' lang='lat' dir='ltr'><strong>Edwardi,</strong></span> <span class='ocrx_word' id='word_1_172' title='bbox 1528 2486 1565 2524; x_wconf 87' lang='lat' dir='ltr'><strong>a</strong></span> <span class='ocrx_word' id='word_1_173' title='bbox 1599 2468 1955 2541; x_wconf 80' lang='lat' dir='ltr'><strong>Conquoestu</strong></span> <span class='ocrx_word' id='word_1_174' title='bbox 1991 2468 2263 2532; x_wconf 79' lang='lat' dir='ltr'><strong>Secundi,</strong></span> <span class='ocrx_word' id='word_1_175' title='bbox 2304 2473 2527 2523; x_wconf 86' lang='lat' dir='ltr'><strong>sextus·</strong></span> 
     </span>
     <span class='ocr_line' id='line_1_21' title="bbox 425 2551 2528 2620; baseline -0.002 -9"><span class='ocrx_word' id='word_1_176' title='bbox 425 2555 706 2620; x_wconf 89' lang='lat' dir='ltr'><strong>decimus,</strong></span> <span class='ocrx_word' id='word_1_177' title='bbox 759 2554 951 2612; x_wconf 86' lang='lat' dir='ltr'><strong>tenuit</strong></span> <span class='ocrx_word' id='word_1_178' title='bbox 998 2553 1124 2609; x_wconf 83' lang='lat' dir='ltr'><strong>Rex</strong></span> <span class='ocrx_word' id='word_1_179' title='bbox 1157 2552 1371 2610; x_wconf 80' lang='lat' dir='ltr'><strong>Natale</strong></span> <span class='ocrx_word' id='word_1_180' title='bbox 1407 2551 1785 2607; x_wconf 89' lang='lat' dir='ltr'><strong>Dominicum</strong></span> <span class='ocrx_word' id='word_1_181' title='bbox 1825 2553 2093 2617; x_wconf 83' lang='lat' dir='ltr'><strong>Eboraci,</strong></span> <span class='ocrx_word' id='word_1_182' title='bbox 2151 2551 2528 2606; x_wconf 75' lang='lat' dir='ltr'><strong>dissimulans</strong></span> 
     </span>
     <span class='ocr_line' id='line_1_22' title="bbox 425 2639 2527 2716; baseline -0.002 -17"><span class='ocrx_word' id='word_1_183' title='bbox 425 2644 637 2699; x_wconf 87' lang='lat' dir='ltr'><strong>damna</strong></span> <span class='ocrx_word' id='word_1_184' title='bbox 670 2641 967 2716; x_wconf 86' lang='lat' dir='ltr'><strong>probrosa,</strong></span> <span class='ocrx_word' id='word_1_185' title='bbox 1008 2659 1140 2713; x_wconf 79' lang='lat' dir='ltr'><strong>quae</strong></span> <span class='ocrx_word' id='word_1_186' title='bbox 1175 2645 1516 2714; x_wconf 78' lang='lat' dir='ltr'><strong>perceperat</strong></span> <span class='ocrx_word' id='word_1_187' title='bbox 1550 2640 1774 2696; x_wconf 88' lang='lat' dir='ltr'><strong>dudum</strong></span> <span class='ocrx_word' id='word_1_188' title='bbox 1808 2658 1914 2711; x_wconf 88' lang='lat' dir='ltr'><strong>per</strong></span> <span class='ocrx_word' id='word_1_189' title='bbox 1940 2639 2165 2704; x_wconf 88' lang='lat' dir='ltr'><strong>Scotos,</strong></span> <span class='ocrx_word' id='word_1_190' title='bbox 2195 2643 2256 2695; x_wconf 89' lang='lat' dir='ltr'><strong>et</strong></span> <span class='ocrx_word' id='word_1_191' title='bbox 2290 2645 2527 2710; x_wconf 87' lang='lat' dir='ltr'><strong>gestans</strong></span> 
     </span>
     <span class='ocr_line' id='line_1_23' title="bbox 426 2725 2346 2798; baseline -0.002 -15"><span class='ocrx_word' id='word_1_192' title='bbox 426 2729 595 2784; x_wconf 85' lang='lat' dir='ltr'><strong>vultu</strong></span> <span class='ocrx_word' id='word_1_193' title='bbox 628 2727 914 2794; x_wconf 71' lang='lat' dir='ltr'><strong>laetitiam,</strong></span> <span class='ocrx_word' id='word_1_194' title='bbox 955 2726 1221 2798; x_wconf 80' lang='lat' dir='ltr'><strong>quamvis</strong></span> <span class='ocrx_word' id='word_1_195' title='bbox 1256 2725 1591 2781; x_wconf 76' lang='lat' dir='ltr'><strong>immaniter</strong></span> <span class='ocrx_word' id='word_1_196' title='bbox 1625 2725 1692 2780; x_wconf 91' lang='lat' dir='ltr'><strong>in</strong></span> <span class='ocrx_word' id='word_1_197' title='bbox 1725 2726 1918 2779; x_wconf 85' lang='lat' dir='ltr'><strong>animo</strong></span> <span class='ocrx_word' id='word_1_198' title='bbox 1952 2729 2346 2796; x_wconf 83' lang='lat' dir='ltr'><strong>torqueretur.</strong></span> 
     </span>
    </p>

    <p class='ocr_par' dir='ltr' id='par_1_7' title="bbox 424 2809 2864 3221">
     <span class='ocr_line' id='line_1_24' title="bbox 495 2809 2829 2894; baseline -0.001 -23"><span class='ocrx_word' id='word_1_199' title='bbox 495 2814 718 2871; x_wconf 83' lang='lat' dir='ltr'><strong>Eodem</strong></span> <span class='ocrx_word' id='word_1_200' title='bbox 754 2821 1034 2887; x_wconf 88' lang='lat' dir='ltr'><strong>tempore,</strong></span> <span class='ocrx_word' id='word_1_201' title='bbox 1086 2813 1325 2894; x_wconf 79' lang='lat' dir='ltr'><strong>quidam</strong></span> <span class='ocrx_word' id='word_1_202' title='bbox 1361 2812 1435 2867; x_wconf 90' lang='lat' dir='ltr'><strong>de</strong></span> <span class='ocrx_word' id='word_1_203' title='bbox 1470 2812 1753 2868; x_wconf 88' lang='lat' dir='ltr'><strong>mediocri</strong></span> <span class='ocrx_word' id='word_1_204' title='bbox 1788 2809 2013 2868; x_wconf 81' lang='lat' dir='ltr'><strong>familia</strong></span> <span class='ocrx_word' id='word_1_205' title='bbox 2047 2812 2303 2877; x_wconf 81' lang='lat' dir='ltr'><strong>Thomae,</strong></span> <span class='ocrx_word' id='word_1_206' title='bbox 2344 2828 2524 2883; x_wconf 90' lang='lat' dir='ltr'><strong>quon·</strong></span> <span class='ocrx_word' id='word_1_207' title='bbox 2551 2818 2663 2868; x_wconf 87' lang='lat' dir='ltr'><strong>The</strong></span> <span class='ocrx_word' id='word_1_208' title='bbox 2686 2818 2829 2885; x_wconf 83' lang='lat' dir='ltr'><strong>King</strong></span> 
     </span>
     <span class='ocr_line' id='line_1_25' title="bbox 424 2885 2864 2967; baseline -0.003 -11"><span class='ocrx_word' id='word_1_209' title='bbox 424 2901 561 2956; x_wconf 88' lang='lat' dir='ltr'><strong>dam</strong></span> <span class='ocrx_word' id='word_1_210' title='bbox 598 2899 844 2955; x_wconf 85' lang='lat' dir='ltr'><strong>Comitis</strong></span> <span class='ocrx_word' id='word_1_211' title='bbox 882 2898 1256 2962; x_wconf 77' lang='lat' dir='ltr'><strong>Lancastrioe,</strong></span> <span class='ocrx_word' id='word_1_212' title='bbox 1296 2901 1500 2967; x_wconf 83' lang='lat' dir='ltr'><strong>captus</strong></span> <span class='ocrx_word' id='word_1_213' title='bbox 1537 2900 1646 2960; x_wconf 90' lang='lat' dir='ltr'><strong>est,</strong></span> <span class='ocrx_word' id='word_1_214' title='bbox 1702 2896 1805 2967; x_wconf 90' lang='lat' dir='ltr'><strong>qui</strong></span> <span class='ocrx_word' id='word_1_215' title='bbox 1854 2913 1960 2967; x_wconf 87' lang='lat' dir='ltr'><strong>pro</strong></span> <span class='ocrx_word' id='word_1_216' title='bbox 1994 2894 2312 2950; x_wconf 88' lang='lat' dir='ltr'><strong>rebellione</strong></span> <span class='ocrx_word' id='word_1_217' title='bbox 2349 2911 2525 2966; x_wconf 87' lang='lat' dir='ltr'><strong>quam</strong></span> <span class='ocrx_word' id='word_1_218' title='bbox 2548 2885 2766 2935; x_wconf 62' lang='lat' dir='ltr'><strong>rebukffl</strong></span> <span class='ocrx_word' id='word_1_219' title='bbox 2783 2885 2864 2936; x_wconf 66' lang='grc' dir='ltr'><strong>ΜΒ</strong></span> 
     </span>
     <span class='ocr_line' id='line_1_26' title="bbox 425 2953 2838 3054; baseline -0.003 -14"><span class='ocrx_word' id='word_1_220' title='bbox 425 2984 661 3050; x_wconf 85' lang='lat' dir='ltr'><strong>fecerat,</strong></span> <span class='ocrx_word' id='word_1_221' title='bbox 705 2982 1064 3054; x_wconf 87' lang='lat' dir='ltr'><strong>insurgendo</strong></span> <span class='ocrx_word' id='word_1_222' title='bbox 1099 2986 1301 3037; x_wconf 87' lang='lat' dir='ltr'><strong>contra</strong></span> <span class='ocrx_word' id='word_1_223' title='bbox 1335 2979 1561 3051; x_wconf 84' lang='lat' dir='ltr'><strong>Regem</strong></span> <span class='ocrx_word' id='word_1_224' title='bbox 1597 2981 1661 3035; x_wconf 86' lang='lat' dir='ltr'><strong>in</strong></span> <span class='ocrx_word' id='word_1_225' title='bbox 1698 2995 1884 3035; x_wconf 84' lang='lat' dir='ltr'><strong>werra</strong></span> <span class='ocrx_word' id='word_1_226' title='bbox 1918 2980 2232 3044; x_wconf 90' lang='lat' dir='ltr'><strong>Baronum,</strong></span> <span class='ocrx_word' id='word_1_227' title='bbox 2272 2985 2334 3034; x_wconf 91' lang='lat' dir='ltr'><strong>et</strong></span> <span class='ocrx_word' id='word_1_228' title='bbox 2367 2983 2528 3033; x_wconf 83' lang='lat' dir='ltr'><strong>nota·</strong></span> <span class='ocrx_word' id='word_1_229' title='bbox 2551 2953 2838 3016; x_wconf 58' lang='lat' dir='ltr'><strong>”dhemoe’</strong></span> 
     </span>
     <span class='ocr_line' id='line_1_27' title="bbox 424 3020 2830 3138; baseline -0.004 -15"><span class='ocrx_word' id='word_1_230' title='bbox 424 3066 642 3123; x_wconf 90' lang='lat' dir='ltr'><strong>bilibus</strong></span> <span class='ocrx_word' id='word_1_231' title='bbox 695 3064 1227 3138; x_wconf 73' lang='lat' dir='ltr'><strong>depraedationibus</strong></span> <span class='ocrx_word' id='word_1_232' title='bbox 1263 3070 1324 3119; x_wconf 92' lang='lat' dir='ltr'><strong>et</strong></span> <span class='ocrx_word' id='word_1_233' title='bbox 1357 3062 1663 3127; x_wconf 85' lang='lat' dir='ltr'><strong>incendiis,</strong></span> <span class='ocrx_word' id='word_1_234' title='bbox 1711 3062 1938 3134; x_wconf 84' lang='lat' dir='ltr'><strong>judicio</strong></span> <span class='ocrx_word' id='word_1_235' title='bbox 1985 3061 2221 3134; x_wconf 91' lang='lat' dir='ltr'><strong>publico</strong></span> <span class='ocrx_word' id='word_1_236' title='bbox 2263 3061 2529 3117; x_wconf 89' lang='lat' dir='ltr'><strong>condem·</strong></span> <span class='ocrx_word' id='word_1_237' title='bbox 2553 3020 2830 3136; x_wconf 46' lang='grc' dir='ltr'><strong>ῗέξὼθ</strong></span> 
     </span>
     <span class='ocr_line' id='line_1_28' title="bbox 424 3146 2795 3221; baseline -0.002 -13"><span class='ocrx_word' id='word_1_238' title='bbox 424 3159 595 3210; x_wconf 84' lang='lat' dir='ltr'><strong>natus</strong></span> <span class='ocrx_word' id='word_1_239' title='bbox 644 3157 753 3208; x_wconf 87' lang='lat' dir='ltr'><strong>est.</strong></span> <span class='ocrx_word' id='word_1_240' title='bbox 832 3149 949 3206; x_wconf 86' lang='lat' dir='ltr'><strong>Sed</strong></span> <span class='ocrx_word' id='word_1_241' title='bbox 1000 3150 1158 3221; x_wconf 88' lang='lat' dir='ltr'><strong>quia,</strong></span> <span class='ocrx_word' id='word_1_242' title='bbox 1213 3147 1559 3220; x_wconf 90' lang='lat' dir='ltr'><strong>quandoque</strong></span> <span class='ocrx_word' id='word_1_243' title='bbox 1597 3152 1842 3203; x_wconf 84' lang='lat' dir='ltr'><strong>steterat</strong></span> <span class='ocrx_word' id='word_1_244' title='bbox 1881 3147 1944 3201; x_wconf 90' lang='lat' dir='ltr'><strong>in</strong></span> <span class='ocrx_word' id='word_1_245' title='bbox 1994 3146 2180 3216; x_wconf 82' lang='lat' dir='ltr'><strong>Regis</strong></span> <span class='ocrx_word' id='word_1_246' title='bbox 2229 3146 2427 3210; x_wconf 84' lang='lat' dir='ltr'><strong>Curia,</strong></span> <span class='ocrx_word' id='word_1_247' title='bbox 2472 3150 2533 3200; x_wconf 91' lang='lat' dir='ltr'><strong>et</strong></span> <span class='ocrx_word' id='word_1_248' title='bbox 2556 3152 2709 3203; x_wconf 80' lang='lat' dir='ltr'><strong>death</strong></span> <span class='ocrx_word' id='word_1_249' title='bbox 2732 3153 2795 3203; x_wconf 80' lang='lat' dir='ltr'><strong>of</strong></span> 
     </span>
    </p>
   </div>
   <div class='ocr_carea' id='block_1_5' title="bbox 420 3219 2869 4434">
    <p class='ocr_par' dir='ltr' id='par_1_8' title="bbox 420 3219 2869 4434">
     <span class='ocr_line' id='line_1_29' title="bbox 424 3219 2869 3336; baseline -0.004 -40"><span class='ocrx_word' id='word_1_250' title='bbox 424 3240 727 3313; x_wconf 86' lang='lat' dir='ltr'><strong>placuerat</strong></span> <span class='ocrx_word' id='word_1_251' title='bbox 780 3238 1128 3311; x_wconf 87' lang='lat' dir='ltr'><strong>quibusdam</strong></span> <span class='ocrx_word' id='word_1_252' title='bbox 1182 3235 1255 3291; x_wconf 90' lang='lat' dir='ltr'><strong>de</strong></span> <span class='ocrx_word' id='word_1_253' title='bbox 1304 3235 1626 3307; x_wconf 87' lang='lat' dir='ltr'><strong>majoribus</strong></span> <span class='ocrx_word' id='word_1_254' title='bbox 1664 3234 1819 3306; x_wconf 82' lang='lat' dir='ltr'><strong>Regi</strong></span> <span class='ocrx_word' id='word_1_255' title='bbox 1873 3234 2300 3298; x_wconf 86' lang='lat' dir='ltr'><strong>assistentibus,</strong></span> <span class='ocrx_word' id='word_1_256' title='bbox 2356 3233 2530 3289; x_wconf 90' lang='lat' dir='ltr'><strong>multi</strong></span> <span class='ocrx_word' id='word_1_257' title='bbox 2554 3219 2869 3336; x_wconf 53' lang='lat' dir='ltr'><strong>ffiffiff</strong></span> 
     </span>
     <span class='ocr_line' id='line_1_30' title="bbox 425 3301 2843 3402; baseline -0.004 -16"><span class='ocrx_word' id='word_1_258' title='bbox 425 3330 652 3402; x_wconf 87' lang='lat' dir='ltr'><strong>Regem</strong></span> <span class='ocrx_word' id='word_1_259' title='bbox 704 3328 991 3393; x_wconf 88' lang='lat' dir='ltr'><strong>adierunt,</strong></span> <span class='ocrx_word' id='word_1_260' title='bbox 1048 3325 1413 3399; x_wconf 83' lang='lat' dir='ltr'><strong>deprecaturi</strong></span> <span class='ocrx_word' id='word_1_261' title='bbox 1461 3341 1568 3396; x_wconf 91' lang='lat' dir='ltr'><strong>pro</strong></span> <span class='ocrx_word' id='word_1_262' title='bbox 1606 3324 1732 3380; x_wconf 87' lang='lat' dir='ltr'><strong>vita</strong></span> <span class='ocrx_word' id='word_1_263' title='bbox 1766 3323 1913 3395; x_wconf 84' lang='lat' dir='ltr'><strong>ejus.</strong></span> <span class='ocrx_word' id='word_1_264' title='bbox 2005 3322 2159 3392; x_wconf 79' lang='lat' dir='ltr'><strong>Quos</strong></span> <span class='ocrx_word' id='word_1_265' title='bbox 2219 3341 2354 3379; x_wconf 87' lang='lat' dir='ltr'><strong>cum</strong></span> <span class='ocrx_word' id='word_1_266' title='bbox 2404 3322 2531 3378; x_wconf 84' lang='lat' dir='ltr'><strong>Rex</strong></span> <span class='ocrx_word' id='word_1_267' title='bbox 2803 3301 2843 3336; x_wconf 47' lang='grc' dir='ltr'><strong>τ’</strong></span> 
     </span>
     <span class='ocr_line' id='line_1_31' title="bbox 424 3411 2529 3485; baseline -0.003 -12"><span class='ocrx_word' id='word_1_268' title='bbox 424 3418 687 3473; x_wconf 79' lang='lat' dir='ltr'><strong>audisset</strong></span> <span class='ocrx_word' id='word_1_269' title='bbox 742 3415 1055 3472; x_wconf 88' lang='lat' dir='ltr'><strong>instantius</strong></span> <span class='ocrx_word' id='word_1_270' title='bbox 1128 3432 1235 3485; x_wconf 91' lang='lat' dir='ltr'><strong>pro</strong></span> <span class='ocrx_word' id='word_1_271' title='bbox 1295 3413 1423 3485; x_wconf 88' lang='lat' dir='ltr'><strong>ejus</strong></span> <span class='ocrx_word' id='word_1_272' title='bbox 1489 3411 1808 3468; x_wconf 79' lang='lat' dir='ltr'><strong>salvatione</strong></span> <span class='ocrx_word' id='word_1_273' title='bbox 1881 3411 2128 3483; x_wconf 87' lang='lat' dir='ltr'><strong>precari,</strong></span> <span class='ocrx_word' id='word_1_274' title='bbox 2206 3417 2529 3467; x_wconf 88' lang='lat' dir='ltr'><strong>commotus</strong></span> 
     </span>
     <span class='ocr_line' id='line_1_32' title="bbox 424 3495 2530 3567; baseline -0.004 -9"><span class='ocrx_word' id='word_1_275' title='bbox 424 3508 515 3558; x_wconf 89' lang='lat' dir='ltr'><strong>est</strong></span> <span class='ocrx_word' id='word_1_276' title='bbox 559 3499 1089 3564; x_wconf 85' lang='lat' dir='ltr'><strong>vehementissime,</strong></span> <span class='ocrx_word' id='word_1_277' title='bbox 1164 3515 1299 3553; x_wconf 90' lang='lat' dir='ltr'><strong>cum</strong></span> <span class='ocrx_word' id='word_1_278' title='bbox 1361 3496 1558 3552; x_wconf 83' lang='lat' dir='ltr'><strong>verbis</strong></span> <span class='ocrx_word' id='word_1_279' title='bbox 1626 3495 1861 3567; x_wconf 87' lang='lat' dir='ltr'><strong>imperii</strong></span> <span class='ocrx_word' id='word_1_280' title='bbox 1927 3495 2013 3550; x_wconf 84' lang='lat' dir='ltr'><strong>ita</strong></span> <span class='ocrx_word' id='word_1_281' title='bbox 2065 3495 2420 3566; x_wconf 88' lang='lat' dir='ltr'><strong>respondens</strong></span> <span class='ocrx_word' id='word_1_282' title='bbox 2439 3517 2530 3550; x_wconf 87' lang='lat'><strong>:—</strong></span> 
     </span>
     <span class='ocr_line' id='line_1_33' title="bbox 425 3578 2526 3650; baseline -0.004 -7"><span class='ocrx_word' id='word_1_283' title='bbox 425 3589 464 3615; x_wconf 90' lang='lat'><strong>“</strong></span> <span class='ocrx_word' id='word_1_284' title='bbox 480 3586 590 3643; x_wconf 77' lang='lat' dir='ltr'><strong>Vae</strong></span> <span class='ocrx_word' id='word_1_285' title='bbox 659 3582 846 3650; x_wconf 82' lang='lat' dir='ltr'><strong>vobis,</strong></span> <span class='ocrx_word' id='word_1_286' title='bbox 920 3599 1264 3639; x_wconf 84' lang='lat' dir='ltr'><strong>susurrones</strong></span> <span class='ocrx_word' id='word_1_287' title='bbox 1334 3578 1745 3644; x_wconf 83' lang='lat' dir='ltr'><strong>infandissimi,</strong></span> <span class='ocrx_word' id='word_1_288' title='bbox 1818 3578 2174 3634; x_wconf 88' lang='lat' dir='ltr'><strong>detractores</strong></span> <span class='ocrx_word' id='word_1_289' title='bbox 2233 3578 2526 3643; x_wconf 82' lang='lat' dir='ltr'><strong>malevoli,</strong></span> 
     </span>
     <span class='ocr_line' id='line_1_34' title="bbox 429 3661 2529 3744; baseline -0.005 -17"><span class='ocrx_word' id='word_1_290' title='bbox 429 3672 469 3698; x_wconf 88' lang='lat'><strong>“</strong></span> <span class='ocrx_word' id='word_1_291' title='bbox 504 3686 757 3741; x_wconf 86' lang='lat' dir='ltr'><strong>nequam</strong></span> <span class='ocrx_word' id='word_1_292' title='bbox 790 3666 1141 3744; x_wconf 73' lang='lat' dir='ltr'><strong>consiliarii3</strong></span> <span class='ocrx_word' id='word_1_293' title='bbox 1193 3683 1301 3738; x_wconf 91' lang='lat' dir='ltr'><strong>pro</strong></span> <span class='ocrx_word' id='word_1_294' title='bbox 1360 3663 1485 3719; x_wconf 88' lang='lat' dir='ltr'><strong>vita</strong></span> <span class='ocrx_word' id='word_1_295' title='bbox 1542 3661 1937 3734; x_wconf 86' lang='lat' dir='ltr'><strong>deprecamini</strong></span> <span class='ocrx_word' id='word_1_296' title='bbox 1996 3661 2303 3718; x_wconf 87' lang='lat' dir='ltr'><strong>nebulonis</strong></span> <span class='ocrx_word' id='word_1_297' title='bbox 2350 3663 2529 3718; x_wconf 86' lang='lat' dir='ltr'><strong>notis-</strong></span> 
     </span>
     <span class='ocr_line' id='line_1_35' title="bbox 428 3744 2528 3825; baseline -0.005 -16"><span class='ocrx_word' id='word_1_298' title='bbox 428 3756 468 3782; x_wconf 85' lang='lat'><strong>“</strong></span> <span class='ocrx_word' id='word_1_299' title='bbox 507 3752 662 3818; x_wconf 89' lang='lat' dir='ltr'><strong>simi,</strong></span> <span class='ocrx_word' id='word_1_300' title='bbox 721 3751 823 3825; x_wconf 82' lang='lat' dir='ltr'><strong>qui</strong></span> <span class='ocrx_word' id='word_1_301' title='bbox 877 3768 984 3824; x_wconf 90' lang='lat' dir='ltr'><strong>pro</strong></span> <span class='ocrx_word' id='word_1_302' title='bbox 1031 3748 1156 3805; x_wconf 80' lang='lat' dir='ltr'><strong>vita</strong></span> <span class='ocrx_word' id='word_1_303' title='bbox 1204 3747 1322 3803; x_wconf 87' lang='lat' dir='ltr'><strong>mei</strong></span> <span class='ocrx_word' id='word_1_304' title='bbox 1376 3745 1815 3819; x_wconf 84' lang='lat' dir='ltr'><strong>consanguinei,</strong></span> <span class='ocrx_word' id='word_1_305' title='bbox 1879 3744 2085 3800; x_wconf 86' lang='lat' dir='ltr'><strong>militis</strong></span> <span class='ocrx_word' id='word_1_306' title='bbox 2142 3744 2528 3801; x_wconf 86' lang='lat' dir='ltr'><strong>illustrissimi</strong></span> 
     </span>
     <span class='ocr_line' id='line_1_36' title="bbox 429 3833 2524 3908; baseline -0.005 -10"><span class='ocrx_word' id='word_1_307' title='bbox 429 3845 469 3870; x_wconf 90' lang='lat'><strong>“</strong></span> <span class='ocrx_word' id='word_1_308' title='bbox 505 3841 743 3897; x_wconf 83' lang='lat' dir='ltr'><strong>Thomae</strong></span> <span class='ocrx_word' id='word_1_309' title='bbox 780 3835 1047 3904; x_wconf 80' lang='lat' dir='ltr'><strong>Comitis,</strong></span> <span class='ocrx_word' id='word_1_310' title='bbox 1099 3835 1293 3892; x_wconf 86' lang='lat' dir='ltr'><strong>nullas</strong></span> <span class='ocrx_word' id='word_1_311' title='bbox 1329 3852 1535 3908; x_wconf 89' lang='lat' dir='ltr'><strong>preces</strong></span> <span class='ocrx_word' id='word_1_312' title='bbox 1572 3834 1764 3890; x_wconf 84' lang='lat' dir='ltr'><strong>facere</strong></span> <span class='ocrx_word' id='word_1_313' title='bbox 1799 3833 2091 3900; x_wconf 68' lang='lat' dir='ltr'><strong>voluistis.</strong></span> <span class='ocrx_word' id='word_1_314' title='bbox 2165 3833 2245 3889; x_wconf 82' lang='lat' dir='ltr'><strong>Et</strong></span> <span class='ocrx_word' id='word_1_315' title='bbox 2291 3833 2524 3904; x_wconf 82' lang='lat' dir='ltr'><strong>quidem</strong></span> 
     </span>
     <span class='ocr_line' id='line_1_37' title="bbox 430 3921 2522 4002; baseline -0.005 -15"><span class='ocrx_word' id='word_1_316' title='bbox 430 3931 470 3957; x_wconf 86' lang='lat'><strong>“</strong></span> <span class='ocrx_word' id='word_1_317' title='bbox 507 3929 559 3986; x_wconf 88' lang='lat' dir='ltr'><strong>si</strong></span> <span class='ocrx_word' id='word_1_318' title='bbox 599 3929 727 4002; x_wconf 87' lang='lat' dir='ltr'><strong>ipse</strong></span> <span class='ocrx_word' id='word_1_319' title='bbox 773 3927 1036 3994; x_wconf 80' lang='lat' dir='ltr'><strong>vixisset,</strong></span> <span class='ocrx_word' id='word_1_320' title='bbox 1090 3924 1237 3981; x_wconf 89' lang='lat' dir='ltr'><strong>mihi</strong></span> <span class='ocrx_word' id='word_1_321' title='bbox 1288 3924 1513 3995; x_wconf 88' lang='lat' dir='ltr'><strong>totique</strong></span> <span class='ocrx_word' id='word_1_322' title='bbox 1563 3940 1748 3994; x_wconf 89' lang='lat' dir='ltr'><strong>regno</strong></span> <span class='ocrx_word' id='word_1_323' title='bbox 1799 3921 2164 3979; x_wconf 86' lang='lat' dir='ltr'><strong>necessarius</strong></span> <span class='ocrx_word' id='word_1_324' title='bbox 2218 3922 2522 3977; x_wconf 81' lang='lat' dir='ltr'><strong>extitisset.</strong></span> 
     </span>
     <span class='ocr_line' id='line_1_38' title="bbox 432 4008 2527 4088; baseline -0.005 -12"><span class='ocrx_word' id='word_1_325' title='bbox 432 4019 470 4046; x_wconf 88' lang='lat'>“</span> <span class='ocrx_word' id='word_1_326' title='bbox 507 4017 625 4075; x_wconf 88' lang='lat' dir='ltr'><strong>Hic</strong></span> <span class='ocrx_word' id='word_1_327' title='bbox 660 4034 821 4084; x_wconf 85' lang='lat' dir='ltr'><strong>vere,</strong></span> <span class='ocrx_word' id='word_1_328' title='bbox 861 4019 1080 4088; x_wconf 88' lang='lat' dir='ltr'><strong>quanto</strong></span> <span class='ocrx_word' id='word_1_329' title='bbox 1114 4012 1340 4070; x_wconf 88' lang='lat' dir='ltr'><strong>diutius</strong></span> <span class='ocrx_word' id='word_1_330' title='bbox 1390 4012 1453 4067; x_wconf 89' lang='lat' dir='ltr'><strong>in</strong></span> <span class='ocrx_word' id='word_1_331' title='bbox 1504 4011 1613 4067; x_wconf 85' lang='lat' dir='ltr'><strong>hac</strong></span> <span class='ocrx_word' id='word_1_332' title='bbox 1650 4010 1775 4067; x_wconf 79' lang='lat' dir='ltr'><strong>vita</strong></span> <span class='ocrx_word' id='word_1_333' title='bbox 1822 4010 2163 4083; x_wconf 87' lang='lat' dir='ltr'><strong>perstiterit,</strong></span> <span class='ocrx_word' id='word_1_334' title='bbox 2204 4008 2318 4065; x_wconf 90' lang='lat' dir='ltr'><strong>erit</strong></span> <span class='ocrx_word' id='word_1_335' title='bbox 2366 4015 2527 4065; x_wconf 82' lang='lat' dir='ltr'><strong>tanto</strong></span> 
     </span>
     <span class='ocr_line' id='line_1_39' title="bbox 430 4096 2528 4177; baseline -0.005 -13"><span class='ocrx_word' id='word_1_336' title='bbox 430 4108 469 4135; x_wconf 78' lang='lat'><strong>‘⁸</strong></span> <span class='ocrx_word' id='word_1_337' title='bbox 507 4105 841 4173; x_wconf 80' lang='lat' dir='ltr'><strong>scelestior3</strong></span> <span class='ocrx_word' id='word_1_338' title='bbox 881 4103 1097 4177; x_wconf 90' lang='lat' dir='ltr'><strong>quippe</strong></span> <span class='ocrx_word' id='word_1_339' title='bbox 1122 4100 1224 4175; x_wconf 88' lang='lat' dir='ltr'><strong>qui</strong></span> <span class='ocrx_word' id='word_1_340' title='bbox 1257 4101 1539 4158; x_wconf 85' lang='lat' dir='ltr'><strong>hactenus</strong></span> <span class='ocrx_word' id='word_1_341' title='bbox 1562 4098 1813 4172; x_wconf 78' lang='lat' dir='ltr'><strong>replevit</strong></span> <span class='ocrx_word' id='word_1_342' title='bbox 1853 4097 2149 4154; x_wconf 86' lang='lat' dir='ltr'><strong>sceleratis</strong></span> <span class='ocrx_word' id='word_1_343' title='bbox 2175 4096 2528 4154; x_wconf 85' lang='lat' dir='ltr'><strong>facinoribus</strong></span> 
     </span>
     <span class='ocr_line' id='line_1_40' title="bbox 432 4185 2525 4264; baseline -0.003 -13"><span class='ocrx_word' id='word_1_344' title='bbox 432 4197 470 4223; x_wconf 90' lang='lat'>“</span> <span class='ocrx_word' id='word_1_345' title='bbox 508 4200 695 4251; x_wconf 75' lang='lat' dir='ltr'><strong>totum</strong></span> <span class='ocrx_word' id='word_1_346' title='bbox 741 4210 993 4264; x_wconf 86' lang='lat' dir='ltr'><strong>regnum</strong></span> <span class='ocrx_word' id='word_1_347' title='bbox 1054 4207 1271 4257; x_wconf 88' lang='lat' dir='ltr'><strong>meum,</strong></span> <span class='ocrx_word' id='word_1_348' title='bbox 1322 4207 1429 4261; x_wconf 91' lang='lat' dir='ltr'><strong>per</strong></span> <span class='ocrx_word' id='word_1_349' title='bbox 1464 4187 1785 4254; x_wconf 87' lang='lat' dir='ltr'><strong>animum,&#39;’</strong></span> <span class='ocrx_word' id='word_1_350' title='bbox 1823 4186 2033 4258; x_wconf 90' lang='lat' dir='ltr'><strong>inquit,</strong></span> <span class='ocrx_word' id='word_1_351' title='bbox 2088 4187 2127 4213; x_wconf 87' lang='lat'><strong>“</strong></span> <span class='ocrx_word' id='word_1_352' title='bbox 2152 4185 2284 4253; x_wconf 89' lang='lat' dir='ltr'><strong>Dei,</strong></span> <span class='ocrx_word' id='word_1_353' title='bbox 2337 4193 2525 4244; x_wconf 88' lang='lat' dir='ltr'><strong>morte</strong></span> 
     </span>
     <span class='ocr_line' id='line_1_41' title="bbox 430 4269 2529 4344; baseline -0.003 -11"><span class='ocrx_word' id='word_1_354' title='bbox 430 4280 471 4307; x_wconf 90' lang='lat'><strong>“</strong></span> <span class='ocrx_word' id='word_1_355' title='bbox 508 4277 705 4334; x_wconf 88' lang='lat' dir='ltr'><strong>debita</strong></span> <span class='ocrx_word' id='word_1_356' title='bbox 758 4274 1103 4336; x_wconf 52' lang='lat' dir='ltr'><strong>morietur?</strong></span> <span class='ocrx_word' id='word_1_357' title='bbox 1211 4273 1293 4330; x_wconf 79' lang='lat' dir='ltr'><strong>Et</strong></span> <span class='ocrx_word' id='word_1_358' title='bbox 1360 4289 1494 4328; x_wconf 87' lang='lat' dir='ltr'><strong>mox</strong></span> <span class='ocrx_word' id='word_1_359' title='bbox 1549 4271 1733 4344; x_wconf 89' lang='lat' dir='ltr'><strong>jussit</strong></span> <span class='ocrx_word' id='word_1_360' title='bbox 1790 4269 2184 4327; x_wconf 82' lang='lat' dir='ltr'><strong>executionem</strong></span> <span class='ocrx_word' id='word_1_361' title='bbox 2255 4271 2385 4326; x_wconf 88' lang='lat' dir='ltr'><strong>fieri</strong></span> <span class='ocrx_word' id='word_1_362' title='bbox 2454 4271 2529 4327; x_wconf 92' lang='lat' dir='ltr'><strong>de</strong></span> 
     </span>
     <span class='ocr_line' id='line_1_42' title="bbox 420 4355 2529 4434; baseline -0.003 -16"><span class='ocrx_word' id='word_1_363' title='bbox 420 4361 645 4434; x_wconf 85' lang='lat' dir='ltr'><strong>judicio</strong></span> <span class='ocrx_word' id='word_1_364' title='bbox 679 4361 816 4418; x_wconf 88' lang='lat' dir='ltr'><strong>dato</strong></span> <span class='ocrx_word' id='word_1_365' title='bbox 855 4377 1032 4432; x_wconf 87' lang='lat' dir='ltr'><strong>super</strong></span> <span class='ocrx_word' id='word_1_366' title='bbox 1066 4376 1237 4425; x_wconf 89' lang='lat' dir='ltr'><strong>eum;</strong></span> <span class='ocrx_word' id='word_1_367' title='bbox 1274 4363 1470 4414; x_wconf 87' lang='lat' dir='ltr'><strong>motus</strong></span> <span class='ocrx_word' id='word_1_368' title='bbox 1503 4355 1755 4411; x_wconf 85' lang='lat' dir='ltr'><strong>maxime</strong></span> <span class='ocrx_word' id='word_1_369' title='bbox 1789 4358 1990 4409; x_wconf 70' lang='lat' dir='ltr'><strong>conis-a</strong></span> <span class='ocrx_word' id='word_1_370' title='bbox 2022 4372 2179 4421; x_wconf 87' lang='lat' dir='ltr'><strong>suos,</strong></span> <span class='ocrx_word' id='word_1_371' title='bbox 2218 4355 2320 4427; x_wconf 89' lang='lat' dir='ltr'><strong>qui</strong></span> <span class='ocrx_word' id='word_1_372' title='bbox 2365 4355 2529 4412; x_wconf 87' lang='lat' dir='ltr'><strong>nolu-</strong></span> 
     </span>
    </p>
   </div>
   <div class='ocr_carea' id='block_1_6' title="bbox 2339 4523 2530 4532">
    <p class='ocr_par' dir='ltr' id='par_1_9' title="bbox 2339 4523 2530 4532">
     <span class='ocr_line' id='line_1_43' title="bbox 2339 4523 2530 4532; baseline 0 0"><span class='ocrx_word' id='word_1_373' title='bbox 2339 4523 2530 4532; x_wconf 95' lang='lat' dir='ltr'><strong> </strong></span> 
     </span>
    </p>
   </div>
   <div class='ocr_carea' id='block_1_7' title="bbox 435 4627 2472 4781">
    <p class='ocr_par' dir='ltr' id='par_1_10' title="bbox 435 4627 2472 4781">
     <span class='ocr_line' id='line_1_44' title="bbox 496 4627 2472 4702; baseline -0.005 -16"><span class='ocrx_word' id='word_1_374' title='bbox 496 4638 512 4667; x_wconf 81' lang='lat'>¹</span> <span class='ocrx_word' id='word_1_375' title='bbox 531 4654 622 4702; x_wconf 85' lang='lat' dir='ltr'><strong>per</strong></span> <span class='ocrx_word' id='word_1_376' title='bbox 658 4636 705 4686; x_wconf 84' lang='lat' dir='ltr'><strong>is</strong></span> <span class='ocrx_word' id='word_1_377' title='bbox 743 4636 863 4688; x_wconf 86' lang='lat' dir='ltr'><strong>here</strong></span> <span class='ocrx_word' id='word_1_378' title='bbox 891 4635 1110 4686; x_wconf 70' lang='lat' dir='ltr'><strong>inserted</strong></span> <span class='ocrx_word' id='word_1_379' title='bbox 1123 4634 1179 4684; x_wconf 87' lang='lat' dir='ltr'><strong>in</strong></span> <span class='ocrx_word' id='word_1_380' title='bbox 1203 4634 1290 4685; x_wconf 84' lang='lat' dir='ltr'><strong>the</strong></span> <span class='ocrx_word' id='word_1_381' title='bbox 1310 4631 1468 4698; x_wconf 81' lang='lat' dir='ltr'><strong>origi·</strong></span> <span class='ocrx_word' id='word_1_382' title='bbox 1532 4630 1699 4683; x_wconf 77' lang='lat' dir='ltr'><strong>tutin</strong></span> <span class='ocrx_word' id='word_1_383' title='bbox 1723 4628 1843 4680; x_wconf 79' lang='lat' dir='ltr'><strong>both</strong></span> <span class='ocrx_word' id='word_1_384' title='bbox 1864 4627 2120 4679; x_wconf 81' lang='lat' dir='ltr'><strong>instances</strong></span> <span class='ocrx_word' id='word_1_385' title='bbox 2138 4632 2472 4697; x_wconf 79' lang='lat' dir='ltr'><strong>erroneously.</strong></span> 
     </span>
     <span class='ocr_line' id='line_1_45' title="bbox 435 4708 2352 4781; baseline -0.003 -14"><span class='ocrx_word' id='word_1_386' title='bbox 435 4715 695 4781; x_wconf 61' lang='lat' dir='ltr'><strong>alm-om</strong></span> <span class='ocrx_word' id='word_1_387' title='bbox 708 4715 822 4768; x_wconf 77' lang='lat' dir='ltr'><strong>MS.</strong></span> <span class='ocrx_word' id='word_1_388' title='bbox 844 4714 983 4768; x_wconf 77' lang='lat' dir='ltr'><strong>Bibl.</strong></span> <span class='ocrx_word' id='word_1_389' title='bbox 1006 4715 1134 4781; x_wconf 77' lang='lat' dir='ltr'><strong>Reg.</strong></span> <span class='ocrx_word' id='word_1_390' title='bbox 1163 4718 1224 4765; x_wconf 76' lang='lat'><strong>1³</strong></span> <span class='ocrx_word' id='word_1_391' title='bbox 1246 4713 1307 4765; x_wconf 78' lang='lat' dir='ltr'><strong>E.</strong></span> <span class='ocrx_word' id='word_1_392' title='bbox 1329 4713 1433 4777; x_wconf 87' lang='lat' dir='ltr'><strong>ix.)</strong></span> <span class='ocrx_word' id='word_1_393' title='bbox 1451 4732 1465 4772; x_wconf 73' lang='grc' dir='ltr'><strong>ς</strong></span> <span class='ocrx_word' id='word_1_394' title='bbox 1596 4714 1617 4743; x_wconf 81' lang='lat'>²</span> <span class='ocrx_word' id='word_1_395' title='bbox 1638 4711 1778 4762; x_wconf 75' lang='lat' dir='ltr'><strong>tertio</strong></span> <span class='ocrx_word' id='word_1_396' title='bbox 1798 4709 1854 4762; x_wconf 86' lang='lat' dir='ltr'><strong>in</strong></span> <span class='ocrx_word' id='word_1_397' title='bbox 1876 4708 1962 4761; x_wconf 75' lang='lat' dir='ltr'><strong>the</strong></span> <span class='ocrx_word' id='word_1_398' title='bbox 1982 4708 2184 4774; x_wconf 77' lang='lat' dir='ltr'><strong>printed</strong></span> <span class='ocrx_word' id='word_1_399' title='bbox 2205 4716 2352 4762; x_wconf 68' lang='lat' dir='ltr'><strong>textu.</strong></span> 
     </span>
    </p>
   </div>
  </div>
 </body>
</html>
