3300 5617
1112 817 1440 870 msa-osu
1482 818 1895 871 moneam.
2131 841 2141 851 ·
2431 807 2558 872 153

462 1008 925 1065 introduxerunt.
995 1007 1108 1078 Qui
1132 1008 1327 1064 subito
1350 1008 1640 1064 irruentes
1666 1009 1727 1064 in
1750 1026 1904 1074 eum,
1931 1009 2016 1065 nil
2040 1009 2158 1066 tale
2182 1008 2555 1080 cogitantem,
2670 1014 2809 1071 ΑΒ.

461 1093 703 1150 inflictis
752 1093 946 1165 plagis
993 1099 1291 1166 ceperunt,
1309 1141 1314 1144 ,
1331 1099 1393 1149 et
1437 1093 1689 1149 vinculis
1738 1095 1943 1149 ferreis
1992 1094 2205 1149 acriter
2239 1093 2560 1149 constrinx-
2586 1089 2892 1147 1317,1318.

391 1222 405 1237 .
465 1182 673 1244 erunt;
715 1175 732 1210 ¹
750 1177 977 1244 deinde,
1008 1196 1184 1249 quam
1218 1177 1337 1233 cito
1370 1182 1704 1250 potuerunt,
1733 1195 1867 1233 eum
1902 1195 2039 1233 cum
2079 1179 2260 1234 fratre
2302 1194 2427 1241 suc,
2457 1177 2559 1247 qui

464 1267 662 1319 tamen
680 1267 902 1334 ,captus
936 1263 1144 1329 fuerat,
1180 1262 1508 1318 Londonias
1543 1263 2027 1328 transmiserunt3
2067 1262 2169 1318 ubi
2188 1275 2195 1280 ·
2198 1261 2561 1334 judicialiter

466 1346 900 1413 condemnatus,
930 1347 994 1403 in
1028 1346 1213 1404 oculis
1239 1346 1639 1402 Cardinalium
1676 1364 1822 1418 quos
1858 1347 2209 1419 spoliaverat
2241 1351 2464 1402 tractus
2501 1351 2562 1399 et

426 1473 442 1497 ‚
467 1449 787 1505 suspensus
810 1437 917 1488 est.
957 1431 1061 1488 Illi
1074 1449 1214 1488 vero
1239 1431 1342 1504 qui
1360 1431 1475 1487 sibi
1491 1429 1839 1486 famulatum
1852 1430 2237 1502 praebuerant,
2259 1429 2559 1484 audientes

468 1534 606 1575 eum
638 1522 892 1589 captum,
932 1515 1007 1573 ad
1040 1516 1367 1575 Walterum
1414 1514 1489 1570 de
1526 1514 1725 1586 Selby,
1765 1532 1888 1570 suae
1933 1520 2260 1571 consortem
2294 1513 2555 1578 malitiae,

468 1619 534 1658 se
568 1601 956 1667 contulerunt,
984 1601 1088 1673 qui
1109 1601 1174 1657 in
1193 1598 1616 1657 refortiuncula
1637 1616 1747 1655 sua
1769 1597 1841 1655 de
1863 1598 2095 1660 Horton
2117 1598 2324 1663 latens,
2348 1598 2560 1656 vicinis

469 1686 724 1744 similem
759 1685 1038 1758 injuriam
1071 1686 1375 1742 inferebat.

381 1790 423 1830 ·-
538 1769 672 1826 Hoc
722 1787 872 1826 anno
918 1770 1204 1826 Dominus
1251 1769 1415 1843 Papa
1462 1769 1790 1843 Septimum
1848 1767 2092 1824 Librum
2141 1767 2557 1832 Decretalium,
2586 1768 2699 1820 The

364 1864 409 1910 ¹'.
467 1873 505 1911 a
551 1853 982 1926 praedecessore
1030 1872 1137 1910 suo
1188 1855 1594 1927 compositum,
1646 1858 1708 1909 et
1755 1852 1924 1925 quasi
1973 1853 2047 1908 ab
2106 1853 2235 1925 ipso
2282 1853 2557 1917 deletum,
2588 1836 2809 1888 Sevenffi

2586 1902 2733 1953 Book
2744 1904 2808 1953 of
2813 1904 2899 1954 the

396 1962 410 1976 ·
466 1937 884 2010 promulgavit,
934 1938 1211 2002 instituit,
1261 1944 1323 1994 et
1368 1938 1749 1996 confirmavit.
1825 1936 2094 1993 Instituit
2134 1937 2312 1992 etiam
2347 1937 2563 1994 festum
2587 1970 2882 2031 Doem3

470 2021 856 2079 solemnitatis
903 2020 1179 2095 Corporis
1227 2021 1469 2088 Christi,
1521 2022 1677 2095 quod
1724 2021 1796 2078 ab
1842 2019 2079 2077 Urbano
2114 2020 2276 2093 Papa
2307 2019 2331 2053 ‘⁶'
2344 2020 2564 2092 Quarto
2588 2037 2899 2088 andimfim-

469 2105 725 2178 sumpsit
758 2105 1080 2162 exordium.
1185 2137 1190 2140 -
2588 2103 2697 2154 tion
2712 2104 2782 2182 ‘of
2793 2104 2880 2154 the

540 2190 777 2247 Transit
797 2208 981 2246 annus
1005 2192 1119 2247 iste
1154 2190 1374 2247 sterilis
1408 2191 1473 2246 in
1505 2190 1708 2246 multis
1742 2190 2008 2263 partibus
2043 2190 2217 2262 regni
2238 2190 2435 2262 hujus,
2464 2190 2567 2246 sed
2589 2171 2811 2221 Faeuml
2834 2171 2896 2221 ⁰¹⁸

470 2274 711 2330 miseria
758 2275 1047 2347 copiosus,
1099 2274 1244 2331 dum
1293 2274 1593 2347 provincia
1630 2274 2129 2339 Northumbrana,
2183 2293 2337 2330 nunc
2375 2273 2566 2331 Scotis
2592 2237 2799 2356 ἓξὲξ.

471 2359 692 2423 attrita,
744 2376 898 2414 nunc
944 2359 1316 2432 praedonibus
1367 2358 1527 2416 illius
1578 2360 1785 2431 patriae
1833 2363 2169 2431 pauperata,
2210 2360 2379 2430 quasi
2414 2360 2567 2414 inter

471 2441 745 2499 incudem
795 2447 858 2499 et
904 2443 1184 2500 malleum
1217 2443 1595 2510 versabatur;
1632 2448 1654 2477 ⁸
1672 2443 1837 2516 Rege
1871 2444 2160 2513 regnique
2194 2442 2566 2515 magnatibus

469 2527 708 2583 interim
779 2527 1103 2600 putibunde
1175 2527 1553 2584 stertentibus
1614 2533 1676 2583 et
1741 2527 1762 2559 ⁴
1782 2526 2285 2584 dissimulantibus
2358 2527 2569 2583 damna

472 2629 730 2668 suorum.
1936 2641 1939 2642 ⁷

542 2695 714 2752 Anno
750 2698 957 2768 gratiss
992 2697 1307 2754 millesimo
1330 2696 1736 2754 trecentesimo
1758 2695 1983 2753 decimo
2017 2697 2038 2729 ⁶
2057 2698 2323 2770 septimo,
2353 2699 2455 2771 qui
2480 2703 2570 2754 est

473 2798 658 2837 annus
693 2783 864 2852 regni
900 2781 1085 2852 Regis
1121 2780 1413 2846 Edwardi,
1441 2799 1478 2837 a
1501 2781 1857 2853 Oonquaestu
1894 2781 2165 2847 Secundi,
2205 2781 2567 2848 undecimus,

147 2870 448 2924 contri-ivea
472 2864 665 2921 tenuit
698 2864 826 2920 Rex
858 2865 1072 2922 Natale
1109 2865 1265 2938 apud
1298 2865 1919 2934 westmonasterium3
1959 2867 2056 2922 cui
2090 2867 2260 2938 pauci
2296 2867 2368 2922 de
2403 2885 2569 2939 mag·

143 2925 372 3018 ffliibl.
473 2950 709 3006 natibus
756 2951 1165 3016 interfuerunt,
1216 2957 1456 3023 propter
1503 2950 1856 3007 discordiam
1900 2957 2119 3007 motam
2152 2953 2308 3007 inter
2343 2951 2569 3023 Regem

146 3024 450 3077 ¹³⁶⁸·233·²¹·
477 3041 539 3091 et
588 3052 879 3106 proceres,
936 3051 1005 3089 eo
1059 3034 1216 3105 quod
1264 3035 1479 3090 totiens
1527 3032 1825 3090 Articulos
1877 3034 2090 3105 petitos
2143 3040 2203 3090 et
2254 3035 2569 3107 promissos

143 3118 451 3182 Melone,

144 3191 292 3302 ᾖξε..

242 3288 254 3301 .
280 3251 419 3304 Bibl.

142 3318 269 3396 Reg.
298 3323 357 3368 13

146 3384 203 3435 E.
226 3400 299 3436 ix.

475 3117 666 3175 noluit
700 3118 1016 3174 observari.
1089 3118 1208 3174 Sed
1260 3118 1399 3189 quia
1443 3135 1694 3189 regnum
1728 3135 1833 3189 per
1870 3117 2175 3174 Scotorum
2211 3120 2570 3192 irruptiones
2594 3135 2846 3186 Renewed

475 3202 536 3257 in
589 3201 802 3273 grandi
851 3202 968 3257 fuit
1014 3201 1276 3273 periculo
1329 3202 1728 3265 constitutum,
1785 3218 1993 3274 nempe
2045 3201 2205 3259 Scoti
2254 3221 2441 3275 usque
2496 3205 2570 3260 ad
2595 3203 2822 3266 negotia-

472 3285 803 3341 Eboracum
838 3302 910 3340 ex
944 3302 1063 3341 una
1084 3290 1270 3357 parte,
1299 3291 1360 3341 et
1381 3303 1568 3357 usque
1592 3285 1668 3340 ad
1690 3284 2090 3342 Lancastriam
2125 3303 2197 3342 ex
2231 3286 2348 3342 alia
2380 3293 2566 3360 parte,
2594 3269 2730 3320 ‘³⁰⁸⁸
2751 3270 2831 3320 f⁰¹'

472 3368 882 3435 comburendo,
909 3369 1211 3434 vast-ande,
1238 3369 1568 3442 praedando,
1595 3368 1757 3424 nullo
1792 3370 2119 3436 resistente,
2146 3378 2567 3443 pervenerant;
2594 3338 2867 3454 ffibtffe

472 3454 713 3509 Prsslati
736 3454 926 3525 regni,
954 3453 1157 3510 accitis
1183 3453 1299 3509 sibi
1322 3452 1749 3518 Cardinalibus,
1769 3452 1994 3526 Regem
2017 3454 2249 3521 adeunt,
2276 3458 2572 3528 precaturi
2596 3469 2739 3535 King
2760 3471 2862 3518 and

475 3544 761 3609 quatenus
796 3536 1116 3602 Articulos,
1155 3539 1370 3594 totiens
1407 3536 1690 3610 expetitos
1726 3538 2056 3610 totiensque
2090 3541 2428 3612 promissos,
2466 3559 2572 3614 pro
2598 3535 2683 3586 the
2699 3535 2886 3586 noble&

475 3629 634 3678 statu
667 3623 840 3694 regni
876 3628 938 3678 et
970 3622 1251 3678 Ecclesiae
1288 3622 1439 3678 bona
1473 3622 1587 3677 fide
1621 3622 2007 3688 confirmaret,
2047 3629 2109 3679 et
2145 3643 2260 3680 usu
2306 3626 2404 3682 vel
2439 3633 2574 3682 actu

475 3706 716 3763 stabiles
741 3724 868 3763 esse
893 3707 1275 3779 permitteret,
1302 3724 1376 3762 ne
1413 3706 1526 3762 sibi
1554 3724 1855 3780 regnoque
1879 3725 1984 3763 suo
2009 3706 2224 3779 ‘grave
2246 3710 2572 3782 periculum

475 3791 755 3848 eveniret.
850 3791 977 3847 Rex
1045 3790 1358 3847 inclinatus
1429 3790 1753 3847 humilibus
1823 3790 2094 3864 precibus
2165 3793 2567 3858 Praelatorum,

478 3875 656 3931 simul
702 3881 764 3931 et
798 3874 1213 3939 Cardinalium,
1253 3875 1408 3930 diem
1457 3875 1666 3932 statuit
1714 3875 1911 3931 Sancti
1949 3874 1989 3929 J
1991 3875 2234 3933 ohannis
2270 3877 2569 3950 Baptistae,

451 3958 709 4050 ¹quando
758 3959 1131 4031 congregatis
1181 3958 1533 4031 Leycestriae
1582 3965 1706 4015 tam
1764 3958 1920 4015 clero
1979 3977 2157 4031 quam
2215 3961 2569 4033 proceribus,

546 4250 561 4280 ¹
589 4248 702 4300 'Ibe
725 4248 878 4299 latter
897 4255 1010 4314 part
1032 4247 1094 4299 of
1104 4247 1207 4300 this
1226 4248 1480 4299 narrative
1641 4250 1663 4279 ⁸
1682 4247 1812 4314 Περὶ
1831 4248 1888 4298 in
1916 4247 2058 4315 orig,
2079 4247 2193 4301 MS.
2210 4248 2348 4301 Bibl.
2363 4249 2491 4315 Reg.
2515 4256 2575 4301 13

481 4327 645 4379 varies
693 4328 824 4378 stum
877 4329 987 4379 that
1041 4327 1104 4377 of
1149 4326 1483 4388 'lh-okelovm
1577 4329 1637 4380 E.
1661 4328 1748 4390 ix„
1769 4329 1870 4379 and
1892 4328 1979 4380 the
2002 4328 2199 4393 printed
2219 4336 2371 4382 texts.

481 4405 650 4457 which
669 4405 716 4456 is
739 4406 892 4457 much
914 4406 1079 4466 fuller,
1095 4405 1290 4472 though
1305 4406 1347 4457 it
1361 4409 1483 4458 does
1642 4411 1661 4439 ⁴
1683 4406 2021 4458 simulantibus
2092 4408 2149 4459 iu
2222 4409 2311 4461 the
2376 4411 2577 4478 printed

482 4491 574 4535 not
608 4492 738 4535 state
772 4484 884 4535 that
917 4485 1007 4535 the
1042 4484 1309 4537 cardinals
1351 4500 1482 4537 vere
1577 4493 1728 4539 texts.

481 4570 682 4629 present
704 4571 758 4615 st
777 4563 1103 4616 Middletou’s
1123 4565 1406 4617 execution.
1643 4569 1665 4597 ⁸
1685 4572 1852 4617 octavo
1873 4566 1930 4616 iu
1950 4566 2039 4618 the
2054 4566 2255 4632 printed
2277 4575 2425 4620 texts.

543 4644 566 4674 ¹
592 4642 822 4705 Quartus
861 4642 915 4692 iu
950 4642 1102 4709 orig.;
1147 4645 1216 4709 by
1250 4642 1483 4695 inadver-
1645 4647 1666 4674 ⁸
1683 4646 1851 4711 9ravis
1877 4643 1930 4694 in
1971 4646 2127 4712 orig.;
2161 4650 2417 4701 corrected
2446 4648 2577 4701 from

482 4729 641 4776 teneo.
1578 4725 1665 4777 the
1688 4724 1889 4792 printed
1909 4732 2058 4780 texts.

2288 4801 2312 4830 Ο
