3300 5617
1105 802 1435 855 msa-cnm
1466 803 1890 858 Ancmcsm.
2462 792 2543 860 11

404 981 727 1043 {civitates
778 985 973 1045 11:211oe
1022 989 1419 1063 progreditur,
1475 994 1696 1066 ubique
1729 987 2000 1066 receptus
2052 1007 2090 1049 a
2136 991 2364 1048 civibus
2417 1007 2552 1049 cum
2576 991 2887 1048 A.D.127s.

380 1070 675 1140 ·gaudio
729 1074 984 1134 maximo
1042 1080 1105 1131 et
1159 1076 1397 1133 honore.
1506 1079 1861 1150 Ingressuro
1918 1083 2117 1134 sutem
2175 1074 2550 1143 Sabaudiam,

453 1155 684 1224 praelati
720 1173 790 1212 ac
824 1175 1098 1230 proceres
1120 1159 1358 1233 Angliae
1401 1162 1821 1235 quamplurimi
1855 1162 1920 1219 in
1953 1161 2240 1218 descensu
2264 1161 2555 1218 montium

453 1246 852 1297 occurrerunt.

524 1322 792 1396 Cumque
825 1325 1151 1384 Edwardus
1184 1327 1602 1401 pertransisset
1635 1328 2006 1398 sabaudiam,
2046 1330 2257 1387 Comes
2279 1327 2551 1386 ¹Ksbila·
2579 1333 2840 1387 Edward’s

451 1408 649 1464 nensis
698 1425 836 1466 eum
870 1411 948 1466 ad
980 1411 1190 1468 ludum
1220 1411 1559 1482 militarem,
1606 1414 1709 1486 qui
1743 1413 2810 1487 vulgo“torneamentum”1>r⁰we⁸⁸·

452 1490 689 1559 dicitur,
730 1494 1024 1551 invitavit.
1084 1495 1339 1570 Optabst
1373 1499 1530 1554 enim
1566 1499 1696 1571 ipse
1722 1497 1952 1564 Comes,
1980 1517 2117 1554 cum
2151 1500 2356 1555 multis
2393 1499 2548 1566 aliis,

448 1576 723 1633 militiam
762 1577 1038 1636 Edwardi
1089 1599 1266 1654 opere
1307 1583 1595 1656 experiri3
1653 1584 1823 1656 cnjus
1871 1584 1998 1656 jam
2033 1585 2190 1639 fama.
2221 1585 2555 1656 repleverat

448 1663 638 1716 totum
674 1662 895 1719 orbem.
959 1664 1224 1734 Quorum
1246 1666 1401 1722 votis
1437 1665 1925 1734 condescendens,
1953 1666 2278 1724 Edwardus
2316 1687 2379 1724 se
2415 1685 2552 1725 cum

448 1745 737 1802 militibus
763 1749 908 1814 suis,
946 1748 1090 1805 licet
1128 1750 1308 1821 longa
1340 1751 1816 1824 peregrinatione
1851 1752 2098 1818 vexetis,
2124 1758 2355 1824 partem
2389 1752 2547 1809 velle

448 1834 649 1885 tenere
685 1839 889 1889 contra
924 1833 1215 1889 Comitem
1268 1840 1331 1891 et
1379 1852 1517 1891 suos
1552 1835 1904 1908 proclamari
1939 1835 2099 1902 fecit,
2139 1853 2208 1892 sc
2244 1853 2552 1910 quoscumb

451 1931 566 1986 que
601 1915 747 1972 alios
781 1917 1004 1973 milites
1039 1918 1441 1975 adventantes.
1520 1918 1634 1974 Die
1669 1919 1870 1990 itaque
1906 1926 2126 1976 statuto
2162 1921 2552 1994 congrediun-

450 2003 550 2054 tur
582 2007 798 2071 partes,
837 2002 1173 2075 gladiisque
1208 2003 1271 2058 in
1306 2004 1658 2060 alterutrum
1711 2005 2140 2076 ingeminantes
2176 2006 2351 2072 ictus,
2389 2006 2550 2062 vires

452 2099 588 2139 sues
623 2091 911 2141 exercent.
988 2087 1199 2143 Comes
1234 2104 1376 2144 vero
1411 2104 1665 2144 cuneum
1699 2088 1978 2145 Edwardi
2025 2095 2359 2161 penetrans,
2412 2108 2550 2145 cum

450 2166 579 2238 ipso
601 2170 867 2226 cominus
902 2173 1303 2243 congreditur.
1380 2171 1495 2228 Cui
1532 2173 1791 2239 tandem,
1820 2173 2049 2245 abjecto
2085 2174 2302 2245 gladio,
2344 2191 2551 2246 appro-

449 2252 634 2324 pians,
674 2255 893 2310 collum
926 2255 1204 2311 Edwardi
1236 2257 1479 2312 brachio
1513 2256 1925 2323 circumduxit,
1953 2261 2015 2312 et
2045 2266 2173 2313 tots
2206 2257 2551 2314 fortitudine

450 2338 800 2409 asta-ingens,
841 2339 915 2394 ab
951 2357 1104 2411 equo
1139 2340 1450 2397 deta-ahere
1488 2342 1826 2397 conabatur.
1919 2340 2039 2397 Sed
2078 2341 2422 2408 Edwardus,
2461 2342 2552 2396 in·

448 2422 784 2479 flexibiliter
819 2442 883 2480 se
906 2430 1113 2481 tenens
1150 2433 1432 2492 erectum,
1460 2425 1602 2481 dum
1627 2426 1922 2482 Comitem
1946 2425 2061 2480 sibi
2100 2426 2287 2482 sensit
2319 2425 2550 2482 firmius

449 2505 862 2574 sdhaerentem,
926 2527 1147 2582 equum
1206 2510 1474 2581 urgendo
1532 2510 1861 2567 calcaribus
1923 2509 2216 2566 Comitem
2276 2529 2313 2567 a
2361 2511 2382 2539 ²
2404 2511 2553 2567 selle

448 2590 766 2659 abstraxit3
807 2611 984 2665 quem
1019 2594 1096 2650 sd
1129 2594 1350 2650 collum
1387 2613 1562 2651 suum
1597 2595 1950 2666 pendentem
2003 2595 2215 2651 fortius
2251 2596 2551 2652 excutiens

447 2693 484 2730 a
516 2693 579 2731 se
612 2677 680 2732 in
710 2684 933 2733 terram
969 2678 1202 2752 dejecit.
1261 2679 1721 2736 Commoventur
1757 2678 1963 2736 exinde
1999 2679 2454 2751 Burgundiones
2489 2680 2554 2735 in

446 2759 615 2829 iram,
665 2768 728 2818 et
772 2763 993 2835 ubique
1053 2763 1402 2820 exercitium
1447 2782 1751 2821 armorum
1808 2763 1872 2820 in
1917 2764 2197 2821 hostilem
2242 2765 2550 2832 insultum,

448 2852 820 2921 emptumque
856 2848 984 2905 ludi
1018 2849 1300 2906 bellicum
1333 2850 1588 2906 vertitur
1622 2850 1688 2905 in
1722 2850 2062 2906 tumultum.
2156 2850 2407 2907 Caedunt
2440 2851 2554 2925 igi-

446 2938 545 2989 tur
599 2932 873 2990 cedentes
920 2933 1185 3006 Anglici.
1240 2939 1303 2990 et·
1349 2934 1474 2992 vim
1520 2935 1585 2991 vi
1633 2934 1952 3008 repellunt,
2006 2936 2238 2991 fortiter
2294 2936 2553 3009 impetus

447 3019 785 3090 frangentes
821 3017 1313 3075 adversariorum.
1385 3019 1638 3075 Interim
1675 3020 1908 3087 Comes,
1946 3020 2309 3078 refocillatus
2343 3020 2550 3093 paulu·

447 3102 589 3168 lum,
627 3103 985 3159 Edwardum
1036 3103 1292 3159 secundo
1344 3104 1728 3176 aggreditur3
1785 3104 1955 3177 cujus
1995 3122 2172 3176 super
2209 3123 2273 3160 se
2312 3123 2550 3161 manum

447 3187 704 3244 sentiens
726 3187 1061 3259 aggravari,
1090 3186 1318 3244 dedidit
1340 3205 1405 3243 se
1429 3187 1638 3243 eidem.
1682 3187 1899 3261 Sicque
1923 3188 2253 3261 peregrinis
2277 3206 2552 3246 concessa

446 3270 711 3338 victoria,
749 3276 949 3344 partes
986 3271 1227 3328 ambae
1208 3291 1274 3329 ιιι
1307 3271 1516 3327 urbem
1550 3272 1795 3345 pacifice
1828 3277 2227 3330 revertuntur.

608 3447 994 3515 Edwardus
1018 3443 1204 3536 facit
1246 3445 1649 3534 homayiwm
1690 3447 1865 3533 Reyi
1909 3446 2395 3517 ’Fu-mmm.

515 3586 662 3643 Post
693 3586 840 3652 hoec,
866 3586 1192 3643 Edwardus
1226 3586 1393 3642 venit
1426 3586 1489 3640 in
1512 3585 1842 3652 Franciam,
1883 3591 1945 3642 et
1979 3604 2016 3642 a
2035 3583 2332 3659 Philippo,
2359 3585 2543 3642 Fran·
2566 3596 2883 3666 Hishcmage

446 3688 648 3726 corum
682 3670 867 3743 Rege,
909 3670 1221 3743 magnifice
1263 3675 1569 3741 susceptus
1606 3675 1732 3738 est3
1771 3669 2028 3741 fecitque
2061 3669 2402 3743 homagium
2436 3689 2544 3744 pro
2566 3672 2619 3714 ‘0
2640 3661 2882 3733 ffieffinss

445 3754 622 3811 terris
669 3754 793 3810 suis
843 3771 987 3826 quas
1046 3753 1121 3809 de
1183 3771 1253 3810 eo
1300 3753 1555 3819 tenebat,
1597 3753 1708 3810 sub
1769 3754 2095 3810 conditione
2154 3754 2544 3812 restitutionis
2567 3730 2628 3781 ⁰f
2640 3731 2848 3785 Fmoe·

444 3845 737 3896 terrarum
786 3838 943 3911 patri
991 3856 1116 3906 suc,
1156 3838 1220 3893 in
1254 3837 1592 3893 venditione
1638 3837 2036 3905 Nox-manniae,
2099 3839 2542 3912 promissarum.

445 3922 674 3979 Deinde
708 3922 773 3979 in
805 3921 1178 3980 Wasconiam
1230 3922 1643 3996 proficiscitur,
1699 3923 1775 3979 ad
1827 3924 2314 3996 compescendum
2364 3939 2547 3979 novos

445 4015 656 4075 motus,
721 4026 867 4080 quos
925 4007 990 4062 in
1048 4007 1253 4063 eadem
1314 4007 1504 4064 Gasco
1563 4003 1635 4063 de
1695 4005 1932 4073 Bistua,
1995 4007 2166 4065 miles
2214 4006 2427 4063 nobilis
2489 4013 2550 4063 et

445 4097 736 4160 strenuus,
765 4093 871 4149 sed
906 4111 942 4147 a
976 4091 1089 4148 fide
1126 4091 1346 4147 domini
1383 4093 1478 4149 sui
1500 4091 1776 4148 Edwardi
1813 4091 2105 4159 deficiens,
2133 4093 2543 4148 concitaverat.

445 4177 633 4249 Cujus
692 4184 884 4233 terras
943 4173 1271 4233 Edwardus
1351 4195 1487 4232 cum
1564 4175 1828 4232 exercitu
1885 4183 2156 4249 potenter
2214 4175 2543 4249 ingressus,

443 4261 642 4334 ipsum
675 4262 740 4320 in
776 4262 980 4335 fugam
1017 4253 1232 4334 coegit,
1272 4267 1334 4318 et
1374 4262 1438 4318 in
1492 4261 1745 4334 quodam
1796 4267 1989 4317 castro
2039 4259 2176 4318 forti
2213 4278 2281 4317 ac
2316 4262 2545 4317 munito

441 4345 689 4404 obsedit.

512 4602 526 4631 ¹
584 4598 829 4666 Properly
879 4598 1268 4653 catalaunensis
1338 4605 1370 4631 ‘⁴
1391 4599 1454 4651 of
1544 4604 1694 4651 texts.

442 4685 473 4709 “
497 4671 768 4733 chalons?
1613 4679 1633 4709 ⁸
1666 4676 1906 4730 Francu'oe
1927 4675 1983 4728 ln
2004 4675 2092 4730 the
2113 4674 2318 4744 printed
2337 4673 2524 4739 censs,

507 4761 531 4792 ²
561 4758 684 4811 cella
703 4758 760 4811 in
781 4761 924 4827 orig„
946 4761 1048 4812 and
1064 4759 1119 4811 in
1140 4758 1229 4813 the
1243 4757 1443 4826 printed
