<?xml version="1.0" encoding="UTF-8"?>
<!DOCTYPE html PUBLIC "-//W3C//DTD XHTML 1.0 Transitional//EN"
    "http://www.w3.org/TR/xhtml1/DTD/xhtml1-transitional.dtd">
<html xmlns="http://www.w3.org/1999/xhtml" xml:lang="en" lang="en">
 <head>
  <title>
</title>
<meta http-equiv="Content-Type" content="text/html;charset=utf-8" />
  <meta name='ocr-system' content='tesseract 3.04.00' />
  <meta name='ocr-capabilities' content='ocr_page ocr_carea ocr_par ocr_line ocrx_word'/>
</head>
<body>
  <div class='ocr_page' id='page_1' title='image "./thomaewalsingha00unkngoog_0513.png"; bbox 0 0 3300 5617; ppageno 0'>
   <div class='ocr_carea' id='block_1_1' title="bbox 1128 812 2571 881">
    <p class='ocr_par' dir='ltr' id='par_1_1' title="bbox 1128 812 2571 881">
     <span class='ocr_line' id='line_1_1' title="bbox 1128 812 2571 881; baseline -0.005 0"><span class='ocrx_word' id='word_1_1' title='bbox 1128 829 1458 881; x_wconf 74' lang='lat' dir='ltr'>ms&#39;rosm</span> <span class='ocrx_word' id='word_1_2' title='bbox 1486 827 1906 879; x_wconf 61' lang='lat' dir='ltr'>Ausucum.</span> <span class='ocrx_word' id='word_1_3' title='bbox 2442 812 2571 880; x_wconf 87' lang='lat'>395</span> 
     </span>
    </p>
   </div>
   <div class='ocr_carea' id='block_1_2' title="bbox 320 1013 2906 1087">
    <p class='ocr_par' dir='ltr' id='par_1_2' title="bbox 320 1013 2906 1087">
     <span class='ocr_line' id='line_1_2' title="bbox 320 1013 2906 1087; baseline -0.001 -15"><span class='ocrx_word' id='word_1_4' title='bbox 320 1020 333 1032; x_wconf 79' lang='lat'><em>⁰</em></span> <span class='ocrx_word' id='word_1_5' title='bbox 391 1055 411 1072; x_wconf 85' lang='lat'><strong>.</strong></span> <span class='ocrx_word' id='word_1_6' title='bbox 477 1016 732 1081; x_wconf 87' lang='lat' dir='ltr'>modum,</span> <span class='ocrx_word' id='word_1_7' title='bbox 772 1015 868 1069; x_wconf 83' lang='lat' dir='ltr'>vel</span> <span class='ocrx_word' id='word_1_8' title='bbox 904 1031 1107 1070; x_wconf 88' lang='lat' dir='ltr'>eorum</span> <span class='ocrx_word' id='word_1_9' title='bbox 1142 1014 1337 1086; x_wconf 87' lang='lat' dir='ltr'>opinio</span> <span class='ocrx_word' id='word_1_10' title='bbox 1386 1032 1564 1087; x_wconf 87' lang='lat' dir='ltr'>penes</span> <span class='ocrx_word' id='word_1_11' title='bbox 1600 1014 1848 1087; x_wconf 84' lang='lat' dir='ltr'>Regem.</span> <span class='ocrx_word' id='word_1_12' title='bbox 1922 1013 2060 1069; x_wconf 87' lang='lat' dir='ltr'>Hiis</span> <span class='ocrx_word' id='word_1_13' title='bbox 2110 1013 2310 1086; x_wconf 88' lang='lat' dir='ltr'>itaque</span> <span class='ocrx_word' id='word_1_14' title='bbox 2352 1019 2413 1069; x_wconf 88' lang='lat' dir='ltr'>et</span> <span class='ocrx_word' id='word_1_15' title='bbox 2460 1014 2576 1069; x_wconf 86' lang='lat' dir='ltr'>hiis</span> <span class='ocrx_word' id='word_1_16' title='bbox 2601 1021 2906 1072; x_wconf 81' lang='lat' dir='ltr'><strong>A.D.1379.</strong></span> 
     </span>
    </p>
   </div>
   <div class='ocr_carea' id='block_1_3' title="bbox 476 1099 2585 1926">
    <p class='ocr_par' dir='ltr' id='par_1_3' title="bbox 476 1099 2585 1926">
     <span class='ocr_line' id='line_1_3' title="bbox 479 1099 2578 1170; baseline -0.002 -14"><span class='ocrx_word' id='word_1_17' title='bbox 479 1100 770 1157; x_wconf 80' lang='lat' dir='ltr'>similibus</span> <span class='ocrx_word' id='word_1_18' title='bbox 807 1100 999 1155; x_wconf 88' lang='lat' dir='ltr'>causis</span> <span class='ocrx_word' id='word_1_19' title='bbox 1036 1099 1401 1155; x_wconf 82' lang='lat' dir='ltr'>desciverant</span> <span class='ocrx_word' id='word_1_20' title='bbox 1435 1100 1507 1154; x_wconf 89' lang='lat' dir='ltr'>ab</span> <span class='ocrx_word' id='word_1_21' title='bbox 1544 1117 1613 1154; x_wconf 90' lang='lat' dir='ltr'>eo</span> <span class='ocrx_word' id='word_1_22' title='bbox 1649 1100 1818 1170; x_wconf 89' lang='lat' dir='ltr'>quasi</span> <span class='ocrx_word' id='word_1_23' title='bbox 1853 1100 1948 1154; x_wconf 79' lang='lat' dir='ltr'>vir</span> <span class='ocrx_word' id='word_1_24' title='bbox 1983 1117 2154 1162; x_wconf 87' lang='lat' dir='ltr'>unus,</span> <span class='ocrx_word' id='word_1_25' title='bbox 2193 1104 2256 1153; x_wconf 88' lang='lat' dir='ltr'>et</span> <span class='ocrx_word' id='word_1_26' title='bbox 2289 1099 2469 1154; x_wconf 89' lang='lat' dir='ltr'>istum</span> <span class='ocrx_word' id='word_1_27' title='bbox 2506 1099 2578 1153; x_wconf 90' lang='lat' dir='ltr'>de</span> 
     </span>
     <span class='ocr_line' id='line_1_4' title="bbox 480 1181 2577 1257; baseline -0.002 -17"><span class='ocrx_word' id='word_1_28' title='bbox 480 1203 597 1257; x_wconf 89' lang='lat' dir='ltr'>quo</span> <span class='ocrx_word' id='word_1_29' title='bbox 630 1184 700 1239; x_wconf 88' lang='lat' dir='ltr'>fit</span> <span class='ocrx_word' id='word_1_30' title='bbox 734 1200 943 1248; x_wconf 90' lang='lat' dir='ltr'>sermo,</span> <span class='ocrx_word' id='word_1_31' title='bbox 983 1183 1059 1237; x_wconf 85' lang='lat' dir='ltr'>ad</span> <span class='ocrx_word' id='word_1_32' title='bbox 1104 1183 1292 1237; x_wconf 88' lang='lat' dir='ltr'>instar</span> <span class='ocrx_word' id='word_1_33' title='bbox 1336 1182 1501 1248; x_wconf 87' lang='lat' dir='ltr'>Baal,</span> <span class='ocrx_word' id='word_1_34' title='bbox 1557 1184 1712 1254; x_wconf 91' lang='lat' dir='ltr'>quod</span> <span class='ocrx_word' id='word_1_35' title='bbox 1766 1184 2184 1255; x_wconf 73' lang='lat' dir='ltr'>interpretatur</span> <span class='ocrx_word' id='word_1_36' title='bbox 2223 1184 2262 1209; x_wconf 90' lang='lat'><strong>“</strong></span> <span class='ocrx_word' id='word_1_37' title='bbox 2287 1181 2577 1245; x_wconf 78' lang='lat' dir='ltr'>vanitas,”</span> 
     </span>
     <span class='ocr_line' id='line_1_5' title="bbox 480 1265 2582 1339; baseline -0.002 -16"><span class='ocrx_word' id='word_1_38' title='bbox 480 1270 794 1339; x_wconf 86' lang='lat' dir='ltr'>erigentes,</span> <span class='ocrx_word' id='word_1_39' title='bbox 834 1272 1168 1322; x_wconf 87' lang='lat' dir='ltr'>statuerunt</span> <span class='ocrx_word' id='word_1_40' title='bbox 1203 1267 1583 1321; x_wconf 89' lang='lat' dir='ltr'>simulacrum</span> <span class='ocrx_word' id='word_1_41' title='bbox 1619 1284 1812 1330; x_wconf 88' lang='lat' dir='ltr'>suum,</span> <span class='ocrx_word' id='word_1_42' title='bbox 1853 1272 1914 1321; x_wconf 88' lang='lat' dir='ltr'>et</span> <span class='ocrx_word' id='word_1_43' title='bbox 1954 1265 2401 1321; x_wconf 83' lang='lat' dir='ltr'>ambulaverunt</span> <span class='ocrx_word' id='word_1_44' title='bbox 2448 1271 2582 1336; x_wconf 87' lang='lat' dir='ltr'>post</span> 
     </span>
     <span class='ocr_line' id='line_1_6' title="bbox 481 1348 2584 1422; baseline -0.003 -14"><span class='ocrx_word' id='word_1_45' title='bbox 481 1353 818 1415; x_wconf 86' lang='lat' dir='ltr'>vanitatem,</span> <span class='ocrx_word' id='word_1_46' title='bbox 888 1355 950 1405; x_wconf 88' lang='lat' dir='ltr'>et</span> <span class='ocrx_word' id='word_1_47' title='bbox 1007 1350 1145 1405; x_wconf 84' lang='lat' dir='ltr'>vani</span> <span class='ocrx_word' id='word_1_48' title='bbox 1221 1349 1359 1405; x_wconf 76' lang='lat' dir='ltr'>facti</span> <span class='ocrx_word' id='word_1_49' title='bbox 1420 1356 1574 1415; x_wconf 89' lang='lat' dir='ltr'>sunt,</span> <span class='ocrx_word' id='word_1_50' title='bbox 1632 1355 1694 1405; x_wconf 91' lang='lat' dir='ltr'>et</span> <span class='ocrx_word' id='word_1_51' title='bbox 1761 1348 2127 1422; x_wconf 67' lang='lat' dir='ltr'>procidentes</span> <span class='ocrx_word' id='word_1_52' title='bbox 2191 1356 2584 1403; x_wconf 84' lang='lat' dir='ltr'>curvaverunt</span> 
     </span>
     <span class='ocr_line' id='line_1_7' title="bbox 482 1432 2581 1507; baseline -0.002 -16"><span class='ocrx_word' id='word_1_53' title='bbox 482 1453 675 1507; x_wconf 87' lang='lat' dir='ltr'>genua</span> <span class='ocrx_word' id='word_1_54' title='bbox 727 1452 834 1490; x_wconf 84' lang='lat' dir='ltr'>sua</span> <span class='ocrx_word' id='word_1_55' title='bbox 881 1439 1015 1489; x_wconf 87' lang='lat' dir='ltr'>ante</span> <span class='ocrx_word' id='word_1_56' title='bbox 1062 1433 1226 1489; x_wconf 89' lang='lat' dir='ltr'>Baal.</span> <span class='ocrx_word' id='word_1_57' title='bbox 1300 1433 1515 1489; x_wconf 86' lang='lat' dir='ltr'>Relicti</span> <span class='ocrx_word' id='word_1_58' title='bbox 1572 1439 1709 1489; x_wconf 89' lang='lat' dir='ltr'>sunt</span> <span class='ocrx_word' id='word_1_59' title='bbox 1758 1439 1954 1488; x_wconf 89' lang='lat' dir='ltr'>tamen</span> <span class='ocrx_word' id='word_1_60' title='bbox 2005 1432 2119 1489; x_wconf 79' lang='lat' dir='ltr'>viri</span> <span class='ocrx_word' id='word_1_61' title='bbox 2174 1433 2414 1504; x_wconf 75' lang='lat' dir='ltr'>aliquot,</span> <span class='ocrx_word' id='word_1_62' title='bbox 2465 1432 2581 1488; x_wconf 80' lang='lat' dir='ltr'>viri</span> 
     </span>
     <span class='ocr_line' id='line_1_8' title="bbox 476 1516 2582 1593; baseline -0.002 -17"><span class='ocrx_word' id='word_1_63' title='bbox 476 1520 625 1593; x_wconf 86' lang='lat' dir='ltr'>justi</span> <span class='ocrx_word' id='word_1_64' title='bbox 678 1520 951 1575; x_wconf 88' lang='lat' dir='ltr'>timentes</span> <span class='ocrx_word' id='word_1_65' title='bbox 999 1517 1212 1582; x_wconf 89' lang='lat' dir='ltr'>Deum,</span> <span class='ocrx_word' id='word_1_66' title='bbox 1276 1533 1347 1571; x_wconf 83' lang='lat' dir='ltr'>ex</span> <span class='ocrx_word' id='word_1_67' title='bbox 1398 1516 1664 1588; x_wconf 80' lang='lat' dir='ltr'>Collegio</span> <span class='ocrx_word' id='word_1_68' title='bbox 1716 1516 2136 1581; x_wconf 74' lang='lat' dir='ltr'>cardinalium,</span> <span class='ocrx_word' id='word_1_69' title='bbox 2196 1517 2298 1589; x_wconf 87' lang='lat' dir='ltr'>qui</span> <span class='ocrx_word' id='word_1_70' title='bbox 2346 1536 2461 1572; x_wconf 93' lang='lat' dir='ltr'>non</span> <span class='ocrx_word' id='word_1_71' title='bbox 2498 1517 2582 1571; x_wconf 90' lang='lat' dir='ltr'>in-</span> 
     </span>
     <span class='ocr_line' id='line_1_9' title="bbox 483 1600 2581 1664; baseline -0.003 -4"><span class='ocrx_word' id='word_1_72' title='bbox 483 1603 711 1661; x_wconf 81' lang='lat' dir='ltr'>curvati</span> <span class='ocrx_word' id='word_1_73' title='bbox 762 1607 900 1657; x_wconf 86' lang='lat' dir='ltr'>sunt</span> <span class='ocrx_word' id='word_1_74' title='bbox 938 1606 1072 1657; x_wconf 88' lang='lat' dir='ltr'>ante</span> <span class='ocrx_word' id='word_1_75' title='bbox 1119 1617 1274 1664; x_wconf 90' lang='lat' dir='ltr'>eum,</span> <span class='ocrx_word' id='word_1_76' title='bbox 1315 1600 1419 1654; x_wconf 91' lang='lat' dir='ltr'>sed</span> <span class='ocrx_word' id='word_1_77' title='bbox 1469 1618 1604 1655; x_wconf 88' lang='lat' dir='ltr'>cum</span> <span class='ocrx_word' id='word_1_78' title='bbox 1638 1600 1877 1655; x_wconf 87' lang='lat' dir='ltr'>Urbano</span> <span class='ocrx_word' id='word_1_79' title='bbox 1931 1601 1994 1654; x_wconf 92' lang='lat' dir='ltr'>in</span> <span class='ocrx_word' id='word_1_80' title='bbox 2043 1600 2265 1656; x_wconf 89' lang='lat' dir='ltr'>unitate</span> <span class='ocrx_word' id='word_1_81' title='bbox 2300 1600 2581 1655; x_wconf 63' lang='lat' dir='ltr'>Ecclesiae</span> 
     </span>
     <span class='ocr_line' id='line_1_10' title="bbox 482 1684 2583 1760; baseline -0.002 -18"><span class='ocrx_word' id='word_1_82' title='bbox 482 1691 943 1760; x_wconf 85' lang='lat' dir='ltr'>permanserunt.</span> <span class='ocrx_word' id='word_1_83' title='bbox 1018 1684 1109 1741; x_wconf 80' lang='lat' dir='ltr'>Ex</span> <span class='ocrx_word' id='word_1_84' title='bbox 1162 1684 1374 1755; x_wconf 89' lang='lat' dir='ltr'>quibus</span> <span class='ocrx_word' id='word_1_85' title='bbox 1429 1684 1770 1756; x_wconf 73' lang='lat' dir='ltr'>praemissis,</span> <span class='ocrx_word' id='word_1_86' title='bbox 1822 1690 1892 1740; x_wconf 89' lang='lat' dir='ltr'>ut</span> <span class='ocrx_word' id='word_1_87' title='bbox 1939 1684 2217 1749; x_wconf 78' lang='lat' dir='ltr'>dixeram,</span> <span class='ocrx_word' id='word_1_88' title='bbox 2273 1685 2583 1739; x_wconf 84' lang='lat' dir='ltr'>manifeste</span> 
     </span>
     <span class='ocr_line' id='line_1_11' title="bbox 485 1767 2581 1841; baseline -0.002 -14"><span class='ocrx_word' id='word_1_89' title='bbox 485 1771 771 1835; x_wconf 78' lang='lat' dir='ltr'>clarescit,</span> <span class='ocrx_word' id='word_1_90' title='bbox 810 1775 1094 1841; x_wconf 87' lang='lat' dir='ltr'>quantum</span> <span class='ocrx_word' id='word_1_91' title='bbox 1145 1768 1474 1840; x_wconf 89' lang='lat' dir='ltr'>periculum</span> <span class='ocrx_word' id='word_1_92' title='bbox 1522 1785 1628 1823; x_wconf 89' lang='lat' dir='ltr'>suo</span> <span class='ocrx_word' id='word_1_93' title='bbox 1677 1767 1855 1839; x_wconf 89' lang='lat' dir='ltr'>capiti</span> <span class='ocrx_word' id='word_1_94' title='bbox 1902 1768 2028 1822; x_wconf 84' lang='lat' dir='ltr'>Rex</span> <span class='ocrx_word' id='word_1_95' title='bbox 2075 1767 2431 1824; x_wconf 78' lang='lat' dir='ltr'>Francorum</span> <span class='ocrx_word' id='word_1_96' title='bbox 2479 1786 2581 1839; x_wconf 88' lang='lat' dir='ltr'>ag-</span> 
     </span>
     <span class='ocr_line' id='line_1_12' title="bbox 486 1850 2585 1926; baseline -0.002 -16"><span class='ocrx_word' id='word_1_97' title='bbox 486 1854 736 1926; x_wconf 80' lang='lat' dir='ltr'>geravit,</span> <span class='ocrx_word' id='word_1_98' title='bbox 801 1854 905 1925; x_wconf 90' lang='lat' dir='ltr'>qui</span> <span class='ocrx_word' id='word_1_99' title='bbox 969 1854 1096 1907; x_wconf 84' lang='lat' dir='ltr'>haec</span> <span class='ocrx_word' id='word_1_100' title='bbox 1142 1852 1339 1907; x_wconf 87' lang='lat' dir='ltr'>omnia</span> <span class='ocrx_word' id='word_1_101' title='bbox 1399 1850 1609 1917; x_wconf 88' lang='lat' dir='ltr'>sciens,</span> <span class='ocrx_word' id='word_1_102' title='bbox 1677 1851 1782 1906; x_wconf 85' lang='lat' dir='ltr'>sed</span> <span class='ocrx_word' id='word_1_103' title='bbox 1843 1851 2240 1917; x_wconf 73' lang='lat' dir='ltr'>dissimulem,</span> <span class='ocrx_word' id='word_1_104' title='bbox 2290 1853 2585 1909; x_wconf 79' lang='lat' dir='ltr'>nitebatur</span> 
     </span>
    </p>
   </div>
   <div class='ocr_carea' id='block_1_4' title="bbox 485 1934 2583 2094">
    <p class='ocr_par' dir='ltr' id='par_1_4' title="bbox 485 1934 2583 2094">
     <span class='ocr_line' id='line_1_13' title="bbox 485 1934 2583 1993; baseline -0.001 0"><span class='ocrx_word' id='word_1_105' title='bbox 485 1938 712 1993; x_wconf 79' lang='lat' dir='ltr'>viribus</span> <span class='ocrx_word' id='word_1_106' title='bbox 754 1944 816 1993; x_wconf 89' lang='lat' dir='ltr'>et</span> <span class='ocrx_word' id='word_1_107' title='bbox 861 1936 1189 1992; x_wconf 86' lang='lat' dir='ltr'>substantia</span> <span class='ocrx_word' id='word_1_108' title='bbox 1224 1940 1408 1990; x_wconf 89' lang='lat' dir='ltr'>totam</span> <span class='ocrx_word' id='word_1_109' title='bbox 1449 1934 1951 1991; x_wconf 73' lang='lat' dir='ltr'>christianitatem</span> <span class='ocrx_word' id='word_1_110' title='bbox 1998 1935 2231 1989; x_wconf 82' lang='lat' dir='ltr'>trahere</span> <span class='ocrx_word' id='word_1_111' title='bbox 2266 1935 2329 1990; x_wconf 90' lang='lat' dir='ltr'>in</span> <span class='ocrx_word' id='word_1_112' title='bbox 2367 1936 2583 1991; x_wconf 88' lang='lat' dir='ltr'>erroris</span> 
     </span>
     <span class='ocr_line' id='line_1_14' title="bbox 488 2022 781 2094; baseline 0 -18"><span class='ocrx_word' id='word_1_113' title='bbox 488 2022 781 2094; x_wconf 80' lang='lat' dir='ltr'>abyssum.</span> 
     </span>
    </p>
   </div>
   <div class='ocr_carea' id='block_1_5' title="bbox 932 2233 2152 2377">
    <p class='ocr_par' dir='ltr' id='par_1_5' title="bbox 932 2233 2152 2377">
     <span class='ocr_line' id='line_1_15' title="bbox 932 2233 2152 2377; baseline -0.002 -19"><span class='ocrx_word' id='word_1_114' title='bbox 932 2233 1214 2358; x_wconf 45' lang='lat' dir='ltr'>Deditio</span> <span class='ocrx_word' id='word_1_115' title='bbox 1262 2291 1541 2358; x_wconf 72' lang='lat' dir='ltr'>castelli</span> <span class='ocrx_word' id='word_1_116' title='bbox 1583 2291 1835 2359; x_wconf 75' lang='lat' dir='ltr'>Sancti</span> <span class='ocrx_word' id='word_1_117' title='bbox 1879 2290 2152 2377; x_wconf 72' lang='lat' dir='ltr'>Anyeli.</span> 
     </span>
    </p>
   </div>
   <div class='ocr_carea' id='block_1_6' title="bbox 492 2447 2921 4276">
    <p class='ocr_par' dir='ltr' id='par_1_6' title="bbox 492 2447 2921 4276">
     <span class='ocr_line' id='line_1_16' title="bbox 562 2447 2921 2519; baseline -0.001 -15"><span class='ocrx_word' id='word_1_118' title='bbox 562 2448 713 2504; x_wconf 89' lang='lat' dir='ltr'>Cum</span> <span class='ocrx_word' id='word_1_119' title='bbox 777 2448 902 2502; x_wconf 82' lang='lat' dir='ltr'>haec</span> <span class='ocrx_word' id='word_1_120' title='bbox 961 2447 1048 2502; x_wconf 84' lang='lat' dir='ltr'>ita</span> <span class='ocrx_word' id='word_1_121' title='bbox 1109 2464 1171 2502; x_wconf 88' lang='lat' dir='ltr'>se</span> <span class='ocrx_word' id='word_1_122' title='bbox 1228 2447 1526 2510; x_wconf 87' lang='lat' dir='ltr'>haberent,</span> <span class='ocrx_word' id='word_1_123' title='bbox 1578 2447 1839 2502; x_wconf 81' lang='lat' dir='ltr'>arridere</span> <span class='ocrx_word' id='word_1_124' title='bbox 1887 2448 2067 2519; x_wconf 88' lang='lat' dir='ltr'>coepit</span> <span class='ocrx_word' id='word_1_125' title='bbox 2127 2447 2399 2519; x_wconf 78' lang='lat' dir='ltr'>aliqualis</span> <span class='ocrx_word' id='word_1_126' title='bbox 2449 2466 2592 2503; x_wconf 87' lang='lat' dir='ltr'>aura</span> <span class='ocrx_word' id='word_1_127' title='bbox 2614 2467 2726 2517; x_wconf 63' lang='lat' dir='ltr'>The</span> <span class='ocrx_word' id='word_1_128' title='bbox 2754 2465 2921 2516; x_wconf 59' lang='lat' dir='ltr'>Casae</span> 
     </span>
     <span class='ocr_line' id='line_1_17' title="bbox 493 2530 2844 2603; baseline -0.003 -17"><span class='ocrx_word' id='word_1_129' title='bbox 493 2532 747 2586; x_wconf 87' lang='lat' dir='ltr'>serenior</span> <span class='ocrx_word' id='word_1_130' title='bbox 794 2530 1044 2586; x_wconf 93' lang='lat' dir='ltr'>Domino</span> <span class='ocrx_word' id='word_1_131' title='bbox 1090 2530 1328 2586; x_wconf 89' lang='lat' dir='ltr'>Urbano</span> <span class='ocrx_word' id='word_1_132' title='bbox 1375 2531 1551 2600; x_wconf 82' lang='lat' dir='ltr'>Papae</span> <span class='ocrx_word' id='word_1_133' title='bbox 1598 2531 1929 2603; x_wconf 88' lang='lat' dir='ltr'>populoque</span> <span class='ocrx_word' id='word_1_134' title='bbox 1999 2531 2278 2597; x_wconf 83' lang='lat' dir='ltr'>Romano,</span> <span class='ocrx_word' id='word_1_135' title='bbox 2344 2532 2592 2586; x_wconf 88' lang='lat' dir='ltr'>Domino</span> <span class='ocrx_word' id='word_1_136' title='bbox 2615 2534 2678 2582; x_wconf 85' lang='lat' dir='ltr'>of</span> <span class='ocrx_word' id='word_1_137' title='bbox 2696 2531 2844 2582; x_wconf 86' lang='lat' dir='ltr'>Saint</span> 
     </span>
     <span class='ocr_line' id='line_1_18' title="bbox 492 2599 2821 2687; baseline -0 -16"><span class='ocrx_word' id='word_1_138' title='bbox 492 2617 789 2671; x_wconf 83' lang='lat' dir='ltr'>auferente</span> <span class='ocrx_word' id='word_1_139' title='bbox 827 2615 1201 2687; x_wconf 88' lang='lat' dir='ltr'>opprobrium</span> <span class='ocrx_word' id='word_1_140' title='bbox 1239 2633 1311 2669; x_wconf 83' lang='lat' dir='ltr'>ex</span> <span class='ocrx_word' id='word_1_141' title='bbox 1350 2614 1557 2678; x_wconf 88' lang='lat' dir='ltr'>Israel,</span> <span class='ocrx_word' id='word_1_142' title='bbox 1595 2620 1657 2669; x_wconf 88' lang='lat' dir='ltr'>et</span> <span class='ocrx_word' id='word_1_143' title='bbox 1694 2622 2027 2671; x_wconf 88' lang='lat' dir='ltr'>conterente</span> <span class='ocrx_word' id='word_1_144' title='bbox 2069 2621 2267 2687; x_wconf 87' lang='lat' dir='ltr'>portas</span> <span class='ocrx_word' id='word_1_145' title='bbox 2304 2633 2504 2680; x_wconf 80' lang='lat' dir='ltr'>aereas,</span> <span class='ocrx_word' id='word_1_146' title='bbox 2534 2622 2594 2670; x_wconf 90' lang='lat' dir='ltr'>et</span> <span class='ocrx_word' id='word_1_147' title='bbox 2615 2599 2821 2677; x_wconf 56' lang='grc' dir='ltr'>ΑῺΒΡῙΟ</span> 
     </span>
     <span class='ocr_line' id='line_1_19' title="bbox 492 2665 2907 2782; baseline -0.001 -27"><span class='ocrx_word' id='word_1_148' title='bbox 492 2706 688 2756; x_wconf 82' lang='lat' dir='ltr'>vectes</span> <span class='ocrx_word' id='word_1_149' title='bbox 719 2699 938 2753; x_wconf 81' lang='lat' dir='ltr'>ferreos</span> <span class='ocrx_word' id='word_1_150' title='bbox 963 2699 1384 2769; x_wconf 86' lang='lat' dir='ltr'>confringente.</span> <span class='ocrx_word' id='word_1_151' title='bbox 1460 2698 1688 2762; x_wconf 88' lang='lat' dir='ltr'>Portas,</span> <span class='ocrx_word' id='word_1_152' title='bbox 1729 2699 1986 2770; x_wconf 89' lang='lat' dir='ltr'>inquam,</span> <span class='ocrx_word' id='word_1_153' title='bbox 2016 2705 2076 2755; x_wconf 86' lang='lat' dir='ltr'>et</span> <span class='ocrx_word' id='word_1_154' title='bbox 2105 2705 2303 2755; x_wconf 79' lang='lat' dir='ltr'>vectes</span> <span class='ocrx_word' id='word_1_155' title='bbox 2329 2699 2345 2732; x_wconf 91' lang='lat'><strong>¹</strong></span> <span class='ocrx_word' id='word_1_156' title='bbox 2364 2699 2589 2755; x_wconf 83' lang='lat' dir='ltr'>castelli</span> <span class='ocrx_word' id='word_1_157' title='bbox 2614 2665 2907 2782; x_wconf 46' lang='lat' dir='ltr'>ffiffned</span> 
     </span>
     <span class='ocr_line' id='line_1_20' title="bbox 492 2750 2891 2863; baseline -0 -25"><span class='ocrx_word' id='word_1_158' title='bbox 492 2782 892 2846; x_wconf 59' lang='lat' dir='ltr'>mamaeam,</span> <span class='ocrx_word' id='word_1_159' title='bbox 938 2781 1181 2838; x_wconf 77' lang='lat' dir='ltr'>castelli</span> <span class='ocrx_word' id='word_1_160' title='bbox 1222 2781 1497 2836; x_wconf 69' lang='lat' dir='ltr'>videncet</span> <span class='ocrx_word' id='word_1_161' title='bbox 1546 2782 1746 2837; x_wconf 72' lang='lat' dir='ltr'>Sancti</span> <span class='ocrx_word' id='word_1_162' title='bbox 1783 2783 2020 2853; x_wconf 76' lang='lat' dir='ltr'>Augen,</span> <span class='ocrx_word' id='word_1_163' title='bbox 2073 2783 2229 2855; x_wconf 86' lang='lat' dir='ltr'>quod</span> <span class='ocrx_word' id='word_1_164' title='bbox 2276 2785 2469 2839; x_wconf 66' lang='lat' dir='ltr'>fuerat</span> <span class='ocrx_word' id='word_1_165' title='bbox 2505 2784 2590 2838; x_wconf 75' lang='lat' dir='ltr'>eis</span> <span class='ocrx_word' id='word_1_166' title='bbox 2614 2750 2891 2863; x_wconf 59' lang='lat' dir='ltr'>,gponem</span> 
     </span>
     <span class='ocr_line' id='line_1_21' title="bbox 494 2865 2828 2939; baseline -0.004 -16"><span class='ocrx_word' id='word_1_167' title='bbox 494 2868 663 2939; x_wconf 88' lang='lat' dir='ltr'>spina</span> <span class='ocrx_word' id='word_1_168' title='bbox 696 2867 757 2921; x_wconf 91' lang='lat' dir='ltr'>in</span> <span class='ocrx_word' id='word_1_169' title='bbox 795 2866 982 2930; x_wconf 78' lang='lat' dir='ltr'>oquO,</span> <span class='ocrx_word' id='word_1_170' title='bbox 1024 2865 1086 2919; x_wconf 91' lang='lat' dir='ltr'>in</span> <span class='ocrx_word' id='word_1_171' title='bbox 1133 2866 1315 2921; x_wconf 88' lang='lat' dir='ltr'>latere</span> <span class='ocrx_word' id='word_1_172' title='bbox 1355 2866 1647 2930; x_wconf 86' lang='lat' dir='ltr'>stimulus,</span> <span class='ocrx_word' id='word_1_173' title='bbox 1695 2866 1976 2937; x_wconf 85' lang='lat' dir='ltr'>quamdiu</span> <span class='ocrx_word' id='word_1_174' title='bbox 2014 2867 2413 2939; x_wconf 86' lang='lat' dir='ltr'>Antipapales,</span> <span class='ocrx_word' id='word_1_175' title='bbox 2458 2866 2589 2921; x_wconf 89' lang='lat' dir='ltr'>Bri·</span> <span class='ocrx_word' id='word_1_176' title='bbox 2614 2866 2673 2916; x_wconf 86' lang='lat' dir='ltr'>of</span> <span class='ocrx_word' id='word_1_177' title='bbox 2687 2866 2828 2929; x_wconf 80' lang='lat' dir='ltr'>Pope</span> 
     </span>
     <span class='ocr_line' id='line_1_22' title="bbox 492 2933 2808 3021; baseline -0.001 -14"><span class='ocrx_word' id='word_1_178' title='bbox 492 2951 655 3007; x_wconf 83' lang='lat' dir='ltr'>tanni</span> <span class='ocrx_word' id='word_1_179' title='bbox 677 2949 971 3013; x_wconf 83' lang='lat' dir='ltr'>videlicet,</span> <span class='ocrx_word' id='word_1_180' title='bbox 1002 2948 1153 3003; x_wconf 89' lang='lat' dir='ltr'>illud</span> <span class='ocrx_word' id='word_1_181' title='bbox 1188 2949 1571 3020; x_wconf 89' lang='lat' dir='ltr'>municipium</span> <span class='ocrx_word' id='word_1_182' title='bbox 1608 2956 1984 3021; x_wconf 87' lang='lat' dir='ltr'>occuparunt.</span> <span class='ocrx_word' id='word_1_183' title='bbox 2058 2951 2327 3007; x_wconf 81' lang='lat' dir='ltr'>Britanni</span> <span class='ocrx_word' id='word_1_184' title='bbox 2365 2968 2588 3015; x_wconf 86' lang='lat' dir='ltr'>revera,</span> <span class='ocrx_word' id='word_1_185' title='bbox 2616 2933 2808 2984; x_wconf 59' lang='lat' dir='ltr'>Urm-</span> 
     </span>
     <span class='ocr_line' id='line_1_23' title="bbox 494 3030 2595 3107; baseline -0 -17"><span class='ocrx_word' id='word_1_186' title='bbox 494 3033 569 3090; x_wconf 87' lang='lat' dir='ltr'>ad</span> <span class='ocrx_word' id='word_1_187' title='bbox 624 3034 751 3107; x_wconf 86' lang='lat' dir='ltr'>ejus</span> <span class='ocrx_word' id='word_1_188' title='bbox 801 3032 1126 3089; x_wconf 87' lang='lat' dir='ltr'>custodiam</span> <span class='ocrx_word' id='word_1_189' title='bbox 1186 3050 1321 3087; x_wconf 86' lang='lat' dir='ltr'>mox</span> <span class='ocrx_word' id='word_1_190' title='bbox 1365 3030 1467 3086; x_wconf 80' lang='lat' dir='ltr'>²in</span> <span class='ocrx_word' id='word_1_191' title='bbox 1532 3033 1701 3088; x_wconf 89' lang='lat' dir='ltr'>initio</span> <span class='ocrx_word' id='word_1_192' title='bbox 1762 3032 1991 3088; x_wconf 89' lang='lat' dir='ltr'>dissidii</span> <span class='ocrx_word' id='word_1_193' title='bbox 2052 3033 2206 3089; x_wconf 85' lang='lat' dir='ltr'>inter</span> <span class='ocrx_word' id='word_1_194' title='bbox 2263 3034 2486 3106; x_wconf 84' lang='lat' dir='ltr'>Papam</span> <span class='ocrx_word' id='word_1_195' title='bbox 2535 3040 2595 3089; x_wconf 85' lang='lat' dir='ltr'>et</span> 
     </span>
     <span class='ocr_line' id='line_1_24' title="bbox 495 3115 2595 3189; baseline 0 -16"><span class='ocrx_word' id='word_1_196' title='bbox 495 3116 833 3173; x_wconf 72' lang='lat' dir='ltr'>cardinales</span> <span class='ocrx_word' id='word_1_197' title='bbox 873 3115 1167 3180; x_wconf 85' lang='lat' dir='ltr'>destinati,</span> <span class='ocrx_word' id='word_1_198' title='bbox 1210 3115 1361 3170; x_wconf 91' lang='lat' dir='ltr'>illud</span> <span class='ocrx_word' id='word_1_199' title='bbox 1396 3115 1651 3170; x_wconf 76' lang='lat' dir='ltr'>viriliter</span> <span class='ocrx_word' id='word_1_200' title='bbox 1674 3117 2028 3182; x_wconf 90' lang='lat' dir='ltr'>munierunt,</span> <span class='ocrx_word' id='word_1_201' title='bbox 2070 3117 2345 3174; x_wconf 89' lang='lat' dir='ltr'>bellicose</span> <span class='ocrx_word' id='word_1_202' title='bbox 2384 3118 2595 3189; x_wconf 83' lang='lat' dir='ltr'>guber-</span> 
     </span>
     <span class='ocr_line' id='line_1_25' title="bbox 494 3197 2596 3271; baseline -0 -16"><span class='ocrx_word' id='word_1_203' title='bbox 494 3205 724 3264; x_wconf 86' lang='lat' dir='ltr'>narunt,</span> <span class='ocrx_word' id='word_1_204' title='bbox 752 3206 813 3255; x_wconf 88' lang='lat' dir='ltr'>et</span> <span class='ocrx_word' id='word_1_205' title='bbox 837 3204 1073 3254; x_wconf 84' lang='lat' dir='ltr'>strenue</span> <span class='ocrx_word' id='word_1_206' title='bbox 1098 3205 1518 3265; x_wconf 80' lang='lat' dir='ltr'>servaverunt;</span> <span class='ocrx_word' id='word_1_207' title='bbox 1548 3198 1694 3253; x_wconf 90' lang='lat' dir='ltr'>adeo</span> <span class='ocrx_word' id='word_1_208' title='bbox 1716 3204 1932 3263; x_wconf 88' lang='lat' dir='ltr'>autem,</span> <span class='ocrx_word' id='word_1_209' title='bbox 1959 3206 2028 3256; x_wconf 87' lang='lat' dir='ltr'>ut</span> <span class='ocrx_word' id='word_1_210' title='bbox 2047 3197 2187 3271; x_wconf 69' lang='grc' dir='ltr'>8[ἰιι]</span> <span class='ocrx_word' id='word_1_211' title='bbox 2216 3201 2596 3271; x_wconf 83' lang='lat' dir='ltr'>ignominiam</span> 
     </span>
     <span class='ocr_line' id='line_1_26' title="bbox 497 3282 2596 3356; baseline 0 -17"><span class='ocrx_word' id='word_1_212' title='bbox 497 3283 745 3339; x_wconf 85' lang='lat' dir='ltr'>Romani</span> <span class='ocrx_word' id='word_1_213' title='bbox 790 3282 991 3355; x_wconf 87' lang='lat' dir='ltr'>populi</span> <span class='ocrx_word' id='word_1_214' title='bbox 1038 3282 1411 3347; x_wconf 86' lang='lat' dir='ltr'>redundaret,</span> <span class='ocrx_word' id='word_1_215' title='bbox 1465 3283 1746 3354; x_wconf 88' lang='lat' dir='ltr'>quicquid</span> <span class='ocrx_word' id='word_1_216' title='bbox 1792 3283 2060 3339; x_wconf 86' lang='lat' dir='ltr'>meditati</span> <span class='ocrx_word' id='word_1_217' title='bbox 2103 3289 2257 3349; x_wconf 87' lang='lat' dir='ltr'>sunt,</span> <span class='ocrx_word' id='word_1_218' title='bbox 2318 3284 2596 3356; x_wconf 87' lang='lat' dir='ltr'>quicquid</span> 
     </span>
     <span class='ocr_line' id='line_1_27' title="bbox 497 3366 2596 3439; baseline 0 -16"><span class='ocrx_word' id='word_1_219' title='bbox 497 3368 812 3423; x_wconf 85' lang='lat' dir='ltr'>machinati</span> <span class='ocrx_word' id='word_1_220' title='bbox 860 3376 1015 3430; x_wconf 87' lang='lat' dir='ltr'>sunt,</span> <span class='ocrx_word' id='word_1_221' title='bbox 1069 3366 1351 3437; x_wconf 88' lang='lat' dir='ltr'>quicquid</span> <span class='ocrx_word' id='word_1_222' title='bbox 1398 3367 1651 3437; x_wconf 89' lang='lat' dir='ltr'>denique</span> <span class='ocrx_word' id='word_1_223' title='bbox 1700 3374 1897 3438; x_wconf 88' lang='lat' dir='ltr'>operte</span> <span class='ocrx_word' id='word_1_224' title='bbox 1947 3368 2400 3439; x_wconf 85' lang='lat' dir='ltr'>compleverunt.</span> <span class='ocrx_word' id='word_1_225' title='bbox 2482 3369 2596 3423; x_wconf 79' lang='lat' dir='ltr'>Ro-</span> 
     </span>
     <span class='ocr_line' id='line_1_28' title="bbox 497 3450 2592 3524; baseline 0 -17"><span class='ocrx_word' id='word_1_226' title='bbox 497 3469 801 3507; x_wconf 85' lang='lat' dir='ltr'>manorum</span> <span class='ocrx_word' id='word_1_227' title='bbox 835 3468 1086 3521; x_wconf 88' lang='lat' dir='ltr'>namque</span> <span class='ocrx_word' id='word_1_228' title='bbox 1122 3450 1273 3504; x_wconf 88' lang='lat' dir='ltr'>bona</span> <span class='ocrx_word' id='word_1_229' title='bbox 1308 3450 1670 3521; x_wconf 88' lang='lat' dir='ltr'>diripientes,</span> <span class='ocrx_word' id='word_1_230' title='bbox 1711 3452 1774 3506; x_wconf 90' lang='lat' dir='ltr'>in</span> <span class='ocrx_word' id='word_1_231' title='bbox 1811 3451 2114 3507; x_wconf 85' lang='lat' dir='ltr'>castellum</span> <span class='ocrx_word' id='word_1_232' title='bbox 2140 3459 2592 3524; x_wconf 86' lang='lat' dir='ltr'>comportarunt,</span> 
     </span>
     <span class='ocr_line' id='line_1_29' title="bbox 497 3534 2598 3607; baseline 0 -16"><span class='ocrx_word' id='word_1_233' title='bbox 497 3536 659 3591; x_wconf 86' lang='lat' dir='ltr'>⁴loco</span> <span class='ocrx_word' id='word_1_234' title='bbox 682 3535 876 3590; x_wconf 80' lang='lat' dir='ltr'>vicina</span> <span class='ocrx_word' id='word_1_235' title='bbox 913 3534 1308 3599; x_wconf 77' lang='lat' dir='ltr'>devastarunt,</span> <span class='ocrx_word' id='word_1_236' title='bbox 1350 3542 1409 3589; x_wconf 91' lang='lat' dir='ltr'>et</span> <span class='ocrx_word' id='word_1_237' title='bbox 1445 3535 1673 3606; x_wconf 88' lang='lat' dir='ltr'>objecta</span> <span class='ocrx_word' id='word_1_238' title='bbox 1714 3553 1980 3607; x_wconf 83' lang='lat' dir='ltr'>quoeque,</span> <span class='ocrx_word' id='word_1_239' title='bbox 2027 3536 2252 3592; x_wconf 88' lang='lat' dir='ltr'>scilicet</span> <span class='ocrx_word' id='word_1_240' title='bbox 2292 3536 2498 3592; x_wconf 88' lang='lat' dir='ltr'>domus</span> <span class='ocrx_word' id='word_1_241' title='bbox 2538 3544 2598 3591; x_wconf 88' lang='lat' dir='ltr'>et</span> 
     </span>
     <span class='ocr_line' id='line_1_30' title="bbox 498 3617 2598 3692; baseline 0 -18"><span class='ocrx_word' id='word_1_242' title='bbox 498 3619 732 3690; x_wconf 86' lang='lat' dir='ltr'>palatia,</span> <span class='ocrx_word' id='word_1_243' title='bbox 786 3636 916 3689; x_wconf 82' lang='lat' dir='ltr'>quae</span> <span class='ocrx_word' id='word_1_244' title='bbox 965 3617 1051 3672; x_wconf 89' lang='lat' dir='ltr'>eis</span> <span class='ocrx_word' id='word_1_245' title='bbox 1107 3617 1270 3672; x_wconf 90' lang='lat' dir='ltr'>nullo</span> <span class='ocrx_word' id='word_1_246' title='bbox 1318 3618 1489 3672; x_wconf 87' lang='lat' dir='ltr'>modo</span> <span class='ocrx_word' id='word_1_247' title='bbox 1535 3636 1665 3674; x_wconf 89' lang='lat' dir='ltr'>esse</span> <span class='ocrx_word' id='word_1_248' title='bbox 1724 3626 1962 3690; x_wconf 84' lang='lat' dir='ltr'>possent</span> <span class='ocrx_word' id='word_1_249' title='bbox 2007 3620 2440 3692; x_wconf 86' lang='lat' dir='ltr'>impedimento,</span> <span class='ocrx_word' id='word_1_250' title='bbox 2477 3638 2598 3674; x_wconf 85' lang='lat' dir='ltr'>ma-</span> 
     </span>
     <span class='ocr_line' id='line_1_31' title="bbox 501 3700 2599 3775; baseline 0.001 -18"><span class='ocrx_word' id='word_1_251' title='bbox 501 3703 704 3766; x_wconf 75' lang='lat' dir='ltr'>chiniS,</span> <span class='ocrx_word' id='word_1_252' title='bbox 744 3701 1069 3765; x_wconf 87' lang='lat' dir='ltr'>trabiculis,</span> <span class='ocrx_word' id='word_1_253' title='bbox 1111 3700 1454 3767; x_wconf 84' lang='lat' dir='ltr'>missilibus,</span> <span class='ocrx_word' id='word_1_254' title='bbox 1483 3707 1544 3757; x_wconf 91' lang='lat' dir='ltr'>et</span> <span class='ocrx_word' id='word_1_255' title='bbox 1580 3704 1873 3775; x_wconf 85' lang='lat' dir='ltr'>petrariis,</span> <span class='ocrx_word' id='word_1_256' title='bbox 1900 3711 2379 3775; x_wconf 84' lang='lat' dir='ltr'>conquassarunt.</span> <span class='ocrx_word' id='word_1_257' title='bbox 2453 3704 2599 3759; x_wconf 86' lang='lat' dir='ltr'>Erat</span> 
     </span>
     <span class='ocr_line' id='line_1_32' title="bbox 501 3784 2597 3857; baseline 0.001 -17"><span class='ocrx_word' id='word_1_258' title='bbox 501 3786 719 3841; x_wconf 90' lang='lat' dir='ltr'>ibidem</span> <span class='ocrx_word' id='word_1_259' title='bbox 766 3802 1005 3841; x_wconf 88' lang='lat' dir='ltr'>cernere</span> <span class='ocrx_word' id='word_1_260' title='bbox 1056 3784 1276 3852; x_wconf 87' lang='lat' dir='ltr'>(nescio</span> <span class='ocrx_word' id='word_1_261' title='bbox 1336 3790 1537 3840; x_wconf 89' lang='lat' dir='ltr'>utrum</span> <span class='ocrx_word' id='word_1_262' title='bbox 1590 3787 1784 3857; x_wconf 87' lang='lat' dir='ltr'>magis</span> <span class='ocrx_word' id='word_1_263' title='bbox 1826 3786 2223 3842; x_wconf 88' lang='lat' dir='ltr'>miserandum</span> <span class='ocrx_word' id='word_1_264' title='bbox 2271 3806 2344 3842; x_wconf 89' lang='lat' dir='ltr'>an</span> <span class='ocrx_word' id='word_1_265' title='bbox 2400 3787 2597 3842; x_wconf 89' lang='lat' dir='ltr'>dolen-</span> 
     </span>
     <span class='ocr_line' id='line_1_33' title="bbox 502 3866 2602 3942; baseline 0 -16"><span class='ocrx_word' id='word_1_266' title='bbox 502 3871 643 3926; x_wconf 89' lang='lat' dir='ltr'>dum</span> <span class='ocrx_word' id='word_1_267' title='bbox 685 3866 1103 3941; x_wconf 86' lang='lat' dir='ltr'>spectaculum)</span> <span class='ocrx_word' id='word_1_268' title='bbox 1128 3869 1429 3941; x_wconf 89' lang='lat' dir='ltr'>populum,</span> <span class='ocrx_word' id='word_1_269' title='bbox 1469 3870 1638 3940; x_wconf 86' lang='lat' dir='ltr'>cujus</span> <span class='ocrx_word' id='word_1_270' title='bbox 1672 3871 1939 3942; x_wconf 87' lang='lat' dir='ltr'>patribus</span> <span class='ocrx_word' id='word_1_271' title='bbox 1976 3871 2142 3926; x_wconf 87' lang='lat' dir='ltr'>nulla</span> <span class='ocrx_word' id='word_1_272' title='bbox 2176 3872 2403 3937; x_wconf 84' lang='lat' dir='ltr'>civitas,</span> <span class='ocrx_word' id='word_1_273' title='bbox 2436 3871 2602 3927; x_wconf 86' lang='lat' dir='ltr'>nulla</span> 
     </span>
     <span class='ocr_line' id='line_1_34' title="bbox 503 3952 2602 4026; baseline 0 -17"><span class='ocrx_word' id='word_1_274' title='bbox 503 3953 818 4025; x_wconf 85' lang='lat' dir='ltr'>provincia,</span> <span class='ocrx_word' id='word_1_275' title='bbox 857 3952 1089 4008; x_wconf 83' lang='lat' dir='ltr'>nullum</span> <span class='ocrx_word' id='word_1_276' title='bbox 1127 3972 1397 4025; x_wconf 86' lang='lat' dir='ltr'>regnum,</span> <span class='ocrx_word' id='word_1_277' title='bbox 1450 3954 1704 4026; x_wconf 88' lang='lat' dir='ltr'>denique</span> <span class='ocrx_word' id='word_1_278' title='bbox 1741 3973 1850 4010; x_wconf 89' lang='lat' dir='ltr'>nec</span> <span class='ocrx_word' id='word_1_279' title='bbox 1896 3961 2055 4011; x_wconf 89' lang='lat' dir='ltr'>totus</span> <span class='ocrx_word' id='word_1_280' title='bbox 2103 3955 2375 4019; x_wconf 88' lang='lat' dir='ltr'>mundus,</span> <span class='ocrx_word' id='word_1_281' title='bbox 2422 3974 2602 4026; x_wconf 87' lang='lat' dir='ltr'>quan-</span> 
     </span>
     <span class='ocr_line' id='line_1_35' title="bbox 504 4037 2604 4110; baseline 0 -17"><span class='ocrx_word' id='word_1_282' title='bbox 504 4038 695 4108; x_wconf 89' lang='lat' dir='ltr'>doque</span> <span class='ocrx_word' id='word_1_283' title='bbox 747 4037 1024 4092; x_wconf 87' lang='lat' dir='ltr'>resistere</span> <span class='ocrx_word' id='word_1_284' title='bbox 1083 4038 1294 4109; x_wconf 90' lang='lat' dir='ltr'>potuit,</span> <span class='ocrx_word' id='word_1_285' title='bbox 1351 4039 1477 4108; x_wconf 88' lang='lat' dir='ltr'>jam</span> <span class='ocrx_word' id='word_1_286' title='bbox 1538 4039 1792 4110; x_wconf 90' lang='lat' dir='ltr'>propriis</span> <span class='ocrx_word' id='word_1_287' title='bbox 1851 4039 2065 4094; x_wconf 87' lang='lat' dir='ltr'>finibus</span> <span class='ocrx_word' id='word_1_288' title='bbox 2124 4039 2211 4094; x_wconf 89' lang='lat' dir='ltr'>ita</span> <span class='ocrx_word' id='word_1_289' title='bbox 2255 4040 2455 4103; x_wconf 88' lang='lat' dir='ltr'>artari,</span> <span class='ocrx_word' id='word_1_290' title='bbox 2517 4039 2604 4094; x_wconf 89' lang='lat' dir='ltr'>ita</span> 
     </span>
     <span class='ocr_line' id='line_1_36' title="bbox 505 4119 2597 4192; baseline 0.001 -16"><span class='ocrx_word' id='word_1_291' title='bbox 505 4121 721 4183; x_wconf 83' lang='lat' dir='ltr'>vexari,</span> <span class='ocrx_word' id='word_1_292' title='bbox 760 4119 940 4175; x_wconf 78' lang='lat' dir='ltr'>‘adeo</span> <span class='ocrx_word' id='word_1_293' title='bbox 976 4122 1428 4192; x_wconf 87' lang='lat' dir='ltr'>reprobabiliter</span> <span class='ocrx_word' id='word_1_294' title='bbox 1463 4121 1765 4177; x_wconf 88' lang='lat' dir='ltr'>deturbari</span> <span class='ocrx_word' id='word_1_295' title='bbox 1803 4141 1838 4177; x_wconf 89' lang='lat' dir='ltr'>a</span> <span class='ocrx_word' id='word_1_296' title='bbox 1861 4123 2011 4177; x_wconf 83' lang='lat' dir='ltr'>facie</span> <span class='ocrx_word' id='word_1_297' title='bbox 2049 4122 2361 4179; x_wconf 88' lang='lat' dir='ltr'>mediocris</span> <span class='ocrx_word' id='word_1_298' title='bbox 2401 4123 2597 4189; x_wconf 83' lang='lat' dir='ltr'>castri,</span> 
     </span>
     <span class='ocr_line' id='line_1_37' title="bbox 505 4206 1946 4276; baseline 0 -16"><span class='ocrx_word' id='word_1_299' title='bbox 505 4210 575 4260; x_wconf 87' lang='lat' dir='ltr'>ut</span> <span class='ocrx_word' id='word_1_300' title='bbox 618 4220 764 4276; x_wconf 89' lang='lat' dir='ltr'>pene</span> <span class='ocrx_word' id='word_1_301' title='bbox 806 4221 1036 4259; x_wconf 89' lang='lat' dir='ltr'>omnem</span> <span class='ocrx_word' id='word_1_302' title='bbox 1075 4223 1240 4276; x_wconf 90' lang='lat' dir='ltr'>spem</span> <span class='ocrx_word' id='word_1_303' title='bbox 1278 4206 1574 4261; x_wconf 82' lang='lat' dir='ltr'>amitteret</span> <span class='ocrx_word' id='word_1_304' title='bbox 1612 4206 1946 4261; x_wconf 83' lang='lat' dir='ltr'>resistendi.</span> 
     </span>
    </p>
   </div>
   <div class='ocr_carea' id='block_1_7' title="bbox 2495 4398 2605 4405">
    <p class='ocr_par' dir='ltr' id='par_1_7' title="bbox 2495 4398 2605 4405">
     <span class='ocr_line' id='line_1_38' title="bbox 2495 4398 2605 4405; baseline 0 -2"><span class='ocrx_word' id='word_1_305' title='bbox 2495 4398 2605 4405; x_wconf 73' lang='lat'>——.</span> 
     </span>
    </p>
   </div>
   <div class='ocr_carea' id='block_1_8' title="bbox 575 4513 2607 4661">
    <p class='ocr_par' dir='ltr' id='par_1_8' title="bbox 575 4513 2607 4661">
     <span class='ocr_line' id='line_1_39' title="bbox 577 4513 2389 4580; baseline 0.001 -14"><span class='ocrx_word' id='word_1_306' title='bbox 577 4517 589 4546; x_wconf 87' lang='lat'>¹</span> <span class='ocrx_word' id='word_1_307' title='bbox 612 4515 835 4566; x_wconf 80' lang='lat' dir='ltr'>Omitted</span> <span class='ocrx_word' id='word_1_308' title='bbox 855 4514 909 4563; x_wconf 88' lang='lat' dir='ltr'>in</span> <span class='ocrx_word' id='word_1_309' title='bbox 932 4514 1019 4565; x_wconf 81' lang='lat' dir='ltr'>the</span> <span class='ocrx_word' id='word_1_310' title='bbox 1039 4515 1238 4579; x_wconf 83' lang='lat' dir='ltr'>printed</span> <span class='ocrx_word' id='word_1_311' title='bbox 1258 4522 1405 4564; x_wconf 79' lang='lat' dir='ltr'>texts.</span> <span class='ocrx_word' id='word_1_312' title='bbox 1675 4518 1692 4545; x_wconf 84' lang='lat'><strong>⁴</strong></span> <span class='ocrx_word' id='word_1_313' title='bbox 1713 4513 1818 4563; x_wconf 83' lang='lat' dir='ltr'>loca</span> <span class='ocrx_word' id='word_1_314' title='bbox 1843 4515 1896 4564; x_wconf 87' lang='lat' dir='ltr'>in</span> <span class='ocrx_word' id='word_1_315' title='bbox 1917 4515 2004 4566; x_wconf 87' lang='lat' dir='ltr'>the</span> <span class='ocrx_word' id='word_1_316' title='bbox 2026 4515 2222 4580; x_wconf 80' lang='lat' dir='ltr'>printed</span> <span class='ocrx_word' id='word_1_317' title='bbox 2243 4524 2389 4568; x_wconf 85' lang='lat' dir='ltr'>texts.</span> 
     </span>
     <span class='ocr_line' id='line_1_40' title="bbox 575 4593 2607 4661; baseline 0.002 -18"><span class='ocrx_word' id='word_1_318' title='bbox 575 4597 595 4625; x_wconf 80' lang='lat'><strong>²</strong></span> <span class='ocrx_word' id='word_1_319' title='bbox 619 4596 670 4643; x_wconf 82' lang='lat' dir='ltr'>in</span> <span class='ocrx_word' id='word_1_320' title='bbox 693 4594 901 4644; x_wconf 79' lang='lat' dir='ltr'>omitted</span> <span class='ocrx_word' id='word_1_321' title='bbox 921 4594 977 4642; x_wconf 87' lang='lat' dir='ltr'>in</span> <span class='ocrx_word' id='word_1_322' title='bbox 995 4593 1260 4645; x_wconf 85' lang='lat' dir='ltr'>camden’s</span> <span class='ocrx_word' id='word_1_323' title='bbox 1280 4600 1402 4645; x_wconf 85' lang='lat' dir='ltr'>text.</span> <span class='ocrx_word' id='word_1_324' title='bbox 1673 4597 1695 4624; x_wconf 75' lang='lat'>³</span> <span class='ocrx_word' id='word_1_325' title='bbox 1714 4593 1779 4643; x_wconf 82' lang='lat' dir='ltr'>ab</span> <span class='ocrx_word' id='word_1_326' title='bbox 1811 4611 1865 4644; x_wconf 82' lang='lat' dir='ltr'>eo</span> <span class='ocrx_word' id='word_1_327' title='bbox 1900 4594 1955 4644; x_wconf 89' lang='lat' dir='ltr'>in</span> <span class='ocrx_word' id='word_1_328' title='bbox 1993 4595 2120 4661; x_wconf 80' lang='lat' dir='ltr'>orig.</span> <span class='ocrx_word' id='word_1_329' title='bbox 2156 4597 2257 4646; x_wconf 84' lang='lat' dir='ltr'>and</span> <span class='ocrx_word' id='word_1_330' title='bbox 2289 4597 2376 4647; x_wconf 88' lang='lat' dir='ltr'>the</span> <span class='ocrx_word' id='word_1_331' title='bbox 2408 4597 2607 4661; x_wconf 81' lang='lat' dir='ltr'>printed</span> 
     </span>
    </p>
   </div>
   <div class='ocr_carea' id='block_1_9' title="bbox 509 4672 2606 4817">
    <p class='ocr_par' dir='ltr' id='par_1_9' title="bbox 509 4672 2606 4817">
     <span class='ocr_line' id='line_1_41' title="bbox 574 4672 2606 4743; baseline 0.002 -20"><span class='ocrx_word' id='word_1_332' title='bbox 574 4677 594 4704; x_wconf 81' lang='lat'><strong>³</strong></span> <span class='ocrx_word' id='word_1_333' title='bbox 618 4673 858 4737; x_wconf 87' lang='lat' dir='ltr'>Supplied</span> <span class='ocrx_word' id='word_1_334' title='bbox 877 4673 1008 4722; x_wconf 81' lang='lat' dir='ltr'>from</span> <span class='ocrx_word' id='word_1_335' title='bbox 1033 4672 1169 4722; x_wconf 90' lang='lat' dir='ltr'>Bibl.</span> <span class='ocrx_word' id='word_1_336' title='bbox 1189 4673 1390 4738; x_wconf 78' lang='lat' dir='ltr'>Reg.1‹2.</span> <span class='ocrx_word' id='word_1_337' title='bbox 1417 4673 1497 4724; x_wconf 82' lang='lat' dir='ltr'>ix:</span> <span class='ocrx_word' id='word_1_338' title='bbox 1607 4682 1777 4734; x_wconf 79' lang='lat' dir='ltr'>texts3</span> <span class='ocrx_word' id='word_1_339' title='bbox 1826 4676 2085 4725; x_wconf 82' lang='lat' dir='ltr'>corrected</span> <span class='ocrx_word' id='word_1_340' title='bbox 2133 4675 2263 4725; x_wconf 71' lang='lat' dir='ltr'>stom</span> <span class='ocrx_word' id='word_1_341' title='bbox 2308 4676 2444 4728; x_wconf 87' lang='lat' dir='ltr'>Bibl.</span> <span class='ocrx_word' id='word_1_342' title='bbox 2479 4678 2606 4743; x_wconf 79' lang='lat' dir='ltr'>Reg.</span> 
     </span>
     <span class='ocr_line' id='line_1_42' title="bbox 509 4750 1853 4817; baseline 0.002 -14"><span class='ocrx_word' id='word_1_343' title='bbox 509 4754 718 4804; x_wconf 80' lang='lat' dir='ltr'>omitted</span> <span class='ocrx_word' id='word_1_344' title='bbox 735 4753 788 4802; x_wconf 90' lang='lat' dir='ltr'>in</span> <span class='ocrx_word' id='word_1_345' title='bbox 806 4752 893 4803; x_wconf 79' lang='lat' dir='ltr'>the</span> <span class='ocrx_word' id='word_1_346' title='bbox 908 4750 1109 4817; x_wconf 86' lang='lat' dir='ltr'>printed</span> <span class='ocrx_word' id='word_1_347' title='bbox 1131 4758 1277 4801; x_wconf 84' lang='lat' dir='ltr'>texts.</span> <span class='ocrx_word' id='word_1_348' title='bbox 1614 4760 1673 4805; x_wconf 78' lang='lat'>13</span> <span class='ocrx_word' id='word_1_349' title='bbox 1697 4754 1757 4805; x_wconf 79' lang='lat' dir='ltr'>E.</span> <span class='ocrx_word' id='word_1_350' title='bbox 1781 4755 1853 4806; x_wconf 82' lang='lat' dir='ltr'>ix.</span> 
     </span>
    </p>
   </div>
  </div>
 </body>
</html>
