3300 5617
1068 764 1398 823 msronu
1439 771 1854 824 metrosus
2422 759 2499 830 '71

115 953 375 1071 Βίὼιιῗ.
413 952 617 1025 Regis,
657 961 718 1012 et
752 974 857 1027 pro
889 959 1196 1015 retroactis
1231 960 1640 1031 impunitatem
1676 960 2043 1032 spondentes.
2127 958 2240 1027 Qui
2276 976 2509 1031 respon·
2534 956 2838 1013 A.D.1297.

117 1019 205 1072 ΜΒ·
225 1019 286 1070 3¹
414 1037 627 1094 derunt
678 1057 742 1095 se
793 1041 868 1095 ad
919 1059 1196 1113 pugnam,
1251 1060 1368 1099 non
1421 1042 1496 1098 ad
1548 1061 1770 1115 pacem,
1827 1044 2076 1098 venisse.
2151 1042 2297 1097 Erat
2340 1042 2511 1113 juxta

115 1088 296 1203 ἐξῇ
417 1120 715 1194 Sti-ivelyn
737 1142 882 1196 pons
919 1131 1101 1190 artus,
1131 1126 1234 1197 qui
1258 1126 1508 1183 ducebat
1542 1128 1702 1183 ultra
1735 1145 1947 1199 aquam
1970 1126 2506 1199 profundissimam,

416 1223 590 1276 quem
645 1207 886 1279 Anglici
949 1211 1218 1266 certatim
1280 1212 1531 1267 transire
1597 1211 1969 1278 nitebantur3
2034 1210 2137 1267 sed
2200 1209 2512 1266 'dissuasit

414 1289 523 1346 hoc
559 1291 845 1348 Ricardus
881 1292 953 1348 de
989 1294 1217 1364 Lundy,
1258 1312 1523 1351 asserens
1575 1296 1733 1366 quod
1781 1314 1895 1351 non
1944 1300 2181 1367 possent
2234 1294 2411 1350 simul
2447 1296 2507 1349 in

412 1373 787 1431 multitudine
840 1377 1038 1448 aliqua
1085 1379 1380 1449 progredi,
1437 1379 1542 1435 sed
1607 1385 1837 1436 tantum
1886 1379 2030 1444 bini,
2083 1379 2178 1436 vel
2227 1379 2381 1434 terni
2434 1378 2509 1434 ad

411 1457 578 1528 plus3
619 1466 680 1516 et
714 1460 766 1516 si
801 1461 906 1516 tali
943 1461 1113 1517 modo
1149 1463 1427 1519 wansiret
1476 1465 1782 1527 exercitus,
1823 1463 2053 1519 dicebat
2100 1463 2319 1535 grande
2356 1462 2508 1534 peri-

408 1541 604 1596 culum
642 1543 944 1600 imminere
981 1545 1096 1600 hiis
1135 1547 1236 1616 qui
1273 1547 1463 1618 primo
1499 1547 1873 1610 transierunt,
1913 1565 2049 1602 cum
2075 1546 2235 1602 Scoti
2270 1552 2510 1618 possent

408 1641 635 1696 semper
669 1645 885 1698 paucos
935 1629 1155 1699 pariter
1196 1635 1563 1686 transeuntes
1615 1630 1692 1686 ad
1726 1637 1863 1687 vota
1912 1632 2218 1703 perimere.
2296 1630 2506 1685 Comes

405 1715 596 1764 tamen
633 1709 957 1776 Warennoe,
986 1711 1362 1768 suadentibus
1400 1713 1532 1768 aliis
1569 1714 1764 1769 minus
1802 1713 2181 1784 sapientibus,
2222 1713 2406 1784 elegit
2438 1719 2508 1769 ut

405 1810 507 1862 per
529 1801 768 1864 pontem
787 1796 1153 1850 'transirent
1204 1797 1224 1826 ⁸
1241 1794 1347 1867 [Et
1377 1796 1542 1852 ecce!
1583 1803 1898 1868 antequam
1922 1796 2357 1868 pertransisset]
2386 1814 2506 1851 me·
2532 1805 2643 1857 The
2666 1808 2807 1874 Eng-

404 1875 589 1932 dietas
626 1880 937 1942 exercitus,
978 1881 1316 1951 supervenit
1367 1880 1685 1935 multitudo
1738 1880 2063 1945 Scotorum,
2104 1887 2165 1935 et
2216 1899 2351 1935 cum
2384 1881 2503 1935 hiis
2531 1871 2631 1923 li⁸h
2654 1877 2743 1927 de·

405 1961 503 2030 qui
549 1960 676 2031 jam
731 1964 1084 2020 transierant
1133 1982 1465 2035 congressa,
1529 1981 1675 2036 pene
1727 1982 1924 2019 omnes
1991 1964 2095 2034 qui
2152 1965 2506 2019 transierant
2529 1940 2693 2057 {gam
2713 1943 2784 2008 by

403 2044 734 2100 trucidavit.
812 2047 977 2102 Inter
1011 2065 1227 2119 paucos
1279 2048 1380 2119 qui
1432 2053 1766 2110 evaserunt,
1825 2047 1940 2102 fuit
1977 2046 2392 2103 Marmeducus
2431 2047 2503 2102 de
2587 2023 2616 2058 Θ
2640 2009 2798 2061 ὅσοις·

403 2127 672 2199 Twenge,
704 2129 806 2199 qui
844 2130 904 2184 in
939 2148 1156 2201 magna
1187 2130 1408 2186 virtute
1459 2131 1717 2186 obtinuit
1766 2137 2023 2202 pontem,
2063 2135 2132 2186 ut
2181 2130 2378 2186 salvus
2415 2149 2504 2185 re-

401 2210 569 2266 diret.
668 2211 876 2269 Comes
927 2213 1254 2278 Warennoe,
1323 2213 1536 2270 Custos
1600 2214 1833 2277 Scotiae,
1900 2230 2087 2285 usque
2137 2215 2503 2270 Berewicum

402 2295 653 2365 fugiens,
693 2296 987 2352 commisit
1039 2297 1364 2352 custodiam
1420 2297 1596 2353 castri
1649 2297 1721 2352 de
1762 2297 2061 2369 Strivelyn
2102 2297 2497 2354 Marmeduco.

403 2377 771 2435 Senescallus
796 2397 935 2435 vero
963 2380 1174 2436 Scotioe
1201 2387 1262 2436 et
1284 2381 1494 2436 Comes
1519 2381 1592 2436 de
1611 2381 1908 2445 Lewenes,
1928 2379 2195 2436 videntes
2218 2380 2502 2451 Anglicos

400 2463 708 2529 corruisse,
737 2465 1181 2534 transfugerunt
1202 2464 1278 2519 ad
1303 2465 1527 2520 Scotos.
1604 2463 1835 2519 Cecidit
1857 2469 2054 2519 autem
2078 2464 2139 2518 in
2162 2464 2271 2519 hoc
2294 2464 2502 2535 proelio

400 2546 581 2618 Hugo
617 2547 690 2602 de
728 2547 1166 2619 Cressingham,
1207 2548 1632 2604 Thesaurarius
1692 2547 1940 2615 Scotiae3
2000 2565 2175 2618 quem
2215 2548 2375 2604 Secti
2428 2549 2502 2603 ob

400 2630 598 2686 odium
623 2632 874 2703 speciale
910 2633 1285 2698 excoriantes,
1311 2632 1526 2703 pellem
1563 2632 1692 2704 ejus
1730 2632 1790 2686 in
1811 2631 2130 2703 particulas
2154 2632 2498 2688 diviserunt.

402 2714 609 2772 Comes
651 2715 977 2780 Warennoe,
1037 2715 1249 2772 Custos
1304 2717 1535 2780 Scotiae,
1590 2715 1662 2771 de
1717 2716 2014 2773 Berewico
2066 2716 2222 2787 fugit
2271 2716 2334 2784 ip
2381 2716 2503 2771 An-

403 2797 601 2870 gliam,
659 2799 736 2856 ad
788 2799 977 2855 filium
1026 2799 1231 2871 Regis,
1285 2799 1677 2866 Edwardum3
1736 2799 2131 2870 fugeruntque
2183 2806 2318 2872 post
2367 2817 2499 2856 eum

403 2890 462 2939 et
494 2884 690 2940 caeteri
715 2884 974 2955 Anglici,
1004 2884 1106 2954 qui
1142 2884 1204 2939 in
1243 2883 1540 2939 Berewico
1577 2888 1761 2947 erant,
1799 2883 2005 2938 villam
2031 2883 2222 2939 Scotis
2256 2901 2502 2939 vacuam

401 2967 814 3038 relinquentes.
891 2967 1178 3024 Custodes
1232 2973 1427 3023 tamen
1476 2968 1676 3033 castri,
1715 2966 1866 3021 illud
1913 2974 2195 3031 tenentes,
2249 2968 2503 3023 viriliter

401 3049 800 3107 defenderunt.

469 3133 628 3190 Dum
663 3136 789 3191 haec
825 3139 1140 3206 agerentur
1173 3152 1211 3189 a
1248 3133 1458 3198 Scotis,
1505 3151 1745 3189 suasum
1781 3139 1872 3188 est
1906 3133 2026 3189 filio
2062 3133 2246 3205 Regis
2281 3152 2318 3189 a
2354 3133 2501 3190 Con·
2529 3136 2827 3192 Conditions

402 3218 532 3276 silio
579 3237 705 3284 suc,
745 3225 814 3275 ut
850 3219 1106 3274 Comites
1146 3218 1512 3273 Herefordiae
1548 3223 1609 3271 et
1655 3217 1989 3272 Marescalli
2036 3223 2288 3282 vocaret,
2333 3225 2410 3283 et,
2452 3221 2498 3274 si
2529 3207 2591 3284 0,f
2609 3209 2837 3287 ῐζθθθῦθῖ·

402 3320 514 3372 quo
545 3287 718 3358 modo
753 3309 966 3373 posset,
999 3303 1075 3358 ad
1109 3320 1311 3374 pacem
1340 3300 1618 3356 alliceret.
1696 3300 1810 3369 Qui
1841 3319 1976 3357 cum
1998 3303 2187 3357 vocati
2215 3303 2500 3367 venirent,
2529 3273 2839 3391 h⁸t¹⁰¹¹bp¹⁸⁰'

400 3386 461 3441 in
497 3387 744 3442 formam
779 3387 941 3459 pacis
977 3385 1366 3457 subscriptam
1401 3384 1732 3449 voluerunt,
1773 3389 1834 3439 et
1866 3383 2090 3439 nullam
2135 3385 2330 3451 aliam,
2370 3403 2501 3441 con·
2526 3342 2772 3459 {hogedssaff
2782 3410 2843 3458 of

402 3471 616 3526 sentire
637 3493 728 3526 2—-
2528 3474 2779 3525 Hereford

469 3554 688 3619 Prim0,
741 3552 896 3625 quod
942 3552 1227 3609 Dominus
1275 3552 1401 3607 Rex
1451 3551 1730 3608 Chartam
1769 3551 2066 3624 Magnam,
2107 3571 2241 3609 cum
2275 3554 2503 3610 caeteris
2528 3543 2628 3591 πᾶ
2649 3541 2768 3591 Effl'l

401 3638 683 3695 Articulis
719 3638 983 3710 adjectis,
1024 3644 1084 3693 et
1120 3636 1398 3693 Chartam
1434 3636 1506 3691 de
1531 3635 1792 3700 Foresta‚
1821 3646 2038 3692 annuat
2072 3643 2133 3693 et
2166 3639 2499 3703 confirmat3
2526 3607 2768 3659 mmm

400 3730 459 3778 et
507 3722 662 3794 quod
711 3723 938 3778 nullum
992 3722 1275 3777 auxilium
1322 3720 1419 3775 vel
1468 3721 1832 3777 vexationem
1886 3722 2083 3792 exigat
2130 3740 2168 3777 a
2215 3723 2371 3777 clero
2406 3723 2500 3776 vel

401 3807 629 3878 popu10,
686 3806 905 3878 absque
942 3805 1185 3862 consilio
1221 3809 1282 3860 et
1316 3821 1592 3871 assensu3
1643 3810 1705 3860 et
1754 3803 1910 3876 quod
1945 3822 2175 3860 omnem
2224 3806 2500 3863 offensam

403 3889 747 3954 Comitibus,
788 3897 849 3946 et
884 3907 1086 3944 eorum
1122 3887 1550 3952 confoederatis,
1582 3887 1858 3944 dimittat.

470 3973 488 4001 ⁴
510 3973 768 4032 Articuli
805 3971 1020 4044 adjecti
1054 3971 1131 4028 ad
1164 3971 1442 4043 Magnam
1486 3971 1767 4028 Chartam
1802 3977 1939 4028 sunt
1974 3970 2182 4028 isti=-—

472 4061 509 4085 “
534 4056 785 4112 Nullum
809 4054 1138 4126 talliagium
1165 4054 1262 4110 vel
1286 4054 1567 4110 auxilium
1598 4072 1706 4127 per
1735 4073 1840 4111 nos
1864 4055 1960 4112 vel
1987 4056 2248 4113 haeredes
2270 4063 2497 4115 nostros
2521 4057 2749 4111 Articles
2765 4068 2818 4111 to

408 4147 443 4169 ‘⁴
480 4141 552 4197 de
602 4147 814 4197 caetero
863 4140 924 4194 in
971 4157 1155 4211 regno
1225 4145 1422 4195 nostro
1487 4138 1820 4211 imponatur
1884 4158 1989 4196 seu
2056 4140 2299 4208 levetur,
2371 4143 2497 4199 sine
2520 4126 2787 4260 ἓξὲξ,

2523 4259 2726 4312 Charta·

471 4438 748 4490 'dissuevit
766 4438 820 4488 in
843 4436 968 4504 orig.
1504 4433 1739 4486 Arundel
1761 4429 1876 4487 MS.
1943 4434 2090 4503 They
2126 4451 2210 4488 are
2248 4438 2404 4490 found
2441 4439 2497 4491 in

467 4521 488 4549 ²
510 4520 798 4569 &minent
817 4517 872 4567 in
898 4517 1025 4584 orig.
1503 4516 1807 4582 Rishanger.

469 4598 489 4627 ⁸
509 4597 677 4649 'I'hese
720 4599 897 4658 words,
942 4612 996 4647 ss
1033 4592 1186 4662 given
1223 4592 1280 4646 in
1319 4594 1403 4645 the
1568 4596 1733 4647 ‘Also
1789 4595 1940 4662 given
1991 4598 2061 4662 by
2112 4597 2500 4666 Hemingburgh

406 4676 599 4743 printed
635 4683 789 4740 texts,
828 4690 915 4729 are
960 4673 1172 4729 omitted
1214 4674 1269 4726 in
1314 4673 1401 4726 the
1505 4675 1604 4738 (11.
1625 4691 1711 4741 pp.
1740 4680 1851 4738 151,
1878 4679 1990 4739 152,
2010 4678 2087 4728 ed.
2110 4678 2415 4746 Hamilton).
