<?xml version="1.0" encoding="UTF-8"?>
<!DOCTYPE html PUBLIC "-//W3C//DTD XHTML 1.0 Transitional//EN"
    "http://www.w3.org/TR/xhtml1/DTD/xhtml1-transitional.dtd">
<html xmlns="http://www.w3.org/1999/xhtml" xml:lang="en" lang="en">
 <head>
  <title>
</title>
<meta http-equiv="Content-Type" content="text/html;charset=utf-8" />
  <meta name='ocr-system' content='tesseract 3.04.00' />
  <meta name='ocr-capabilities' content='ocr_page ocr_carea ocr_par ocr_line ocrx_word'/>
</head>
<body>
  <div class='ocr_page' id='page_1' title='image "./thomaewalsingha00unkngoog_0124.png"; bbox 0 0 3300 5617; ppageno 0'>
   <div class='ocr_carea' id='block_1_1' title="bbox 785 791 2208 855">
    <p class='ocr_par' dir='ltr' id='par_1_1' title="bbox 785 791 2208 855">
     <span class='ocr_line' id='line_1_1' title="bbox 785 791 2208 855; baseline 0.001 -2"><span class='ocrx_word' id='word_1_1' title='bbox 785 791 872 854; x_wconf 89' lang='grc'><strong>86</strong></span> <span class='ocrx_word' id='word_1_2' title='bbox 1435 803 1696 854; x_wconf 68' lang='lat' dir='ltr'><strong>‘mom</strong></span> <span class='ocrx_word' id='word_1_3' title='bbox 1739 803 2208 855; x_wconf 62' lang='lat' dir='ltr'><strong>wammam</strong></span> 
     </span>
    </p>
   </div>
   <div class='ocr_carea' id='block_1_2' title="bbox 446 982 3154 4437">
    <p class='ocr_par' dir='ltr' id='par_1_2' title="bbox 446 982 3154 3510">
     <span class='ocr_line' id='line_1_2' title="bbox 446 982 3154 1067; baseline -0 -28"><span class='ocrx_word' id='word_1_4' title='bbox 446 982 1038 1063; x_wconf 67' lang='lat' dir='ltr'><strong>A.D.1301.¹poeitis,</strong></span> <span class='ocrx_word' id='word_1_5' title='bbox 1091 1007 1226 1047; x_wconf 84' lang='lat' dir='ltr'><strong>cum</strong></span> <span class='ocrx_word' id='word_1_6' title='bbox 1279 989 1405 1046; x_wconf 83' lang='lat' dir='ltr'><strong>Rex</strong></span> <span class='ocrx_word' id='word_1_7' title='bbox 1455 990 1671 1047; x_wconf 75' lang='lat' dir='ltr'><strong>Scotiae</strong></span> <span class='ocrx_word' id='word_1_8' title='bbox 1718 991 1795 1046; x_wconf 81' lang='lat' dir='ltr'><strong>ad</strong></span> <span class='ocrx_word' id='word_1_9' title='bbox 1841 989 2211 1063; x_wconf 77' lang='lat' dir='ltr'><strong>proesentiam</strong></span> <span class='ocrx_word' id='word_1_10' title='bbox 2278 987 2464 1060; x_wconf 75' lang='lat' dir='ltr'><strong>Regi·</strong></span> <span class='ocrx_word' id='word_1_11' title='bbox 2512 985 2750 1059; x_wconf 71' lang='lat' dir='ltr'><strong>Anglin</strong></span> <span class='ocrx_word' id='word_1_12' title='bbox 2800 988 3154 1067; x_wconf 59' lang='lat' dir='ltr'><strong>seRishugoe.</strong></span> 
     </span>
     <span class='ocr_line' id='line_1_3' title="bbox 777 1056 3135 1149; baseline -0.003 -16"><span class='ocrx_word' id='word_1_13' title='bbox 777 1076 1161 1149; x_wconf 70' lang='lat' dir='ltr'><strong>personaliter</strong></span> <span class='ocrx_word' id='word_1_14' title='bbox 1194 1075 1554 1140; x_wconf 84' lang='lat' dir='ltr'><strong>contulisset,</strong></span> <span class='ocrx_word' id='word_1_15' title='bbox 1593 1076 1787 1131; x_wconf 86' lang='lat' dir='ltr'><strong>eidem</strong></span> <span class='ocrx_word' id='word_1_16' title='bbox 1819 1076 2159 1131; x_wconf 86' lang='lat' dir='ltr'><strong>fidelitatem</strong></span> <span class='ocrx_word' id='word_1_17' title='bbox 2193 1074 2564 1146; x_wconf 73' lang='lat' dir='ltr'>impensurus</span> <span class='ocrx_word' id='word_1_18' title='bbox 2611 1090 2719 1144; x_wconf 88' lang='lat' dir='ltr'><strong>pro</strong></span> <span class='ocrx_word' id='word_1_19' title='bbox 2754 1071 2867 1126; x_wconf 86' lang='lat' dir='ltr'><strong>eis·</strong></span> <span class='ocrx_word' id='word_1_20' title='bbox 2891 1057 3004 1107; x_wconf 72' lang='lat' dir='ltr'><strong>MS·</strong></span> <span class='ocrx_word' id='word_1_21' title='bbox 3024 1056 3135 1107; x_wconf 55' lang='grc' dir='ltr'><strong>ΒΜ·</strong></span> 
     </span>
     <span class='ocr_line' id='line_1_4' title="bbox 777 1124 3102 1241; baseline -0.003 -23"><span class='ocrx_word' id='word_1_22' title='bbox 777 1162 914 1218; x_wconf 87' lang='lat' dir='ltr'><strong>dem</strong></span> <span class='ocrx_word' id='word_1_23' title='bbox 945 1162 1122 1218; x_wconf 88' lang='lat' dir='ltr'><strong>terris</strong></span> <span class='ocrx_word' id='word_1_24' title='bbox 1157 1168 1403 1226; x_wconf 87' lang='lat' dir='ltr'><strong>tantum,</strong></span> <span class='ocrx_word' id='word_1_25' title='bbox 1442 1161 1506 1216; x_wconf 88' lang='lat' dir='ltr'><strong>in</strong></span> <span class='ocrx_word' id='word_1_26' title='bbox 1525 1160 1749 1233; x_wconf 82' lang='lat' dir='ltr'><strong>Anglia</strong></span> <span class='ocrx_word' id='word_1_27' title='bbox 1783 1161 1932 1225; x_wconf 84' lang='lat' dir='ltr'><strong>sitis,</strong></span> <span class='ocrx_word' id='word_1_28' title='bbox 1970 1179 2087 1216; x_wconf 89' lang='lat' dir='ltr'><strong>nou</strong></span> <span class='ocrx_word' id='word_1_29' title='bbox 2120 1165 2189 1216; x_wconf 79' lang='lat' dir='ltr'><strong>ut</strong></span> <span class='ocrx_word' id='word_1_30' title='bbox 2222 1159 2349 1215; x_wconf 82' lang='lat' dir='ltr'><strong>Rex</strong></span> <span class='ocrx_word' id='word_1_31' title='bbox 2386 1159 2597 1214; x_wconf 80' lang='lat' dir='ltr'><strong>Scotiae</strong></span> <span class='ocrx_word' id='word_1_32' title='bbox 2630 1174 2740 1213; x_wconf 86' lang='lat' dir='ltr'><strong>nec</strong></span> <span class='ocrx_word' id='word_1_33' title='bbox 2761 1173 2870 1227; x_wconf 84' lang='lat' dir='ltr'><strong>pro</strong></span> <span class='ocrx_word' id='word_1_34' title='bbox 2891 1124 3102 1241; x_wconf 41' lang='lat' dir='ltr'><strong>{eam</strong></span> 
     </span>
     <span class='ocr_line' id='line_1_5' title="bbox 777 1242 2873 1320; baseline -0.002 -19"><span class='ocrx_word' id='word_1_35' title='bbox 777 1264 959 1320; x_wconf 86' lang='lat' dir='ltr'><strong>regno</strong></span> <span class='ocrx_word' id='word_1_36' title='bbox 997 1246 1208 1302; x_wconf 78' lang='lat' dir='ltr'><strong>Scotiae</strong></span> <span class='ocrx_word' id='word_1_37' title='bbox 1244 1245 1585 1301; x_wconf 86' lang='lat' dir='ltr'><strong>fidelitatem</strong></span> <span class='ocrx_word' id='word_1_38' title='bbox 1619 1245 1861 1301; x_wconf 83' lang='lat' dir='ltr'><strong>eandem</strong></span> <span class='ocrx_word' id='word_1_39' title='bbox 1898 1244 2191 1310; x_wconf 75' lang='lat' dir='ltr'><strong>exhibuit3</strong></span> <span class='ocrx_word' id='word_1_40' title='bbox 2242 1244 2383 1315; x_wconf 89' lang='lat' dir='ltr'><strong>quia</strong></span> <span class='ocrx_word' id='word_1_41' title='bbox 2432 1242 2627 1315; x_wconf 86' lang='lat' dir='ltr'><strong>palam</strong></span> <span class='ocrx_word' id='word_1_42' title='bbox 2675 1257 2873 1297; x_wconf 82' lang='lat' dir='ltr'><strong>coram</strong></span> 
     </span>
     <span class='ocr_line' id='line_1_6' title="bbox 777 1326 2873 1402; baseline -0.003 -16"><span class='ocrx_word' id='word_1_43' title='bbox 777 1330 991 1402; x_wconf 90' lang='lat' dir='ltr'><strong>populo</strong></span> <span class='ocrx_word' id='word_1_44' title='bbox 1038 1335 1424 1402; x_wconf 84' lang='lat' dir='ltr'><strong>protestatum</strong></span> <span class='ocrx_word' id='word_1_45' title='bbox 1474 1334 1583 1394; x_wconf 83' lang='lat' dir='ltr'><strong>est,</strong></span> <span class='ocrx_word' id='word_1_46' title='bbox 1647 1329 1804 1401; x_wconf 90' lang='lat' dir='ltr'><strong>quod</strong></span> <span class='ocrx_word' id='word_1_47' title='bbox 1861 1347 1968 1401; x_wconf 87' lang='lat' dir='ltr'><strong>pro</strong></span> <span class='ocrx_word' id='word_1_48' title='bbox 2018 1346 2202 1402; x_wconf 87' lang='lat' dir='ltr'><strong>regno</strong></span> <span class='ocrx_word' id='word_1_49' title='bbox 2262 1327 2473 1384; x_wconf 83' lang='lat' dir='ltr'><strong>Scotiae</strong></span> <span class='ocrx_word' id='word_1_50' title='bbox 2531 1326 2873 1382; x_wconf 86' lang='lat' dir='ltr'><strong>fidelitatem</strong></span> 
     </span>
     <span class='ocr_line' id='line_1_7' title="bbox 778 1410 2874 1487; baseline -0.002 -17"><span class='ocrx_word' id='word_1_51' title='bbox 778 1415 1037 1487; x_wconf 85' lang='lat' dir='ltr'><strong>aliquam</strong></span> <span class='ocrx_word' id='word_1_52' title='bbox 1090 1415 1244 1487; x_wconf 88' lang='lat' dir='ltr'><strong>Regi</strong></span> <span class='ocrx_word' id='word_1_53' title='bbox 1292 1414 1527 1487; x_wconf 76' lang='lat' dir='ltr'><strong>Angliae</strong></span> <span class='ocrx_word' id='word_1_54' title='bbox 1577 1414 1770 1469; x_wconf 77' lang='lat' dir='ltr'><strong>facere</strong></span> <span class='ocrx_word' id='word_1_55' title='bbox 1818 1432 1934 1470; x_wconf 89' lang='lat' dir='ltr'><strong>non</strong></span> <span class='ocrx_word' id='word_1_56' title='bbox 1979 1413 2242 1469; x_wconf 84' lang='lat' dir='ltr'><strong>debebat.</strong></span> <span class='ocrx_word' id='word_1_57' title='bbox 2316 1412 2489 1478; x_wconf 88' lang='lat' dir='ltr'><strong>Item,</strong></span> <span class='ocrx_word' id='word_1_58' title='bbox 2536 1410 2693 1484; x_wconf 88' lang='lat' dir='ltr'><strong>quod</strong></span> <span class='ocrx_word' id='word_1_59' title='bbox 2724 1427 2874 1482; x_wconf 68' lang='lat' dir='ltr'><strong>prae·</strong></span> 
     </span>
     <span class='ocr_line' id='line_1_8' title="bbox 779 1495 2874 1570; baseline -0.003 -15"><span class='ocrx_word' id='word_1_60' title='bbox 779 1500 970 1555; x_wconf 86' lang='lat' dir='ltr'><strong>dictus</strong></span> <span class='ocrx_word' id='word_1_61' title='bbox 1030 1499 1157 1554; x_wconf 84' lang='lat' dir='ltr'><strong>Rex</strong></span> <span class='ocrx_word' id='word_1_62' title='bbox 1213 1498 1543 1554; x_wconf 77' lang='lat' dir='ltr'><strong>Alexander</strong></span> <span class='ocrx_word' id='word_1_63' title='bbox 1611 1498 1858 1570; x_wconf 86' lang='lat' dir='ltr'><strong>reliquit</strong></span> <span class='ocrx_word' id='word_1_64' title='bbox 1926 1497 2184 1570; x_wconf 88' lang='lat' dir='ltr'><strong>puellam</strong></span> <span class='ocrx_word' id='word_1_65' title='bbox 2256 1496 2564 1560; x_wconf 83' lang='lat' dir='ltr'><strong>haeredem,</strong></span> <span class='ocrx_word' id='word_1_66' title='bbox 2640 1495 2874 1550; x_wconf 87' lang='lat' dir='ltr'><strong>nomine</strong></span> 
     </span>
     <span class='ocr_line' id='line_1_9' title="bbox 782 1579 2870 1655; baseline -0.003 -16"><span class='ocrx_word' id='word_1_67' title='bbox 782 1582 1299 1654; x_wconf 75' lang='lat' dir='ltr'><strong>“Margaretam,”</strong></span> <span class='ocrx_word' id='word_1_68' title='bbox 1359 1589 1592 1655; x_wconf 87' lang='lat' dir='ltr'><strong>neptem</strong></span> <span class='ocrx_word' id='word_1_69' title='bbox 1642 1582 1828 1654; x_wconf 87' lang='lat' dir='ltr'><strong>Regis</strong></span> <span class='ocrx_word' id='word_1_70' title='bbox 1876 1582 2130 1653; x_wconf 78' lang='lat' dir='ltr'><strong>Angliae,</strong></span> <span class='ocrx_word' id='word_1_71' title='bbox 2184 1589 2325 1637; x_wconf 90' lang='lat' dir='ltr'><strong>tunc</strong></span> <span class='ocrx_word' id='word_1_72' title='bbox 2369 1580 2613 1636; x_wconf 88' lang='lat' dir='ltr'><strong>minoris</strong></span> <span class='ocrx_word' id='word_1_73' title='bbox 2660 1579 2870 1644; x_wconf 68' lang='lat' dir='ltr'><strong>astatis,</strong></span> 
     </span>
     <span class='ocr_line' id='line_1_10' title="bbox 779 1664 2873 1739; baseline -0.003 -16"><span class='ocrx_word' id='word_1_74' title='bbox 779 1668 950 1739; x_wconf 89' lang='lat' dir='ltr'><strong>cujus</strong></span> <span class='ocrx_word' id='word_1_75' title='bbox 1001 1670 1267 1725; x_wconf 86' lang='lat' dir='ltr'><strong>custodia</strong></span> <span class='ocrx_word' id='word_1_76' title='bbox 1324 1686 1440 1723; x_wconf 90' lang='lat' dir='ltr'><strong>nou</strong></span> <span class='ocrx_word' id='word_1_77' title='bbox 1497 1668 1572 1723; x_wconf 81' lang='lat' dir='ltr'><strong>ad</strong></span> <span class='ocrx_word' id='word_1_78' title='bbox 1621 1666 1848 1738; x_wconf 82' lang='lat' dir='ltr'><strong>Regem</strong></span> <span class='ocrx_word' id='word_1_79' title='bbox 1914 1667 2169 1738; x_wconf 73' lang='lat' dir='ltr'><strong>Angfiae,</strong></span> <span class='ocrx_word' id='word_1_80' title='bbox 2223 1666 2390 1722; x_wconf 74' lang='lat' dir='ltr'><strong>velut</strong></span> <span class='ocrx_word' id='word_1_81' title='bbox 2447 1665 2524 1720; x_wconf 78' lang='lat' dir='ltr'><strong>ad</strong></span> <span class='ocrx_word' id='word_1_82' title='bbox 2575 1664 2873 1719; x_wconf 86' lang='lat' dir='ltr'><strong>dominum</strong></span> 
     </span>
     <span class='ocr_line' id='line_1_11' title="bbox 780 1748 2875 1825; baseline -0.004 -16"><span class='ocrx_word' id='word_1_83' title='bbox 780 1770 1137 1825; x_wconf 88' lang='lat' dir='ltr'><strong>supremum,</strong></span> <span class='ocrx_word' id='word_1_84' title='bbox 1192 1754 1477 1825; x_wconf 83' lang='lat' dir='ltr'><strong>pervenit,</strong></span> <span class='ocrx_word' id='word_1_85' title='bbox 1537 1752 1642 1808; x_wconf 86' lang='lat' dir='ltr'><strong>sed</strong></span> <span class='ocrx_word' id='word_1_86' title='bbox 1689 1753 1764 1808; x_wconf 81' lang='lat' dir='ltr'><strong>ad</strong></span> <span class='ocrx_word' id='word_1_87' title='bbox 1816 1759 2057 1808; x_wconf 82' lang='lat' dir='ltr'><strong>caeteros</strong></span> <span class='ocrx_word' id='word_1_88' title='bbox 2112 1750 2377 1823; x_wconf 86' lang='lat' dir='ltr'><strong>ejusdem</strong></span> <span class='ocrx_word' id='word_1_89' title='bbox 2424 1750 2597 1821; x_wconf 88' lang='lat' dir='ltr'><strong>regni</strong></span> <span class='ocrx_word' id='word_1_90' title='bbox 2665 1748 2875 1803; x_wconf 79' lang='lat' dir='ltr'><strong>Scotiae</strong></span> 
     </span>
     <span class='ocr_line' id='line_1_12' title="bbox 779 1831 2872 1909; baseline -0.003 -16"><span class='ocrx_word' id='word_1_91' title='bbox 779 1856 1065 1909; x_wconf 83' lang='lat' dir='ltr'><strong>proceres,</strong></span> <span class='ocrx_word' id='word_1_92' title='bbox 1121 1837 1197 1893; x_wconf 88' lang='lat' dir='ltr'><strong>ad</strong></span> <span class='ocrx_word' id='word_1_93' title='bbox 1249 1838 1356 1892; x_wconf 93' lang='lat' dir='ltr'><strong>hoc</strong></span> <span class='ocrx_word' id='word_1_94' title='bbox 1408 1836 1640 1892; x_wconf 87' lang='lat' dir='ltr'><strong>electos.</strong></span> <span class='ocrx_word' id='word_1_95' title='bbox 1730 1836 2144 1908; x_wconf 85' lang='lat' dir='ltr'><strong>Redarguebat</strong></span> <span class='ocrx_word' id='word_1_96' title='bbox 2190 1837 2368 1891; x_wconf 86' lang='lat' dir='ltr'><strong>etiam</strong></span> <span class='ocrx_word' id='word_1_97' title='bbox 2417 1834 2581 1905; x_wconf 86' lang='lat' dir='ltr'><strong>Papa</strong></span> <span class='ocrx_word' id='word_1_98' title='bbox 2628 1831 2872 1903; x_wconf 82' lang='lat' dir='ltr'><strong>Regem,</strong></span> 
     </span>
     <span class='ocr_line' id='line_1_13' title="bbox 779 1918 2876 1994; baseline -0.002 -19"><span class='ocrx_word' id='word_1_99' title='bbox 779 1939 850 1976; x_wconf 91' lang='lat' dir='ltr'><strong>eo</strong></span> <span class='ocrx_word' id='word_1_100' title='bbox 898 1922 1055 1993; x_wconf 90' lang='lat' dir='ltr'><strong>quod</strong></span> <span class='ocrx_word' id='word_1_101' title='bbox 1088 1927 1224 1994; x_wconf 86' lang='lat' dir='ltr'><strong>post</strong></span> <span class='ocrx_word' id='word_1_102' title='bbox 1279 1925 1528 1976; x_wconf 78' lang='lat' dir='ltr'><strong>mortem</strong></span> <span class='ocrx_word' id='word_1_103' title='bbox 1563 1921 1708 1975; x_wconf 86' lang='lat' dir='ltr'><strong>dicti</strong></span> <span class='ocrx_word' id='word_1_104' title='bbox 1744 1919 2063 1975; x_wconf 72' lang='lat' dir='ltr'><strong>Alexandri</strong></span> <span class='ocrx_word' id='word_1_105' title='bbox 2114 1920 2318 1992; x_wconf 87' lang='lat' dir='ltr'><strong>Regis,</strong></span> <span class='ocrx_word' id='word_1_106' title='bbox 2360 1918 2564 1974; x_wconf 85' lang='lat' dir='ltr'><strong>Scotos</strong></span> <span class='ocrx_word' id='word_1_107' title='bbox 2598 1923 2876 1987; x_wconf 81' lang='lat' dir='ltr'><strong>tanquam</strong></span> 
     </span>
     <span class='ocr_line' id='line_1_14' title="bbox 780 2000 2877 2077; baseline -0.003 -17"><span class='ocrx_word' id='word_1_108' title='bbox 780 2005 1105 2077; x_wconf 88' lang='lat' dir='ltr'><strong>acephalos,</strong></span> <span class='ocrx_word' id='word_1_109' title='bbox 1162 2011 1224 2061; x_wconf 90' lang='lat' dir='ltr'><strong>et</strong></span> <span class='ocrx_word' id='word_1_110' title='bbox 1272 2004 1438 2060; x_wconf 86' lang='lat' dir='ltr'><strong>ducis</strong></span> <span class='ocrx_word' id='word_1_111' title='bbox 1489 2004 1839 2075; x_wconf 82' lang='lat' dir='ltr'><strong>suffragium</strong></span> <span class='ocrx_word' id='word_1_112' title='bbox 1884 2021 2001 2058; x_wconf 88' lang='lat' dir='ltr'><strong>non</strong></span> <span class='ocrx_word' id='word_1_113' title='bbox 2049 2004 2349 2069; x_wconf 83' lang='lat' dir='ltr'><strong>habentes,</strong></span> <span class='ocrx_word' id='word_1_114' title='bbox 2402 2003 2562 2073; x_wconf 81' lang='lat' dir='ltr'><strong>ipsos</strong></span> <span class='ocrx_word' id='word_1_115' title='bbox 2612 2018 2720 2073; x_wconf 90' lang='lat' dir='ltr'><strong>per</strong></span> <span class='ocrx_word' id='word_1_116' title='bbox 2754 2000 2877 2054; x_wconf 77' lang='lat' dir='ltr'><strong>vim</strong></span> 
     </span>
     <span class='ocr_line' id='line_1_15' title="bbox 780 2088 2878 2162; baseline -0.002 -18"><span class='ocrx_word' id='word_1_117' title='bbox 780 2089 894 2145; x_wconf 87' lang='lat' dir='ltr'><strong>sibi</strong></span> <span class='ocrx_word' id='word_1_118' title='bbox 932 2090 1308 2162; x_wconf 79' lang='lat' dir='ltr'><strong>subjugavit3</strong></span> <span class='ocrx_word' id='word_1_119' title='bbox 1359 2094 1422 2144; x_wconf 83' lang='lat' dir='ltr'><strong>et</strong></span> <span class='ocrx_word' id='word_1_120' title='bbox 1454 2096 1678 2143; x_wconf 88' lang='lat' dir='ltr'><strong>metum</strong></span> <span class='ocrx_word' id='word_1_121' title='bbox 1727 2089 1790 2143; x_wconf 91' lang='lat' dir='ltr'><strong>in</strong></span> <span class='ocrx_word' id='word_1_122' title='bbox 1824 2088 2233 2160; x_wconf 79' lang='lat' dir='ltr'><strong>praejudicium</strong></span> <span class='ocrx_word' id='word_1_123' title='bbox 2285 2095 2348 2144; x_wconf 86' lang='lat' dir='ltr'><strong>et</strong></span> <span class='ocrx_word' id='word_1_124' title='bbox 2395 2104 2714 2159; x_wconf 75' lang='lat' dir='ltr'><strong>gravamen</strong></span> <span class='ocrx_word' id='word_1_125' title='bbox 2762 2101 2878 2140; x_wconf 85' lang='lat' dir='ltr'><strong>uon</strong></span> 
     </span>
     <span class='ocr_line' id='line_1_16' title="bbox 780 2170 2877 2245; baseline -0.001 -18"><span class='ocrx_word' id='word_1_126' title='bbox 780 2173 1074 2228; x_wconf 88' lang='lat' dir='ltr'><strong>modicum</strong></span> <span class='ocrx_word' id='word_1_127' title='bbox 1129 2174 1404 2229; x_wconf 76' lang='lat' dir='ltr'><strong>Romanae</strong></span> <span class='ocrx_word' id='word_1_128' title='bbox 1455 2173 1738 2229; x_wconf 81' lang='lat' dir='ltr'><strong>Ecclesiae</strong></span> <span class='ocrx_word' id='word_1_129' title='bbox 1813 2173 2115 2245; x_wconf 88' lang='lat' dir='ltr'><strong>adjiciens,</strong></span> <span class='ocrx_word' id='word_1_130' title='bbox 2180 2173 2337 2244; x_wconf 92' lang='lat' dir='ltr'><strong>quod</strong></span> <span class='ocrx_word' id='word_1_131' title='bbox 2395 2191 2531 2228; x_wconf 90' lang='lat' dir='ltr'><strong>cum</strong></span> <span class='ocrx_word' id='word_1_132' title='bbox 2592 2170 2877 2226; x_wconf 87' lang='lat' dir='ltr'><strong>Dominus</strong></span> 
     </span>
     <span class='ocr_line' id='line_1_17' title="bbox 781 2256 2879 2331; baseline -0.002 -19"><span class='ocrx_word' id='word_1_133' title='bbox 781 2258 943 2329; x_wconf 84' lang='lat' dir='ltr'><strong>Papa</strong></span> <span class='ocrx_word' id='word_1_134' title='bbox 977 2258 1232 2313; x_wconf 87' lang='lat' dir='ltr'><strong>officium</strong></span> <span class='ocrx_word' id='word_1_135' title='bbox 1267 2259 1581 2331; x_wconf 79' lang='lat' dir='ltr'><strong>legationis</strong></span> <span class='ocrx_word' id='word_1_136' title='bbox 1618 2258 1797 2314; x_wconf 85' lang='lat' dir='ltr'><strong>alicui</strong></span> <span class='ocrx_word' id='word_1_137' title='bbox 1824 2258 2139 2314; x_wconf 89' lang='lat' dir='ltr'><strong>committit</strong></span> <span class='ocrx_word' id='word_1_138' title='bbox 2161 2258 2565 2329; x_wconf 82' lang='lat' dir='ltr'><strong>exequendum</strong></span> <span class='ocrx_word' id='word_1_139' title='bbox 2598 2256 2663 2311; x_wconf 89' lang='lat' dir='ltr'><strong>in</strong></span> <span class='ocrx_word' id='word_1_140' title='bbox 2696 2271 2879 2325; x_wconf 88' lang='lat' dir='ltr'><strong>regno</strong></span> 
     </span>
     <span class='ocr_line' id='line_1_18' title="bbox 785 2338 2883 2414; baseline -0.002 -17"><span class='ocrx_word' id='word_1_141' title='bbox 785 2341 1037 2413; x_wconf 84' lang='lat' dir='ltr'><strong>Angliae,</strong></span> <span class='ocrx_word' id='word_1_142' title='bbox 1093 2361 1269 2399; x_wconf 85' lang='lat' dir='ltr'><strong>causa</strong></span> <span class='ocrx_word' id='word_1_143' title='bbox 1317 2344 1622 2400; x_wconf 75' lang='lat' dir='ltr'><strong>solutionis</strong></span> <span class='ocrx_word' id='word_1_144' title='bbox 1675 2342 1933 2407; x_wconf 82' lang='lat' dir='ltr'><strong>decimae,</strong></span> <span class='ocrx_word' id='word_1_145' title='bbox 1986 2342 2084 2398; x_wconf 75' lang='lat' dir='ltr'><strong>vel</strong></span> <span class='ocrx_word' id='word_1_146' title='bbox 2136 2343 2312 2398; x_wconf 88' lang='lat' dir='ltr'><strong>etiam</strong></span> <span class='ocrx_word' id='word_1_147' title='bbox 2361 2360 2468 2414; x_wconf 87' lang='lat' dir='ltr'><strong>pro</strong></span> <span class='ocrx_word' id='word_1_148' title='bbox 2504 2341 2713 2413; x_wconf 76' lang='lat' dir='ltr'><strong>quavis</strong></span> <span class='ocrx_word' id='word_1_149' title='bbox 2766 2338 2883 2393; x_wconf 87' lang='lat' dir='ltr'><strong>alia</strong></span> 
     </span>
     <span class='ocr_line' id='line_1_19' title="bbox 786 2422 2881 2498; baseline -0.002 -17"><span class='ocrx_word' id='word_1_150' title='bbox 786 2444 964 2481; x_wconf 87' lang='lat' dir='ltr'><strong>causa</strong></span> <span class='ocrx_word' id='word_1_151' title='bbox 1011 2426 1363 2492; x_wconf 73' lang='lat' dir='ltr'><strong>rationabili,</strong></span> <span class='ocrx_word' id='word_1_152' title='bbox 1429 2435 1490 2484; x_wconf 86' lang='lat' dir='ltr'><strong>et</strong></span> <span class='ocrx_word' id='word_1_153' title='bbox 1535 2427 1873 2498; x_wconf 82' lang='lat' dir='ltr'><strong>hujusmodi</strong></span> <span class='ocrx_word' id='word_1_154' title='bbox 1922 2426 2142 2498; x_wconf 86' lang='lat' dir='ltr'><strong>legatio</strong></span> <span class='ocrx_word' id='word_1_155' title='bbox 2192 2426 2407 2481; x_wconf 88' lang='lat' dir='ltr'><strong>litteris</strong></span> <span class='ocrx_word' id='word_1_156' title='bbox 2458 2431 2521 2480; x_wconf 86' lang='lat' dir='ltr'><strong>et</strong></span> <span class='ocrx_word' id='word_1_157' title='bbox 2566 2422 2881 2497; x_wconf 81' lang='lat' dir='ltr'><strong>privilegio</strong></span> 
     </span>
     <span class='ocr_line' id='line_1_20' title="bbox 788 2508 2882 2583; baseline -0.002 -18"><span class='ocrx_word' id='word_1_158' title='bbox 788 2509 1027 2581; x_wconf 86' lang='lat' dir='ltr'><strong>speciali</strong></span> <span class='ocrx_word' id='word_1_159' title='bbox 1063 2511 1235 2566; x_wconf 85' lang='lat' dir='ltr'><strong>dictae</strong></span> <span class='ocrx_word' id='word_1_160' title='bbox 1273 2511 1443 2567; x_wconf 86' lang='lat' dir='ltr'><strong>Sedis</strong></span> <span class='ocrx_word' id='word_1_161' title='bbox 1478 2510 1852 2583; x_wconf 85' lang='lat' dir='ltr'><strong>Apostolicae‚</strong></span> <span class='ocrx_word' id='word_1_162' title='bbox 1902 2510 1977 2565; x_wconf 81' lang='lat' dir='ltr'><strong>ad</strong></span> <span class='ocrx_word' id='word_1_163' title='bbox 2013 2510 2236 2565; x_wconf 84' lang='lat' dir='ltr'><strong>dictum</strong></span> <span class='ocrx_word' id='word_1_164' title='bbox 2278 2527 2535 2581; x_wconf 87' lang='lat' dir='ltr'><strong>regnum</strong></span> <span class='ocrx_word' id='word_1_165' title='bbox 2572 2508 2786 2564; x_wconf 80' lang='lat' dir='ltr'><strong>Scotiae</strong></span> <span class='ocrx_word' id='word_1_166' title='bbox 2821 2522 2882 2560; x_wconf 88' lang='lat' dir='ltr'><strong>se</strong></span> 
     </span>
     <span class='ocr_line' id='line_1_21' title="bbox 787 2590 2885 2664; baseline -0.002 -14"><span class='ocrx_word' id='word_1_167' title='bbox 787 2612 902 2650; x_wconf 88' lang='lat' dir='ltr'><strong>non</strong></span> <span class='ocrx_word' id='word_1_168' title='bbox 936 2596 1224 2661; x_wconf 80' lang='lat' dir='ltr'><strong>extendat,</strong></span> <span class='ocrx_word' id='word_1_169' title='bbox 1278 2596 1669 2652; x_wconf 88' lang='lat' dir='ltr'><strong>resistendum</strong></span> <span class='ocrx_word' id='word_1_170' title='bbox 1719 2601 1811 2650; x_wconf 88' lang='lat' dir='ltr'><strong>est</strong></span> <span class='ocrx_word' id='word_1_171' title='bbox 1845 2601 1906 2650; x_wconf 87' lang='lat' dir='ltr'><strong>et</strong></span> <span class='ocrx_word' id='word_1_172' title='bbox 1940 2594 2285 2650; x_wconf 87' lang='lat' dir='ltr'><strong>obstandum</strong></span> <span class='ocrx_word' id='word_1_173' title='bbox 2338 2592 2678 2664; x_wconf 80' lang='lat' dir='ltr'><strong>hujusmodi</strong></span> <span class='ocrx_word' id='word_1_174' title='bbox 2730 2590 2885 2661; x_wconf 84' lang='lat' dir='ltr'><strong>lega-</strong></span> 
     </span>
     <span class='ocr_line' id='line_1_22' title="bbox 787 2675 2879 2752; baseline -0.003 -19"><span class='ocrx_word' id='word_1_175' title='bbox 787 2678 954 2744; x_wconf 87' lang='lat' dir='ltr'><strong>tioni,</strong></span> <span class='ocrx_word' id='word_1_176' title='bbox 1005 2686 1181 2751; x_wconf 87' lang='lat' dir='ltr'><strong>prout</strong></span> <span class='ocrx_word' id='word_1_177' title='bbox 1237 2685 1498 2752; x_wconf 87' lang='lat' dir='ltr'><strong>tempore</strong></span> <span class='ocrx_word' id='word_1_178' title='bbox 1533 2679 1724 2735; x_wconf 81' lang='lat' dir='ltr'><strong>felicis</strong></span> <span class='ocrx_word' id='word_1_179' title='bbox 1785 2678 2203 2734; x_wconf 84' lang='lat' dir='ltr'><strong>recordationis</strong></span> <span class='ocrx_word' id='word_1_180' title='bbox 2252 2678 2501 2748; x_wconf 87' lang='lat' dir='ltr'><strong>contigit</strong></span> <span class='ocrx_word' id='word_1_181' title='bbox 2559 2675 2879 2732; x_wconf 76' lang='lat' dir='ltr'><strong>evidenter.</strong></span> 
     </span>
     <span class='ocr_line' id='line_1_23' title="bbox 788 2760 2886 2835; baseline -0.001 -18"><span class='ocrx_word' id='word_1_182' title='bbox 788 2760 946 2818; x_wconf 81' lang='lat' dir='ltr'><strong>Nam</strong></span> <span class='ocrx_word' id='word_1_183' title='bbox 980 2762 1240 2834; x_wconf 86' lang='lat' dir='ltr'><strong>Legatus</strong></span> <span class='ocrx_word' id='word_1_184' title='bbox 1290 2764 1418 2835; x_wconf 85' lang='lat' dir='ltr'><strong>ipse</strong></span> <span class='ocrx_word' id='word_1_185' title='bbox 1464 2763 1541 2819; x_wconf 86' lang='lat' dir='ltr'><strong>ad</strong></span> <span class='ocrx_word' id='word_1_186' title='bbox 1589 2763 1903 2835; x_wconf 79' lang='lat' dir='ltr'><strong>proefatum</strong></span> <span class='ocrx_word' id='word_1_187' title='bbox 1950 2778 2201 2833; x_wconf 86' lang='lat' dir='ltr'><strong>regnum</strong></span> <span class='ocrx_word' id='word_1_188' title='bbox 2252 2761 2466 2820; x_wconf 68' lang='lat' dir='ltr'><strong>Scofiae</strong></span> <span class='ocrx_word' id='word_1_189' title='bbox 2517 2760 2886 2832; x_wconf 83' lang='lat' dir='ltr'><strong>aliquatenus</strong></span> 
     </span>
     <span class='ocr_line' id='line_1_24' title="bbox 791 2842 2889 2917; baseline -0.001 -17"><span class='ocrx_word' id='word_1_190' title='bbox 791 2845 1082 2902; x_wconf 87' lang='lat' dir='ltr'><strong>admissus</strong></span> <span class='ocrx_word' id='word_1_191' title='bbox 1118 2865 1234 2902; x_wconf 87' lang='lat' dir='ltr'><strong>non</strong></span> <span class='ocrx_word' id='word_1_192' title='bbox 1281 2847 1493 2912; x_wconf 87' lang='lat' dir='ltr'><strong>extitit,</strong></span> <span class='ocrx_word' id='word_1_193' title='bbox 1551 2848 1734 2902; x_wconf 88' lang='lat' dir='ltr'><strong>donec</strong></span> <span class='ocrx_word' id='word_1_194' title='bbox 1782 2864 1888 2917; x_wconf 87' lang='lat' dir='ltr'><strong>per</strong></span> <span class='ocrx_word' id='word_1_195' title='bbox 1924 2845 2151 2902; x_wconf 82' lang='lat' dir='ltr'><strong>litteras</strong></span> <span class='ocrx_word' id='word_1_196' title='bbox 2186 2845 2556 2917; x_wconf 86' lang='lat' dir='ltr'><strong>Apostolicas</strong></span> <span class='ocrx_word' id='word_1_197' title='bbox 2606 2842 2889 2916; x_wconf 74' lang='lat' dir='ltr'><strong>speciales</strong></span> 
     </span>
     <span class='ocr_line' id='line_1_25' title="bbox 793 2926 2891 3002; baseline -0 -19"><span class='ocrx_word' id='word_1_198' title='bbox 793 2930 906 2984; x_wconf 88' lang='lat' dir='ltr'><strong>sibi</strong></span> <span class='ocrx_word' id='word_1_199' title='bbox 943 2930 1253 3002; x_wconf 73' lang='lat' dir='ltr'><strong>legationis</strong></span> <span class='ocrx_word' id='word_1_200' title='bbox 1304 2932 1558 2987; x_wconf 90' lang='lat' dir='ltr'><strong>officium</strong></span> <span class='ocrx_word' id='word_1_201' title='bbox 1606 2932 1723 2987; x_wconf 82' lang='lat' dir='ltr'><strong>fuit</strong></span> <span class='ocrx_word' id='word_1_202' title='bbox 1756 2930 1819 2985; x_wconf 90' lang='lat' dir='ltr'><strong>in</strong></span> <span class='ocrx_word' id='word_1_203' title='bbox 1869 2931 2071 2985; x_wconf 89' lang='lat' dir='ltr'><strong>eodem</strong></span> <span class='ocrx_word' id='word_1_204' title='bbox 2120 2932 2515 2987; x_wconf 85' lang='lat' dir='ltr'><strong>commissum.</strong></span> <span class='ocrx_word' id='word_1_205' title='bbox 2588 2929 2746 2985; x_wconf 85' lang='lat' dir='ltr'><strong>Item</strong></span> <span class='ocrx_word' id='word_1_206' title='bbox 2794 2926 2891 2982; x_wconf 87' lang='lat' dir='ltr'><strong>ad·</strong></span> 
     </span>
     <span class='ocr_line' id='line_1_26' title="bbox 793 3009 2892 3090; baseline 0 -22"><span class='ocrx_word' id='word_1_207' title='bbox 793 3014 960 3080; x_wconf 83' lang='lat' dir='ltr'><strong>didit,</strong></span> <span class='ocrx_word' id='word_1_208' title='bbox 1015 3016 1172 3085; x_wconf 90' lang='lat' dir='ltr'><strong>quod</strong></span> <span class='ocrx_word' id='word_1_209' title='bbox 1223 3016 1382 3072; x_wconf 89' lang='lat' dir='ltr'><strong>idem</strong></span> <span class='ocrx_word' id='word_1_210' title='bbox 1439 3034 1691 3090; x_wconf 85' lang='lat' dir='ltr'><strong>regnum</strong></span> <span class='ocrx_word' id='word_1_211' title='bbox 1751 3016 1963 3072; x_wconf 80' lang='lat' dir='ltr'><strong>Scotiae</strong></span> <span class='ocrx_word' id='word_1_212' title='bbox 2022 3033 2128 3087; x_wconf 91' lang='lat' dir='ltr'><strong>per</strong></span> <span class='ocrx_word' id='word_1_213' title='bbox 2186 3016 2356 3072; x_wconf 80' lang='lat' dir='ltr'><strong>Beati</strong></span> <span class='ocrx_word' id='word_1_214' title='bbox 2404 3015 2571 3071; x_wconf 87' lang='lat' dir='ltr'><strong>Petri</strong></span> <span class='ocrx_word' id='word_1_215' title='bbox 2624 3009 2892 3086; x_wconf 83' lang='lat' dir='ltr'><strong>Apostoli</strong></span> 
     </span>
     <span class='ocr_line' id='line_1_27' title="bbox 793 3099 2895 3173; baseline 0 -19"><span class='ocrx_word' id='word_1_216' title='bbox 793 3099 1150 3155; x_wconf 81' lang='lat' dir='ltr'><strong>venerandas</strong></span> <span class='ocrx_word' id='word_1_217' title='bbox 1215 3101 1516 3173; x_wconf 85' lang='lat' dir='ltr'><strong>reliquias,</strong></span> <span class='ocrx_word' id='word_1_218' title='bbox 1575 3119 1694 3157; x_wconf 88' lang='lat' dir='ltr'><strong>nou</strong></span> <span class='ocrx_word' id='word_1_219' title='bbox 1753 3101 1879 3155; x_wconf 89' lang='lat' dir='ltr'><strong>sine</strong></span> <span class='ocrx_word' id='word_1_220' title='bbox 1938 3101 2175 3172; x_wconf 87' lang='lat' dir='ltr'><strong>superni</strong></span> <span class='ocrx_word' id='word_1_221' title='bbox 2235 3102 2384 3156; x_wconf 88' lang='lat' dir='ltr'><strong>dono</strong></span> <span class='ocrx_word' id='word_1_222' title='bbox 2440 3100 2724 3164; x_wconf 87' lang='lat' dir='ltr'><strong>muneris,</strong></span> <span class='ocrx_word' id='word_1_223' title='bbox 2764 3115 2895 3154; x_wconf 85' lang='lat' dir='ltr'><strong>con·</strong></span> 
     </span>
     <span class='ocr_line' id='line_1_28' title="bbox 795 3183 2893 3256; baseline -0.001 -17"><span class='ocrx_word' id='word_1_224' title='bbox 795 3201 1032 3240; x_wconf 80' lang='lat' dir='ltr'><strong>versum</strong></span> <span class='ocrx_word' id='word_1_225' title='bbox 1067 3186 1262 3241; x_wconf 82' lang='lat' dir='ltr'><strong>extitit</strong></span> <span class='ocrx_word' id='word_1_226' title='bbox 1296 3185 1371 3240; x_wconf 90' lang='lat' dir='ltr'><strong>ad</strong></span> <span class='ocrx_word' id='word_1_227' title='bbox 1406 3187 1543 3242; x_wconf 88' lang='lat' dir='ltr'><strong>fidei</strong></span> <span class='ocrx_word' id='word_1_228' title='bbox 1580 3185 1897 3242; x_wconf 80' lang='lat' dir='ltr'><strong>Catholicae</strong></span> <span class='ocrx_word' id='word_1_229' title='bbox 1932 3186 2237 3240; x_wconf 74' lang='lat' dir='ltr'><strong>unitatem.</strong></span> <span class='ocrx_word' id='word_1_230' title='bbox 2312 3186 2391 3241; x_wconf 82' lang='lat' dir='ltr'><strong>Et</strong></span> <span class='ocrx_word' id='word_1_231' title='bbox 2425 3185 2683 3256; x_wconf 86' lang='lat' dir='ltr'><strong>qualiter</strong></span> <span class='ocrx_word' id='word_1_232' title='bbox 2717 3183 2893 3238; x_wconf 85' lang='lat' dir='ltr'><strong>etiam</strong></span> 
     </span>
     <span class='ocr_line' id='line_1_29' title="bbox 797 3268 2892 3341; baseline -0.001 -17"><span class='ocrx_word' id='word_1_233' title='bbox 797 3269 1054 3339; x_wconf 86' lang='lat' dir='ltr'><strong>antiquis</strong></span> <span class='ocrx_word' id='word_1_234' title='bbox 1089 3270 1448 3340; x_wconf 85' lang='lat' dir='ltr'><strong>temporibus</strong></span> <span class='ocrx_word' id='word_1_235' title='bbox 1484 3269 1869 3324; x_wconf 82' lang='lat' dir='ltr'><strong>Eboracensis</strong></span> <span class='ocrx_word' id='word_1_236' title='bbox 1904 3268 2394 3341; x_wconf 80' lang='lat' dir='ltr'><strong>Archiepiscopus</strong></span> <span class='ocrx_word' id='word_1_237' title='bbox 2432 3270 2534 3340; x_wconf 89' lang='lat' dir='ltr'><strong>qui</strong></span> <span class='ocrx_word' id='word_1_238' title='bbox 2571 3276 2714 3324; x_wconf 83' lang='lat' dir='ltr'><strong>tuno</strong></span> <span class='ocrx_word' id='word_1_239' title='bbox 2749 3272 2892 3330; x_wconf 85' lang='lat' dir='ltr'><strong>erat,</strong></span> 
     </span>
     <span class='ocr_line' id='line_1_30' title="bbox 799 3351 2896 3425; baseline -0.001 -17"><span class='ocrx_word' id='word_1_240' title='bbox 799 3359 959 3408; x_wconf 88' lang='lat' dir='ltr'><strong>mota</strong></span> <span class='ocrx_word' id='word_1_241' title='bbox 1015 3370 1122 3424; x_wconf 85' lang='lat' dir='ltr'><strong>per</strong></span> <span class='ocrx_word' id='word_1_242' title='bbox 1181 3371 1316 3409; x_wconf 90' lang='lat' dir='ltr'><strong>eum</strong></span> <span class='ocrx_word' id='word_1_243' title='bbox 1375 3371 1552 3425; x_wconf 85' lang='lat' dir='ltr'><strong>super</strong></span> <span class='ocrx_word' id='word_1_244' title='bbox 1603 3354 1742 3425; x_wconf 87' lang='lat' dir='ltr'><strong>jure</strong></span> <span class='ocrx_word' id='word_1_245' title='bbox 1776 3353 2222 3423; x_wconf 86' lang='lat' dir='ltr'><strong>metropolitano</strong></span> <span class='ocrx_word' id='word_1_246' title='bbox 2281 3353 2563 3409; x_wconf 84' lang='lat' dir='ltr'><strong>adversus</strong></span> <span class='ocrx_word' id='word_1_247' title='bbox 2622 3351 2896 3424; x_wconf 69' lang='lat' dir='ltr'><strong>praelatos</strong></span> 
     </span>
     <span class='ocr_line' id='line_1_31' title="bbox 804 3436 2684 3510; baseline 0 -18"><span class='ocrx_word' id='word_1_248' title='bbox 804 3437 1015 3493; x_wconf 84' lang='lat' dir='ltr'><strong>Scotiae</strong></span> <span class='ocrx_word' id='word_1_249' title='bbox 1066 3439 1402 3509; x_wconf 80' lang='lat' dir='ltr'><strong>quaestione,</strong></span> <span class='ocrx_word' id='word_1_250' title='bbox 1442 3456 1548 3510; x_wconf 92' lang='lat' dir='ltr'><strong>pro</strong></span> <span class='ocrx_word' id='word_1_251' title='bbox 1584 3455 1647 3493; x_wconf 87' lang='lat' dir='ltr'><strong>se</strong></span> <span class='ocrx_word' id='word_1_252' title='bbox 1683 3436 1951 3509; x_wconf 79' lang='lat' dir='ltr'><strong>nequivit</strong></span> <span class='ocrx_word' id='word_1_253' title='bbox 2003 3438 2349 3493; x_wconf 86' lang='lat' dir='ltr'><strong>sententiam</strong></span> <span class='ocrx_word' id='word_1_254' title='bbox 2401 3438 2684 3493; x_wconf 86' lang='lat' dir='ltr'><strong>obtinere.</strong></span> 
     </span>
    </p>

    <p class='ocr_par' dir='ltr' id='par_1_3' title="bbox 467 3513 2899 3594">
     <span class='ocr_line' id='line_1_32' title="bbox 467 3513 2899 3594; baseline -0 -18"><span class='ocrx_word' id='word_1_255' title='bbox 467 3513 722 3566; x_wconf 57' lang='lat' dir='ltr'><strong>Dm&amp;</strong></span> <span class='ocrx_word' id='word_1_256' title='bbox 875 3522 1012 3577; x_wconf 85' lang='lat' dir='ltr'><strong>Hiis</strong></span> <span class='ocrx_word' id='word_1_257' title='bbox 1047 3523 1382 3594; x_wconf 88' lang='lat' dir='ltr'><strong>propositis,</strong></span> <span class='ocrx_word' id='word_1_258' title='bbox 1421 3523 1650 3578; x_wconf 85' lang='lat' dir='ltr'><strong>monuit</strong></span> <span class='ocrx_word' id='word_1_259' title='bbox 1684 3523 1847 3594; x_wconf 88' lang='lat' dir='ltr'><strong>Papa</strong></span> <span class='ocrx_word' id='word_1_260' title='bbox 1882 3522 2106 3593; x_wconf 82' lang='lat' dir='ltr'><strong>Regem</strong></span> <span class='ocrx_word' id='word_1_261' title='bbox 2142 3541 2248 3594; x_wconf 91' lang='lat' dir='ltr'><strong>per</strong></span> <span class='ocrx_word' id='word_1_262' title='bbox 2272 3522 2499 3578; x_wconf 83' lang='lat' dir='ltr'><strong>litteras</strong></span> <span class='ocrx_word' id='word_1_263' title='bbox 2538 3540 2702 3586; x_wconf 78' lang='lat' dir='ltr'><strong>suae,</strong></span> <span class='ocrx_word' id='word_1_264' title='bbox 2744 3517 2899 3592; x_wconf 89' lang='lat' dir='ltr'><strong>quod</strong></span> 
     </span>
    </p>

    <p class='ocr_par' dir='ltr' id='par_1_4' title="bbox 467 3581 2899 3699">
     <span class='ocr_line' id='line_1_33' title="bbox 467 3581 2899 3699; baseline -0.001 -38"><span class='ocrx_word' id='word_1_265' title='bbox 467 3581 740 3699; x_wconf 52' lang='lat' dir='ltr'><strong>ffldeassgb</strong></span> <span class='ocrx_word' id='word_1_266' title='bbox 805 3606 1140 3678; x_wconf 78' lang='lat' dir='ltr'><strong>Episcopus,</strong></span> <span class='ocrx_word' id='word_1_267' title='bbox 1178 3606 1456 3672; x_wconf 86' lang='lat' dir='ltr'><strong>Abbates,</strong></span> <span class='ocrx_word' id='word_1_268' title='bbox 1497 3607 1733 3672; x_wconf 82' lang='lat' dir='ltr'><strong>electos,</strong></span> <span class='ocrx_word' id='word_1_269' title='bbox 1774 3613 1837 3662; x_wconf 91' lang='lat' dir='ltr'><strong>et</strong></span> <span class='ocrx_word' id='word_1_270' title='bbox 1870 3623 2069 3661; x_wconf 89' lang='lat' dir='ltr'><strong>omnes</strong></span> <span class='ocrx_word' id='word_1_271' title='bbox 2090 3606 2236 3662; x_wconf 85' lang='lat' dir='ltr'><strong>alios</strong></span> <span class='ocrx_word' id='word_1_272' title='bbox 2284 3608 2453 3678; x_wconf 89' lang='lat' dir='ltr'><strong>regni</strong></span> <span class='ocrx_word' id='word_1_273' title='bbox 2494 3606 2713 3663; x_wconf 82' lang='lat' dir='ltr'><strong>Scotiae</strong></span> <span class='ocrx_word' id='word_1_274' title='bbox 2754 3623 2899 3676; x_wconf 88' lang='lat' dir='ltr'><strong>quos</strong></span> 
     </span>
    </p>

    <p class='ocr_par' dir='ltr' id='par_1_5' title="bbox 469 3664 2993 4437">
     <span class='ocr_line' id='line_1_34' title="bbox 469 3664 2900 3780; baseline -0.001 -34"><span class='ocrx_word' id='word_1_275' title='bbox 469 3665 727 3780; x_wconf 55' lang='lat' dir='ltr'>thewPOPe‚</span> <span class='ocrx_word' id='word_1_276' title='bbox 740 3664 776 3712; x_wconf 63' lang='lat' dir='ltr'>y</span> <span class='ocrx_word' id='word_1_277' title='bbox 804 3692 1100 3746; x_wconf 86' lang='lat' dir='ltr'><strong>detinebat</strong></span> <span class='ocrx_word' id='word_1_278' title='bbox 1121 3692 1382 3762; x_wconf 79' lang='lat' dir='ltr'><strong>captivos</strong></span> <span class='ocrx_word' id='word_1_279' title='bbox 1419 3692 1480 3746; x_wconf 89' lang='lat' dir='ltr'><strong>in</strong></span> <span class='ocrx_word' id='word_1_280' title='bbox 1518 3709 1770 3757; x_wconf 86' lang='lat' dir='ltr'><strong>carcere,</strong></span> <span class='ocrx_word' id='word_1_281' title='bbox 1798 3691 1983 3746; x_wconf 88' lang='lat' dir='ltr'><strong>libere</strong></span> <span class='ocrx_word' id='word_1_282' title='bbox 2019 3691 2180 3746; x_wconf 87' lang='lat' dir='ltr'><strong>abire</strong></span> <span class='ocrx_word' id='word_1_283' title='bbox 2215 3693 2618 3763; x_wconf 76' lang='lat' dir='ltr'><strong>permitteret3</strong></span> <span class='ocrx_word' id='word_1_284' title='bbox 2659 3697 2723 3747; x_wconf 87' lang='lat' dir='ltr'><strong>et</strong></span> <span class='ocrx_word' id='word_1_285' title='bbox 2745 3688 2900 3761; x_wconf 88' lang='lat' dir='ltr'><strong>quod</strong></span> 
     </span>
     <span class='ocr_line' id='line_1_35' title="bbox 804 3774 2899 3848; baseline -0.001 -18"><span class='ocrx_word' id='word_1_286' title='bbox 804 3775 1075 3830; x_wconf 87' lang='lat' dir='ltr'><strong>officiales</strong></span> <span class='ocrx_word' id='word_1_287' title='bbox 1112 3791 1248 3831; x_wconf 87' lang='lat' dir='ltr'><strong>suos</strong></span> <span class='ocrx_word' id='word_1_288' title='bbox 1296 3776 1370 3830; x_wconf 87' lang='lat' dir='ltr'><strong>de</strong></span> <span class='ocrx_word' id='word_1_289' title='bbox 1405 3793 1589 3847; x_wconf 86' lang='lat' dir='ltr'><strong>regno</strong></span> <span class='ocrx_word' id='word_1_290' title='bbox 1630 3776 1842 3831; x_wconf 81' lang='lat' dir='ltr'><strong>Scotiae</strong></span> <span class='ocrx_word' id='word_1_291' title='bbox 1888 3781 2208 3830; x_wconf 87' lang='lat' dir='ltr'><strong>memorato</strong></span> <span class='ocrx_word' id='word_1_292' title='bbox 2253 3781 2571 3840; x_wconf 80' lang='lat' dir='ltr'><strong>revocaret,</strong></span> <span class='ocrx_word' id='word_1_293' title='bbox 2626 3793 2777 3848; x_wconf 85' lang='lat' dir='ltr'><strong>quos</strong></span> <span class='ocrx_word' id='word_1_294' title='bbox 2838 3774 2899 3827; x_wconf 88' lang='lat' dir='ltr'><strong>in</strong></span> 
     </span>
     <span class='ocr_line' id='line_1_36' title="bbox 802 3858 2898 3931; baseline 0.001 -18"><span class='ocrx_word' id='word_1_295' title='bbox 802 3859 1230 3930; x_wconf 68' lang='lat' dir='ltr'><strong>praejudicium,</strong></span> <span class='ocrx_word' id='word_1_296' title='bbox 1269 3865 1332 3915; x_wconf 89' lang='lat' dir='ltr'><strong>et</strong></span> <span class='ocrx_word' id='word_1_297' title='bbox 1365 3858 1663 3931; x_wconf 85' lang='lat' dir='ltr'><strong>injuriam,</strong></span> <span class='ocrx_word' id='word_1_298' title='bbox 1704 3864 1765 3915; x_wconf 89' lang='lat' dir='ltr'><strong>et</strong></span> <span class='ocrx_word' id='word_1_299' title='bbox 1799 3876 1982 3930; x_wconf 79' lang='lat' dir='ltr'><strong>grave</strong></span> <span class='ocrx_word' id='word_1_300' title='bbox 2019 3858 2377 3925; x_wconf 83' lang='lat' dir='ltr'><strong>scandalum,</strong></span> <span class='ocrx_word' id='word_1_301' title='bbox 2417 3860 2684 3915; x_wconf 88' lang='lat' dir='ltr'><strong>fidelium</strong></span> <span class='ocrx_word' id='word_1_302' title='bbox 2720 3876 2898 3930; x_wconf 87' lang='lat' dir='ltr'><strong>popu·</strong></span> 
     </span>
     <span class='ocr_line' id='line_1_37' title="bbox 803 3942 2901 4015; baseline -0 -17"><span class='ocrx_word' id='word_1_303' title='bbox 803 3943 1015 4008; x_wconf 76' lang='grc' dir='ltr'><strong>Ιοπιῑιι,</strong></span> <span class='ocrx_word' id='word_1_304' title='bbox 1057 3950 1117 3999; x_wconf 87' lang='lat' dir='ltr'><strong>et</strong></span> <span class='ocrx_word' id='word_1_305' title='bbox 1152 3944 1588 4015; x_wconf 86' lang='lat' dir='ltr'><strong>oppressionem</strong></span> <span class='ocrx_word' id='word_1_306' title='bbox 1616 3944 1933 4015; x_wconf 84' lang='lat' dir='ltr'><strong>justorum,</strong></span> <span class='ocrx_word' id='word_1_307' title='bbox 1985 3942 2048 3997; x_wconf 90' lang='lat' dir='ltr'><strong>in</strong></span> <span class='ocrx_word' id='word_1_308' title='bbox 2083 3942 2240 3999; x_wconf 87' lang='lat' dir='ltr'><strong>dicto</strong></span> <span class='ocrx_word' id='word_1_309' title='bbox 2286 3961 2471 4015; x_wconf 86' lang='lat' dir='ltr'><strong>regno</strong></span> <span class='ocrx_word' id='word_1_310' title='bbox 2508 3949 2800 4001; x_wconf 86' lang='lat' dir='ltr'><strong>statuerat</strong></span> <span class='ocrx_word' id='word_1_311' title='bbox 2843 3948 2901 3997; x_wconf 87' lang='lat' dir='ltr'><strong>et</strong></span> 
     </span>
     <span class='ocr_line' id='line_1_38' title="bbox 806 4027 2963 4100; baseline 0.002 -17"><span class='ocrx_word' id='word_1_312' title='bbox 806 4028 1207 4095; x_wconf 78' lang='lat' dir='ltr'><strong>ordinaverat3</strong></span> <span class='ocrx_word' id='word_1_313' title='bbox 1257 4028 1344 4083; x_wconf 84' lang='lat' dir='ltr'><strong>ita</strong></span> <span class='ocrx_word' id='word_1_314' title='bbox 1367 4028 1525 4100; x_wconf 88' lang='lat' dir='ltr'><strong>quod</strong></span> <span class='ocrx_word' id='word_1_315' title='bbox 1548 4029 1843 4100; x_wconf 83' lang='lat' dir='ltr'><strong>acceptior</strong></span> <span class='ocrx_word' id='word_1_316' title='bbox 1864 4035 1926 4083; x_wconf 85' lang='lat' dir='ltr'><strong>et</strong></span> <span class='ocrx_word' id='word_1_317' title='bbox 1948 4027 2174 4099; x_wconf 84' lang='lat' dir='ltr'><strong>gratior</strong></span> <span class='ocrx_word' id='word_1_318' title='bbox 2196 4029 2365 4083; x_wconf 87' lang='lat' dir='ltr'><strong>fieret</strong></span> <span class='ocrx_word' id='word_1_319' title='bbox 2386 4028 2531 4095; x_wconf 84' lang='lat' dir='ltr'><strong>Dec,</strong></span> <span class='ocrx_word' id='word_1_320' title='bbox 2560 4035 2622 4086; x_wconf 90' lang='lat' dir='ltr'><strong>et</strong></span> <span class='ocrx_word' id='word_1_321' title='bbox 2645 4030 2900 4085; x_wconf 77' lang='lat' dir='ltr'><strong>favorem</strong></span> <span class='ocrx_word' id='word_1_322' title='bbox 2953 4079 2963 4088; x_wconf 93' lang='lat'><em>.</em></span> 
     </span>
     <span class='ocr_line' id='line_1_39' title="bbox 806 4111 2901 4184; baseline -0.001 -17"><span class='ocrx_word' id='word_1_323' title='bbox 806 4112 1158 4184; x_wconf 79' lang='lat' dir='ltr'><strong>Apostolicae</strong></span> <span class='ocrx_word' id='word_1_324' title='bbox 1196 4111 1366 4168; x_wconf 84' lang='lat' dir='ltr'><strong>Sedis</strong></span> <span class='ocrx_word' id='word_1_325' title='bbox 1403 4113 1466 4168; x_wconf 90' lang='lat' dir='ltr'><strong>in</strong></span> <span class='ocrx_word' id='word_1_326' title='bbox 1498 4112 1610 4167; x_wconf 88' lang='lat' dir='ltr'><strong>hoc</strong></span> <span class='ocrx_word' id='word_1_327' title='bbox 1634 4114 1746 4168; x_wconf 91' lang='lat' dir='ltr'><strong>sibi</strong></span> <span class='ocrx_word' id='word_1_328' title='bbox 1772 4113 2110 4183; x_wconf 81' lang='lat' dir='ltr'><strong>adquireret</strong></span> <span class='ocrx_word' id='word_1_329' title='bbox 2129 4112 2379 4184; x_wconf 84' lang='lat' dir='ltr'><strong>plenius.</strong></span> <span class='ocrx_word' id='word_1_330' title='bbox 2434 4114 2516 4169; x_wconf 83' lang='lat' dir='ltr'><strong>Et</strong></span> <span class='ocrx_word' id='word_1_331' title='bbox 2538 4114 2678 4170; x_wconf 87' lang='lat' dir='ltr'><strong>siin</strong></span> <span class='ocrx_word' id='word_1_332' title='bbox 2702 4112 2901 4168; x_wconf 89' lang='lat' dir='ltr'><strong>eodem</strong></span> 
     </span>
     <span class='ocr_line' id='line_1_40' title="bbox 808 4196 2901 4269; baseline -0 -19"><span class='ocrx_word' id='word_1_333' title='bbox 808 4214 989 4266; x_wconf 88' lang='lat' dir='ltr'><strong>regno</strong></span> <span class='ocrx_word' id='word_1_334' title='bbox 1041 4197 1269 4260; x_wconf 85' lang='lat' dir='ltr'><strong>Scotiae,</strong></span> <span class='ocrx_word' id='word_1_335' title='bbox 1323 4196 1419 4252; x_wconf 79' lang='lat' dir='ltr'><strong>vel</strong></span> <span class='ocrx_word' id='word_1_336' title='bbox 1470 4197 1671 4267; x_wconf 86' lang='lat' dir='ltr'><strong>aliqua</strong></span> <span class='ocrx_word' id='word_1_337' title='bbox 1720 4197 1847 4267; x_wconf 86' lang='lat' dir='ltr'><strong>ejus</strong></span> <span class='ocrx_word' id='word_1_338' title='bbox 1898 4202 2084 4267; x_wconf 85' lang='lat' dir='ltr'><strong>part-e,</strong></span> <span class='ocrx_word' id='word_1_339' title='bbox 2135 4197 2236 4267; x_wconf 88' lang='lat' dir='ltr'><strong>jus</strong></span> <span class='ocrx_word' id='word_1_340' title='bbox 2287 4198 2527 4269; x_wconf 87' lang='lat' dir='ltr'><strong>aliquod</strong></span> <span class='ocrx_word' id='word_1_341' title='bbox 2576 4198 2792 4252; x_wconf 89' lang='lat' dir='ltr'><strong>habere</strong></span> <span class='ocrx_word' id='word_1_342' title='bbox 2842 4212 2901 4250; x_wconf 89' lang='lat' dir='ltr'><strong>se</strong></span> 
     </span>
     <span class='ocr_line' id='line_1_41' title="bbox 808 4279 2904 4353; baseline 0 -19"><span class='ocrx_word' id='word_1_343' title='bbox 808 4287 1113 4344; x_wconf 85' lang='lat' dir='ltr'><strong>assereret,</strong></span> <span class='ocrx_word' id='word_1_344' title='bbox 1171 4298 1278 4351; x_wconf 85' lang='lat' dir='ltr'><strong>per</strong></span> <span class='ocrx_word' id='word_1_345' title='bbox 1330 4287 1738 4352; x_wconf 86' lang='lat' dir='ltr'><strong>procuratores</strong></span> <span class='ocrx_word' id='word_1_346' title='bbox 1783 4287 1842 4335; x_wconf 86' lang='lat' dir='ltr'><strong>ct</strong></span> <span class='ocrx_word' id='word_1_347' title='bbox 1890 4280 2133 4336; x_wconf 86' lang='lat' dir='ltr'><strong>nuncios</strong></span> <span class='ocrx_word' id='word_1_348' title='bbox 2186 4299 2342 4345; x_wconf 89' lang='lat' dir='ltr'><strong>suos,</strong></span> <span class='ocrx_word' id='word_1_349' title='bbox 2402 4282 2477 4336; x_wconf 85' lang='lat' dir='ltr'><strong>ad</strong></span> <span class='ocrx_word' id='word_1_350' title='bbox 2526 4282 2639 4336; x_wconf 89' lang='lat' dir='ltr'><strong>hoc</strong></span> <span class='ocrx_word' id='word_1_351' title='bbox 2692 4279 2904 4353; x_wconf 85' lang='lat' dir='ltr'><strong>specia-</strong></span> 
     </span>
     <span class='ocr_line' id='line_1_42' title="bbox 807 4364 2993 4437; baseline 0.001 -19"><span class='ocrx_word' id='word_1_352' title='bbox 807 4364 945 4419; x_wconf 90' lang='lat' dir='ltr'><strong>liter</strong></span> <span class='ocrx_word' id='word_1_353' title='bbox 980 4366 1345 4431; x_wconf 81' lang='lat' dir='ltr'><strong>constitutos,</strong></span> <span class='ocrx_word' id='word_1_354' title='bbox 1402 4384 1537 4421; x_wconf 87' lang='lat' dir='ltr'><strong>cum</strong></span> <span class='ocrx_word' id='word_1_355' title='bbox 1573 4365 1843 4421; x_wconf 86' lang='lat' dir='ltr'><strong>omnibus</strong></span> <span class='ocrx_word' id='word_1_356' title='bbox 1887 4364 2124 4436; x_wconf 86' lang='lat' dir='ltr'><strong>juribus</strong></span> <span class='ocrx_word' id='word_1_357' title='bbox 2175 4372 2237 4421; x_wconf 90' lang='lat' dir='ltr'><strong>et</strong></span> <span class='ocrx_word' id='word_1_358' title='bbox 2270 4367 2651 4422; x_wconf 84' lang='lat' dir='ltr'><strong>munimentis</strong></span> <span class='ocrx_word' id='word_1_359' title='bbox 2705 4365 2901 4437; x_wconf 87' lang='lat' dir='ltr'><strong>hujus·</strong></span> <span class='ocrx_word' id='word_1_360' title='bbox 2978 4373 2993 4376; x_wconf 85' lang='grc'><em>“</em></span> 
     </span>
    </p>
   </div>
   <div class='ocr_carea' id='block_1_3' title="bbox 1607 4658 2075 4726">
    <p class='ocr_par' dir='ltr' id='par_1_6' title="bbox 1607 4658 2075 4726">
     <span class='ocr_line' id='line_1_43' title="bbox 1607 4658 2075 4726; baseline 0.004 -18"><span class='ocrx_word' id='word_1_361' title='bbox 1607 4662 1619 4692; x_wconf 88' lang='lat'>¹</span> <span class='ocrx_word' id='word_1_362' title='bbox 1648 4660 1840 4724; x_wconf 75' lang='lat' dir='ltr'><strong>positus</strong></span> <span class='ocrx_word' id='word_1_363' title='bbox 1872 4658 1926 4709; x_wconf 88' lang='lat' dir='ltr'><strong>iu</strong></span> <span class='ocrx_word' id='word_1_364' title='bbox 1949 4659 2075 4726; x_wconf 84' lang='lat' dir='ltr'><strong>orig.</strong></span> 
     </span>
    </p>
   </div>
  </div>
 </body>
</html>
