3300 5617
1087 806 1415 857 msronu
1462 805 1873 858 Ammona.
2439 799 2524 862 55

104 993 379 1059 Rishnnger.
416 992 615 1049 Monte
654 993 866 1059 Acuto,
907 994 1077 1050 miles
1131 998 1405 1050 strenuus
1455 1002 1516 1051 et
1566 995 1858 1060 cordatus,
1911 1013 2017 1067 per
2065 993 2288 1050 medias
2326 995 2526 1065 galeas
2548 994 2853 1051 A.D.1296.

106 1059 203 1110 MS·
223 1061 353 1112 mm·
414 1076 794 1144 Gallicorum,
847 1096 978 1151 quae
1026 1079 1102 1134 ad
1148 1079 1580 1154 prohibendum·
1618 1081 1935 1136 transitum
1991 1079 2232 1135 navium
2279 1079 2526 1135 fiuvium

104 1125 289 1244 ἔξω
410 1161 814 1230 observabant,
854 1164 1148 1235 aspirante
1185 1164 1329 1219 flatu
1364 1181 1662 1237 prospero,
1713 1182 1900 1236 usque
1938 1165 2208 1234 Burgum
2243 1162 2519 1230 deduxit3

410 1265 527 1317 quo
561 1248 814 1318 cognito,
856 1248 1048 1305 soluta
1068 1248 1387 1315 obsidione,
1414 1248 1701 1305 Dominus
1725 1249 1800 1305 de
1825 1249 2084 1306 Sulliaco
2119 1249 2437 1305 revertitur
2459 1248 2522 1303 in

409 1329 654 1398 Gallias,
694 1333 915 1388 intento
953 1333 1289 1389 frustratus.

478 1415 597 1471 Per
643 1415 707 1471 id
754 1424 1005 1490 tempus,
1057 1418 1184 1473 Rex
1227 1416 1482 1489 Angliae,
1540 1418 1825 1474 immenso
1871 1416 2192 1474 coadunato
2240 1417 2516 1483 exercitu,
2541 1426 2788 1481 Prooeed-

406 1501 571 1554 venit
627 1500 703 1555 ad
758 1500 996 1557 Novum
1054 1501 1329 1558 Castrum
1387 1519 1564 1574 super
1620 1501 1882 1573 Tynam3
1957 1501 2033 1557 ad
2091 1519 2265 1574 quem
2322 1501 2517 1557 locum
2541 1493 2735 1572 ingsof

407 1582 449 1637 J
449 1583 752 1650 ohannem,
792 1585 1018 1656 Regem
1057 1585 1382 1651 Scotorum,
1422 1585 1594 1641 citari
1630 1586 1851 1640 fecerat
1890 1585 2080 1641 edicto
2114 1586 2391 1657 publi003
2447 1592 2516 1641 nt
2539 1560 2758 1681 {agam

404 1667 478 1721 de
536 1669 654 1724 hiis
703 1687 834 1741 quse
895 1669 1008 1725 sibi
1061 1669 1311 1725 debeant
1369 1669 1544 1741 objici
1593 1668 1987 1741 responderet.
2065 1668 2192 1739 Quo
2245 1670 2321 1730 ad
2356 1670 2513 1726 diem
2539 1696 2739 1758 against

403 1755 706 1824 proeflxum
739 1773 847 1811 nec
882 1774 988 1828 per
1012 1774 1076 1812 se
1111 1762 1481 1829 comparente
1504 1774 1612 1812 nec
1636 1774 1743 1829 per
1776 1758 2056 1812 nuncium
2093 1775 2155 1812 se
2181 1763 2509 1823 excusante,
2536 1763 2718 1817 leiol.

400 1837 543 1903 Rex,
620 1840 693 1896 de
753 1841 997 1896 consilio
1074 1859 1330 1907 suorum,
1406 1840 1670 1897 decrevit
1745 1841 1994 1896 ulterius
2063 1841 2508 1913 procedendum.

398 1923 664 1989 Interim,
725 1926 897 1981 miles
940 1924 1197 1997 quidam,
1238 1926 1530 1981 Robertus
1573 1924 1645 1980 de
1683 1924 1857 1991 Boos,
1898 1924 2167 1980 dominus
2211 1925 2404 1981 Casti-i
2440 1925 2513 1981 de

399 2007 596 2073 Werk,
638 2027 753 2064 non
791 2010 1057 2065 obstante
1095 2010 1377 2065 fidelitate
1414 2027 1591 2081 quam
1628 2009 1783 2081 Regi
1819 2009 2056 2079 Anglioe
2073 2009 2398 2081 juraverat,
2439 2009 2515 2064 ad

399 2092 603 2148 Scotos
667 2095 1004 2164 transfugit.
1106 2094 1296 2165 Super
1350 2112 1466 2165 quo
1508 2111 1822 2164 germanus
1862 2093 2142 2165 ejusdem,
2180 2093 2513 2150 Willelmus

397 2175 469 2230 de
505 2176 680 2241 Roos,
706 2177 931 2249 Regem
962 2178 1371 2251 praemuniens,
1410 2179 1623 2250 petivit
1661 2177 1774 2233 sibi
1814 2177 1972 2232 mitti
2010 2177 2356 2242 subsidium,
2398 2196 2513 2249 quo

396 2267 596 2330 posset
633 2267 893 2317 castrum
925 2262 1239 2318 defendere
1278 2269 1480 2318 contra
1522 2263 1746 2317 Scotos.
1821 2261 1992 2316 Misit
2027 2261 2154 2315 Rex
2176 2261 2318 2316 illuc
2353 2262 2513 2318 viros

397 2345 594 2410 mille3
651 2347 753 2417 qui
802 2348 1025 2419 recepti
1072 2347 1137 2402 in
1180 2347 1327 2402 villa
1375 2345 1627 2418 quadam
1676 2345 1834 2401 dicta
1884 2349 1922 2373 “
1944 2345 2275 2409 Prestfen,”
2313 2364 2513 2402 omnes

396 2428 599 2484 eadem
634 2437 803 2486 nocte
839 2450 875 2486 a
913 2431 1124 2496 Scotis,
1167 2449 1422 2502 quorum
1457 2432 1795 2502 capitaneus
1833 2437 1960 2485 erat
2007 2429 2289 2501 praefatus
2326 2437 2513 2486 trans-

393 2512 555 2584 fuga,
595 2513 893 2570 Robertus
941 2515 1015 2571 de
1063 2515 1239 2580 Boos,
1292 2516 1585 2571 interfecti
1646 2521 1800 2578 sunt,
1851 2515 2109 2586 exceptis
2155 2514 2359 2586 paucis
2411 2515 2514 2585 qui

393 2595 606 2669 dilapsi
669 2605 807 2655 sunt
865 2602 1026 2670 fuga.
1103 2598 1232 2669 Quo
1280 2599 1498 2665 audito,
1562 2616 1698 2654 mox
1756 2599 1882 2653 Rex
1942 2617 2078 2653 cum
2125 2600 2387 2654 exercitu
2439 2599 2515 2654 ad

393 2687 651 2737 castrum
697 2682 847 2737 illud
889 2689 1179 2755 properat,
1234 2683 1475 2754 gavisus
1524 2683 1587 2738 in
1623 2683 1754 2748 hoo,
1799 2688 1868 2738 ut
1903 2683 2108 2748 fertur,
2156 2682 2312 2755 quod
2354 2682 2515 2738 Scoti

392 2766 583 2837 prima
617 2774 920 2839 coeperunt
954 2766 1193 2823 hostilia
1226 2784 1513 2822 exercere.
1588 2767 1716 2822 Rex
1751 2768 1951 2839 itaque
1988 2765 2144 2839 apud
2167 2766 2514 2839 praedictum

392 2857 651 2906 castrum
674 2851 1024 2907 Paschalem
1050 2851 1475 2907 solemnitatem
1500 2852 1751 2923 peregit.
1830 2849 1957 2919 Quo
1979 2857 2260 2922 tempore,
2289 2857 2514 2922 septem
2540 2856 2755 2912 Carlisle

394 2934 653 2991 Comites
680 2936 912 3002 Scotiae,
938 2936 1218 2991 videlicet
1240 2934 1312 2989 de
1338 2935 1572 2998 Bowan,
1601 2935 1674 2989 de
1689 2934 1973 2999 Menteth,
2002 2935 2074 2989 de
2102 2933 2508 3001 Stradeherne‚
2538 2926 2778 2992 bffliessed

392 3018 465 3073 de
484 3019 779 3085 Lewenes,
798 3020 872 3074 de
890 3020 1065 3086 Roos,
1084 3018 1157 3074 de
1174 3019 1372 3085 Athel,
1395 3018 1466 3073 de
1484 3019 1634 3084 Mar,
1654 3037 1721 3074 ac
1739 3018 1778 3074 J
1780 3019 2032 3074 ohannes
2051 3019 2208 3074 filius
2229 3018 2269 3073 J
2271 3019 2512 3075 ohannis
2539 2993 2717 3112 &02¹⁰

393 3102 618 3176 Gomyn
654 3103 727 3159 de
763 3104 1057 3168 Badenau,
1098 3102 1342 3159 collecto
1377 3103 1638 3158 exercitu
1671 3102 1867 3158 valido
1901 3103 1964 3157 in
1998 3102 2171 3158 Valle
2205 3102 2508 3169 Anandioe,
2685 3100 2698 3113 ”

394 3187 539 3242 feria
574 3186 830 3243 secunda
864 3188 1107 3242 Pasohae
1142 3186 1421 3258 Angliam
1468 3188 1743 3258 ingressi,
1783 3186 2091 3242 vastabant
2117 3187 2319 3250 ,omnia
2352 3187 2510 3243 coede

394 3277 452 3325 et
486 3271 773 3336 incendi'o,
808 3290 923 3327 non
948 3277 1249 3344 parcentes
1287 3271 1445 3327 oetati
1470 3271 1566 3326 vel
1604 3272 1802 3337 sexui3
1841 3270 2140 3326 venientes
2164 3269 2509 3326 Karleolum

394 3355 614 3420 urbem,
654 3356 845 3427 ipsam
869 3353 1168 3411 obsidione
1193 3355 1516 3410 cinxerunt.
1592 3354 1912 3411 combusto
1958 3362 2153 3409 autem
2206 3353 2505 3421 suburbi0,

392 3457 521 3494 cum
560 3440 637 3494 ad
658 3447 889 3511 portam
924 3439 1182 3495 civitatis
1218 3438 1557 3495 cremabilia
1590 3444 1991 3511 congererent,
2028 3438 2244 3494 nobilis
2271 3440 2508 3511 quidam

391 3523 462 3577 de
504 3523 817 3590 Galwidia,
861 3522 1004 3579 dum
1042 3529 1226 3595 portae
1267 3523 1525 3579 civitatis
1563 3524 2073 3595 appropinquaret,
2114 3523 2315 3593 ignoto
2353 3524 2507 3578 ferro

391 3607 460 3662 ab
484 3607 601 3664 hiis
627 3609 731 3679 qui
757 3625 933 3680 super
956 3613 1184 3679 portam
1220 3613 1403 3671 erant,
1443 3607 1795 3672 attrahitur3
1836 3607 2252 3677 confossusque
2288 3607 2506 3663 lanceis

391 3699 681 3747 enecatur.
757 3689 833 3747 In
867 3708 1100 3747 carcere
1122 3708 1262 3747 vero
1298 3690 1555 3747 civitatis
1581 3691 1821 3763 quidam
1858 3692 2187 3762 explorator
2211 3689 2500 3757 detentus,

392 3794 523 3831 cum
559 3774 878 3832 adventum
914 3793 1155 3832 suorum
1191 3775 1471 3840 audisset,
1511 3793 1807 3831 carcerem
1831 3774 2122 3842 incendit;
2161 3775 2331 3847 cujus
2367 3776 2506 3847 igne

394 3860 534 3915 flatu
570 3861 731 3916 venti
770 3857 834 3915 in
872 3857 1073 3915 domos
1113 3860 1260 3915 alios
1299 3856 1510 3925 delat0,
1556 3859 1720 3915 urbis
1762 3877 1899 3931 pars
1941 3877 2158 3930 magna
2192 3869 2502 3916 crematur.

392 3941 527 4002 Viri
572 3952 768 4002 tamen
824 3952 886 4002 et
939 3946 1236 4012 mulieres,
1277 3946 1353 4001 ad
1388 3963 1586 4001 muros
1634 3952 2063 4010 concurrentes,
2106 3945 2398 4017 lapidibus
2447 3952 2508 4002 et

388 4029 527 4085 telis
568 4029 772 4085 Scotos
821 4047 860 4084 a
903 4029 1091 4085 muris
1131 4029 1493 4101 propulsant,
1551 4029 1759 4085 urbem
1806 4029 2062 4084 viriliter
2109 4028 2501 4085 defendentes.

395 4109 573 4178 Scoti,
612 4113 877 4169 videntes
912 4114 1001 4169 nil
1037 4129 1101 4170 se
1135 4114 1436 4185 proficere,
1475 4114 1626 4169 feria
1661 4119 1889 4185 quarta,
1941 4112 2158 4169 omissa
2204 4113 2504 4170 obsidione

393 4193 453 4252 in
490 4197 750 4253 Scotiam
783 4197 1105 4253 redierunt.

459 4279 684 4337 Eadem
721 4281 835 4348 die,
876 4282 1103 4339 scilicet
1135 4281 1285 4337 feria
1322 4287 1531 4353 quarta
1570 4281 1634 4336 in
1673 4280 2036 4337 hebdomada
2076 4280 2335 4347 Paschae,
2378 4282 2505 4338 Rex
2529 4295 2746 4347 Edam-d

393 4381 525 4421 cum
596 4367 855 4422 exercitu
908 4366 1309 4438 progrediens,
1370 4366 1618 4422 transito
1673 4366 1911 4420 flumine
1963 4365 2119 4437 quod
2170 4369 2207 4392 “
2235 4366 2501 4423 Tweda’'
2528 4369 2696 4415 enters

392 4448 624 4516 dicitur,
666 4450 921 4506 Scotiam
956 4456 1049 4506 est
1081 4440 1403 4521 ingressus,
1435 4446 1505 4505 'et
1538 4450 1862 4520 burgenses
1903 4449 2151 4505 Bcrwici
2191 4449 2266 4504 ad
2299 4468 2504 4522 pacem
2530 4430 2781 4484 Sfflfflffld‘

394 4533 663 4600 invitans,
764 4553 796 4589 r
818 4549 1001 4589 unum
1026 4533 1182 4589 diem
1206 4535 1504 4605 integrum
1531 4534 1874 4606 expectavit.
1952 4532 2176 4602 Quibus
2201 4534 2276 4589 ad
2298 4553 2502 4607 pacem

389 4609 586 4673 venire
622 4551 970 4684 nol'eentibuffi
1023 4618 1203 4691 coepit
1247 4619 1311 4674 in
1356 4618 1453 4674 die
1498 4617 1750 4673 Veneris
1797 4616 1957 4673 villae
2015 4619 2496 4691 appropinquare,
