3300 5617
852 778 985 845 416
1504 790 1770 847 rueme
1813 748 2295 847 wusnmunm¹

516 989 653 1041 AD.
680 994 823 1043 1379.
849 982 1122 1053 priorem,
1162 979 1360 1036 virum
1394 979 1689 1043 idoneum,
1729 983 1790 1034 et
1817 977 2053 1034 Ordinis
2088 977 2421 1033 zelatorem.
2496 974 2613 1045 Qui
2648 975 2949 1031 audientes
2972 983 3153 1041 Ham

849 1064 1220 1121 Edmuudum
1257 1082 1356 1119 cos
1392 1063 1590 1119 taliter
1611 1064 1987 1135 proevenisse‚
2014 1079 2146 1116 mox
2169 1062 2451 1117 festinant
2471 1059 2618 1116 duos
2642 1060 2952 1115 monachos
2973 1052 3127 1116 Ibe-1²

848 1150 922 1205 ad
959 1150 1278 1204 Romanam
1316 1149 1712 1204 transmittere
1750 1147 2010 1212 Curiam,
2050 1146 2125 1201 ad
2160 1146 2600 1202 certificandum
2636 1145 2952 1201 Dominum
2974 1118 3091 1172 ΕΒ·

847 1233 1068 1305 Papam
1104 1234 1176 1288 de
1213 1233 1362 1288 falsa
1414 1233 1793 1303 suggestione
1853 1230 2167 1295 Edmnndi,
2230 1237 2291 1287 et
2342 1231 2417 1286 ad
2469 1230 2793 1302 petendum
2827 1247 2953 1285 con·

514 1340 673 1390 Their
693 1354 782 1388 en.
849 1317 1233 1373 firmationem
1288 1318 1550 1388 ipsorum
1611 1315 1804 1370 electi.
1904 1314 2191 1371 Deferunt
2262 1332 2405 1385 ergo
2466 1331 2666 1369 seeum
2728 1313 2951 1368 litteras

515 1423 641 1471 voys
661 1420 747 1455 are
850 1402 1064 1471 regias,
1118 1408 1179 1455 et
1230 1401 1618 1472 plurimorum
1678 1400 2067 1463 dominorum,
2132 1398 2599 1472 supplicatorias,
2652 1416 2765 1471 pro
2825 1416 2950 1453 con·

514 1473 746 1524 detained
774 1481 827 1522 ”t
851 1486 1175 1540 firmatione
1210 1484 1382 1540 electi
1418 1490 1480 1540 et
1513 1484 1809 1539 Edmundi
1845 1484 2223 1556 depositione.
2300 1484 2419 1539 Sed
2455 1483 2635 1556 Papa.
2672 1500 2785 1555 pro
2822 1488 2950 1537 tono

511 1540 686 1592 3⁰¹³&
850 1569 983 1642 plus
1033 1570 1234 1624 favens
1287 1567 1595 1623 Edmundo
1645 1585 1826 1639 quam
1879 1568 2200 1633 monachis,
2256 1567 2529 1640 permisit
2575 1568 2814 1623 eosdem
2873 1567 2947 1624 ibi

850 1654 1186 1709 damnosam
1221 1653 1454 1708 trahere
1491 1652 1593 1708 diu
1628 1669 1871 1708 moram.

920 1738 1153 1793 Interea
1187 1736 1553 1800 Edmundus,
1594 1737 1860 1806 cogitans
1898 1735 2054 1809 quod
2088 1755 2254 1792 mora
2286 1737 2470 1793 trahit
2502 1735 2853 1809 periculum,
2893 1742 2948 1792 et

850 1822 865 1854 ¹
886 1820 1092 1894 [quod]
1100 1820 1189 1865 —2
1201 1825 1213 1848 ‘
1224 1825 1238 1849 ‘
1260 1820 1502 1892 Semper
1518 1822 1721 1877 nocuit
1737 1819 1971 1875 differre
1988 1820 2270 1893 paratis,’'
2290 1827 2566 1893 properat
2588 1820 2663 1876 ad
2681 1821 2945 1891 Burgum

849 1906 1048 1962 Sancti
1096 1905 1410 1968 Edmundi,
1451 1912 1513 1960 et
1546 1905 1765 1960 ibidem
1803 1905 2067 1960 alliciens
2105 1906 2218 1961 sibi
2265 1906 2491 1961 vicinos
2527 1905 2601 1960 de
2636 1906 2850 1977 patria,
2888 1906 2943 1960 in

845 1991 1010 2046 brevi
1035 2007 1314 2059 magnum
1339 1989 1659 2043 exercitum
1686 1990 1747 2044 in
1770 1995 1997 2062 partem
2023 2008 2189 2044 suam
2212 1990 2408 2045 traxit,
2476 1990 2741 2062 Stipatus
2769 1990 2946 2061 igitur

845 2075 1049 2130 multis
1086 2074 1560 2137 assentatoribus,
1599 2072 1887 2144 publicari
1921 2073 2102 2129 ²'facit
2136 2075 2198 2129 in
2229 2074 2661 2145 parochialibus
2686 2073 2943 2128 ecclesiis

849 2176 984 2214 suas
1020 2158 1261 2223 Bullas;
1320 2157 1340 2189 ⁴
1360 2163 1420 2213 et
1455 2164 1521 2212 ut
1557 2156 1686 2212 fieri
1724 2157 1875 2213 solet
1908 2157 1969 2212 in
2005 2157 2242 2222 talibus,
2282 2157 2470 2229 plebs,
2508 2157 2683 2213 avida
2717 2174 2945 2229 semper

848 2261 915 2298 ao
951 2242 1165 2314 cupida
1212 2259 1513 2306 novorum,
1572 2242 1697 2297 suis
1749 2241 1937 2297 credit
1973 2242 2395 2298 assertionibus
2431 2248 2492 2297 et
2526 2243 2688 2297 favet
2722 2242 2939 2306 honori,

847 2327 1097 2382 maxime
1148 2326 1288 2397 quia
1337 2326 1589 2397 patriota
1638 2326 1833 2381 fuerat
1884 2331 1947 2381 et
1996 2327 2227 2382 vicinus
2278 2327 2383 2381 eis.
2475 2325 2701 2382 Videns
2754 2332 2941 2381 autem

848 2410 1189 2465 Edmundus
1249 2409 1539 2481 principia
1597 2409 1712 2464 sibi
1772 2410 2020 2465 cessisse
2080 2427 2190 2481 pro
2248 2410 2423 2473 votis,
2499 2417 2700 2481 sperat
2771 2410 2942 2464 coelos

847 2496 1094 2549 miscere
1153 2493 1329 2548 terris
1390 2502 1450 2549 et
1509 2494 1784 2564 spiritum
1844 2495 2004 2549 carni
2066 2495 2443 2565 conjungere,
2507 2500 2569 2549 et
2626 2493 2943 2549 claustrum

848 2581 972 2633 foro
990 2600 1005 2643 ;
1080 2577 1391 2632 monachos
1452 2577 1681 2631 scilicet
1727 2576 1978 2632 conflare
2037 2576 2224 2643 laicis,
2289 2582 2351 2632 et
2401 2594 2583 2632 unum
2640 2594 2837 2632 serere
2886 2578 2941 2633 in

847 2662 1132 2733 utrisque.
1242 2660 1434 2716 Intrat
1484 2677 1627 2730 crgo
1685 2660 2024 2732 Capitulum
2084 2679 2219 2716 cum
2255 2661 2430 2716 turba
2463 2661 2670 2726 multa,
2708 2661 2942 2716 mittens

845 2746 1099 2801 notarios
1172 2745 1273 2816 qui
1347 2744 1665 2800 invitarent
1722 2745 2033 2801 monachos
2106 2745 2181 2801 ad
2253 2745 2591 2818 Capitulum
2652 2763 2724 2800 ex
2783 2752 2939 2818 parte

846 2830 1082 2885 Domini
1117 2830 1312 2901 Papoe,
1353 2829 1427 2885 ad
1463 2828 1838 2893 audiendum.
1880 2830 1989 2885 snb
2025 2847 2199 2902 poena
2227 2830 2653 2894 inobedientiae,
2683 2830 2939 2902 ejusdem

844 2915 1134 2970 mandata.
1236 2913 1637 2985 simpliciores
1697 2932 1838 2969 vero
1898 2914 2128 2979 fratres,
2195 2915 2468 2970 timentes
2528 2915 2679 2970 hanc
2727 2921 2935 2978 notam,

846 2998 1182 3070 Capitulum
1254 2999 1640 3053 intraverunt.
1739 2998 1862 3053 Alii
1938 3017 2189 3071 quoque,
2254 3000 2357 3070 qui
2415 2998 2682 3071 pericula
2749 3006 2938 3054 mente

843 3082 1218 3144 libraverant,
1261 3087 1324 3137 et
1357 3082 1724 3137 incommoda
1773 3100 1904 3153 quse
1952 3083 2310 3139 Monasterio
2358 3090 2599 3156 possent
2644 3100 2939 3155 emergere

843 3184 950 3238 per
984 3167 1164 3222 talem
1199 3167 1612 3237 provisionem,
1654 3184 1690 3221 a
1724 3166 1898 3221 turba
1933 3184 1996 3221 se
2032 3175 2095 3223 et
2130 3166 2404 3238 Capitulo
2438 3167 2869 3223 subtraxerunt.

510 3260 783 3312 Brunfelde
917 3251 1259 3306 Edmundus
1312 3251 1518 3320 igitur,
1558 3250 1622 3305 in
1659 3250 1933 3322 Capitulo
1984 3251 2269 3315 residens,
2322 3252 2395 3306 de
2446 3251 2605 3307 facili
2659 3252 2839 3307 traxit
2884 3252 2939 3307 in

510 3328 728 3394 vaailss
845 3341 1070 3407 partem
1108 3353 1274 3390 suam
1311 3335 1521 3390 fratres
1559 3334 1663 3405 qui
1698 3334 1957 3401 aderant,
1997 3336 2213 3407 partim
2248 3335 2460 3391 timore
2495 3353 2777 3401 censurae,
2815 3354 2939 3408 par·

511 3394 765 3515 ¹¹anch
845 3421 954 3475 tim
1013 3419 1333 3483 affectione,
1413 3419 1632 3490 partim
1692 3418 2029 3475 dominandi
2088 3418 2383 3491 cupidine,
2443 3420 2739 3491 proecipue
2801 3440 2937 3492 quos

509 3479 668 3581 2⁸3„st
689 3474 796 3581 {im
845 3520 1008 3558 amor
1043 3503 1613 3558 administrationum
1649 3503 2063 3574 temporalium
2099 3503 2415 3558 detinebat.
2473 3502 2688 3560 ‘Creat
2728 3503 2938 3560 idcirco

510 3615 566 3651 a,
589 3599 779 3650 Abbot,
845 3593 978 3659 post
1014 3592 1350 3658 expressata
1387 3587 1625 3656 negotia
1661 3604 1786 3651 sua,
1823 3593 1901 3651 et,
1936 3593 2249 3659 postquam
2283 3586 2437 3642 vidit
2469 3593 2698 3658 partem
2727 3590 2935 3652 favere,

843 3688 1024 3725 novos
1073 3670 1545 3735 obedientiarios,
1598 3669 1698 3725 ‘ct
1741 3670 1983 3742 deponit
2033 3671 2348 3742 antiquos3
2417 3671 2523 3726 sed
2576 3678 2640 3727 et
2691 3673 2937 3728 electum

845 3773 1067 3818 eorum,
1097 3754 1413 3809 Dominum
1438 3753 1478 3808 J
1480 3755 1765 3809 ohannem
1790 3754 1862 3809 de
1881 3755 2236 3828 Tymworth,
2263 3755 2527 3811 restituit
2550 3757 2737 3811 officio
2758 3756 2781 3795 7
2798 3758 2935 3829 Sup-

845 3839 1078 3910 prioris,
1126 3838 1176 3892 si
1215 3843 1412 3892 tamen
1465 3836 1623 3892 idem
1678 3837 1900 3894 electus
1956 3846 2123 3911 putet
2175 3837 2500 3894 cedendum
2553 3839 2825 3896 electioni
2879 3848 2934 3895 et

846 3922 1133 3978 mandatis
1180 3921 1310 3992 ejus
1357 3921 1703 3993 parendum.
1780 3921 2007 3979 Dehine
2042 3941 2178 3979 cum
2228 3921 2334 3978 illa
2383 3929 2551 3995 parte
2611 3924 2935 3980 Conventus

844 4026 977 4080 qua>
1029 4013 1381 4062 convenerat
1415 4005 1489 4061 ad
1538 4006 1899 4078 Capitulum,
1952 4016 2012 4065 et
2060 4009 2188 4079 ejus
2238 4007 2498 4062 suasioni
2539 4007 2932 4080 adquieverat,

843 4093 1029 4148 intrat
1062 4091 1391 4157 eeclesiam,
1419 4097 1496 4154 et,
1526 4092 1777 4164 arreptis
1816 4091 2246 4165 pontificalibus
2286 4093 2661 4156 ornamentis,
2701 4092 2933 4149 Missam

769 3724 778 3755 Ι

912 4404 926 4434 ¹
952 4403 1196 4467 Supplied
1238 4401 1367 4452 from
1418 4400 1552 4453 sibl.
1607 4399 1736 4466 ¹³08.
1788 4405 1847 4450 13
2016 4404 2034 4431 ⁴
2056 4408 2102 4451 et
2122 4401 2333 4452 mitten
2354 4402 2409 4452 iu
2431 4403 2518 4453 the
2539 4404 2890 4468 psnteatexts.

845 4484 904 4534 E.
953 4483 1024 4533 ix.
1054 4503 1066 4532 ε
1133 4482 1345 4531 omitted
1400 4481 1454 4531 in
1500 4480 1586 4530 the
1646 4481 1847 4545 printed
2016 4483 2036 4510 ⁵
2058 4479 2231 4530 Erant
2252 4481 2307 4530 in
2330 4482 2416 4533 the
2440 4483 2640 4546 printed
2660 4491 2808 4534 texts.

844 4570 991 4613 texts,
2012 4564 2033 4591 ⁶
2055 4562 2243 4619 statuit,
2265 4568 2311 4611 et
2331 4560 2525 4631 deponit
2551 4564 2605 4613 in
2633 4564 2718 4614 the
2742 4564 2933 4630 printed

910 4644 929 4671 ³
955 4642 1005 4690 A
1027 4638 1284 4703 quotation
1306 4639 1435 4689 stom
1455 4638 1650 4689 Lucan.
1947 4649 2098 4693 texts.

910 4719 930 4749 ⁸
939 4719 1073 4789 fecit
1093 4720 1146 4769 in
1168 4717 1255 4768 the
1277 4717 1479 4784 printed
1499 4726 1650 4771 texts.
2015 4725 2031 4750 ⁷
2060 4719 2342 4788 Superioris
2365 4722 2420 4772 in
2445 4722 2706 4779 Canden’s
2727 4732 2846 4779 text.
