3300 5617
67 1020 142 1071 ZS.
165 1020 325 1073 Bibl.

67 1104 156 1167 eg.
191 1094 261 1137 13

71 1194 84 1206 .
111 1170 200 1207 ix.

1041 822 1372 877 msromA
1414 823 1829 878 ANGLIOANA.
2369 814 2498 880 415

469 1001 623 1059 Oum
657 1019 802 1074 ergo
837 1002 1084 1059 Romam
1133 1005 1410 1071 venisset,
1451 1011 1512 1061 et
1544 1003 1765 1061 ibidem
1801 1004 2038 1077 longam
2087 1023 2312 1062 moram
2345 1011 2500 1062 trax·
2525 1012 2663 1065 AJ).
2692 1019 2834 1069 1379.

397 1089 562 1152 isset,
624 1105 732 1143 nec
792 1094 1096 1144 assecutus
1155 1089 1229 1144 ab
1277 1088 1615 1161 Apostolico
1667 1091 1855 1145 ullum
1890 1091 2100 1147 fuisset
2134 1091 2498 1156 beneficium,
2528 1107 2638 1157 The
2655 1123 2848 1175 οδω),

399 1172 634 1228 tandem
671 1171 901 1228 audivit
921 1172 1240 1228 Dominum
1265 1173 1305 1227 J
1306 1174 1592 1229 ohannem
1614 1175 1872 1241 Brincle,
1901 1176 2192 1246 quondam
2214 1175 2502 1232 Abbatem
2526 1174 2746 1240 through

401 1275 593 1321 sunm,
670 1256 827 1312 diem
885 1256 1169 1313 clausisse
1242 1276 1600 1330 supremum,
1666 1265 1727 1315 et
1794 1266 2008 1331 putans
2073 1260 2200 1331 jam
2268 1266 2502 1332 tempus
2525 1241 2696 1320 which
2719 1242 2801 1293 ¹¹5⁸

400 1348 793 1414 opportunum
828 1342 1098 1397 arrisisse
1137 1342 1269 1408 sibi,
1311 1342 1327 1374 ¹
1347 1342 1422 1398 ad
1467 1343 1900 1415 procurandum
1936 1351 1997 1401 et
2030 1344 2504 1417 consequendum
2527 1309 2821 1428 ἓξὲξὲἁω

400 1426 555 1499 quod
592 1427 696 1481 diu
731 1432 924 1481 mente
972 1435 1333 1499 conceperat,
1389 1430 1638 1484 accessit
1686 1428 1761 1483 ad
1812 1429 2100 1501 quendam
2138 1429 2500 1493 advocatum,

398 1512 502 1566 sed
537 1509 1008 1575 'Flandrensem,
1049 1511 1153 1583 qui
1186 1518 1385 1568 tamen
1417 1513 1757 1569 morabatur
1792 1515 1855 1568 in
1893 1514 2073 1569 Curia
2096 1524 2157 1570 et
2189 1514 2506 1570 vocabatur

401 1595 747 1667 “Magister
799 1595 839 1649 J
840 1596 1094 1650 ohannes
1147 1595 1490 1666 Shipdam‚''
1531 1603 1591 1652 et
1623 1597 1898 1668 promisit
1932 1598 1987 1653 ei
2036 1616 2311 1668 magnam
2348 1616 2504 1653 sum·

398 1698 555 1736 mam
612 1680 878 1752 pecuniae
939 1696 1163 1745 annum,
1220 1681 1271 1734 si
1333 1680 1393 1735 id
1455 1681 1728 1747 efficeret,
1780 1686 1850 1737 ut
1906 1680 2106 1737 Abbas
2168 1682 2241 1737 de
2302 1682 2506 1753 Bnrgo

401 1780 635 1838 quoquo
686 1770 857 1834 pacto
907 1764 1096 1819 creari
1147 1770 1363 1835 posset.
1453 1764 1534 1819 Et
1585 1766 1638 1820 si
1692 1766 2063 1836 contingeret
2111 1783 2247 1821 eum
2301 1767 2363 1821 in
2396 1767 2507 1821 hoc

399 1850 635 1920 negotio
688 1848 929 1903 minime
984 1848 1276 1920 expedire,
1333 1855 1680 1921 procuraret
1728 1850 1841 1905 sibi
1895 1849 2153 1922 aliquem
2195 1869 2268 1905 ex
2299 1868 2506 1906 vacan-

401 1934 559 1990 tibus
594 1932 1082 2004 Episcopatibus3
1123 1939 1227 1988 aut
1262 1934 1312 1988 si
1349 1934 1460 1989 hoc
1494 1952 1611 1989 non
1645 1941 1846 2006 posset
1880 1937 2135 2007 assequi,
2175 1936 2507 1991 Prioratum

401 2019 473 2073 de
510 2018 787 2073 Derhirst
820 2018 1082 2073 obtinere
1117 2017 1412 2074 laboraret.
1445 2018 1656 2084 eidem,
1696 2019 2003 2075 habiturus
2038 2038 2147 2092 pro
2182 2020 2379 2076 labore
2403 2037 2510 2075 suo

400 2120 507 2175 pro
545 2103 809 2174 quolibet
844 2102 1147 2158 annuatim
1181 2120 1360 2158 unam
1394 2103 1741 2168 ⁸summam,
1782 2109 1844 2159 et
1888 2104 2221 2175 spopondit.
2294 2104 2507 2160 Dictus

399 2205 540 2243 vero
590 2187 630 2241 J
631 2189 888 2242 ohannes
932 2187 1215 2258 quosdam
1254 2205 1286 2241 e
1340 2186 1773 2252 Cardinalibus‚
1820 2188 1924 2259 qui
1962 2206 2259 2260 nunquam
2299 2206 2507 2244 aurum

398 2278 705 2343 respuunt,
752 2272 828 2327 ad
891 2277 1122 2343 partem
1170 2289 1338 2327 suam
1384 2273 1585 2337 traxit,
1637 2280 1706 2327 ut
1750 2274 2016 2344 ipsorum
2062 2273 2400 2329 interventu
2449 2279 2511 2328 et

402 2359 600 2413 favore
637 2356 932 2412 Edmundi
967 2358 1234 2428 praedicti
1268 2358 1508 2428 negotia
1542 2357 1833 2413 efficacius
1858 2357 2175 2429 expediret.
2253 2357 2509 2413 Securus

402 2459 547 2512 ergo
617 2441 690 2496 de
762 2443 1026 2513 ipsorum
1099 2440 1501 2497 cardinalium
1583 2442 1895 2514 adjutori0‚
1970 2443 2242 2514 proponit
2311 2459 2508 2497 coram

403 2527 655 2581 Domino
689 2525 853 2597 Papa
887 2544 1124 2582 causam
1159 2525 1473 2590 Edmundi,
1513 2543 1779 2581 asserens
1817 2544 1953 2581 eum
2000 2544 2208 2582 verum
2257 2526 2508 2581 electum

405 2610 685 2681 Capituli,
747 2610 852 2666 ⁴ut
909 2610 1170 2665 omnium
1229 2611 1481 2666 fratrum
1552 2613 1708 2667 votis
1769 2617 2052 2683 optatum,
2117 2611 2192 2666 ad
2243 2612 2507 2667 ecclesiae

406 2694 598 2749 eidem
632 2695 1085 2767 praeessendum.
1177 2694 1463 2751 Dominus
1516 2714 1658 2751 vero
1709 2697 1886 2769 Papa,
1928 2695 2303 2751 considerans
2340 2696 2506 2750 mali·

408 2781 551 2838 tiam
598 2779 784 2851 ipsius
833 2781 1132 2851 temporie,
1174 2787 1234 2835 et
1281 2781 1374 2835 sui
1424 2780 1746 2835 adversarii
1794 2779 2105 2852 Antipapae
2152 2780 2509 2835 cotidianum

409 2866 851 2928 incrementum,
907 2870 967 2920 et
1035 2881 1275 2936 sperans
1334 2864 1712 2920 Edmundnm
1770 2883 1985 2935 magno
2044 2864 2335 2935 adjutorio
2396 2865 2509 2919 sibi

407 2951 743 3013 affuturum,
803 2948 855 3004 si
904 2949 1103 3003 Abbas
1159 2949 1485 3004 efficeretur
1537 2949 1776 3014 ibidem,
1840 2948 1912 3003 de
1974 2949 2135 3004 facili
2194 2949 2507 3004 inclinatus

406 3035 533 3090 ⁵est
567 3035 641 3088 ad
677 3032 1135 3087 confirmandum
1185 3032 1207 3062 ⁶
1225 3030 1549 3105 [eundem],
1601 3034 1702 3088 vel
1738 3034 1788 3089 si
1826 3033 2033 3088 electio
2067 3033 2182 3087 rite
2219 3033 2510 3087 celebrata

405 3137 518 3173 non
591 3118 816 3182 fuisset,
892 3115 967 3171 ad
1027 3117 1214 3187 gratis
1275 3117 1530 3171 dandum
1589 3118 1707 3188 ipsi
1779 3116 2090 3172 Edmundo
2162 3115 2507 3171 beneficium

409 3202 824 3274 supradictum.
902 3200 1055 3270 Quid
1101 3201 1330 3256 multa?
1383 3202 1776 3272 Consequitur
1821 3201 1843 3239 ⁷
1861 3200 2205 3256 Edmundus
2254 3200 2403 3256 dono
2451 3209 2512 3256 et

410 3288 604 3341 favore
665 3287 841 3357 Papae
911 3286 1324 3355 imaginarium
1393 3287 1737 3357 appetitum,
1811 3291 1872 3341 ct
1935 3285 2009 3340 ad
2074 3285 2509 3357 repatriandum

408 3389 542 3424 cum
578 3370 770 3425 Bullis
823 3370 946 3425 suis
984 3386 1047 3424 se
1083 3376 1375 3440 praeparat
1409 3376 1532 3424 toto
1568 3368 1723 3424 nisu.

413 3712 834 3781 Edmundue
880 3711 1340 3799 supradicta-3,
1374 3734 1530 3778 cum
1559 3712 1710 3778 suis
1743 3711 2258 3792 adhaerentibus
2296 3713 2510 3780 Turri

989 3815 1466 3883 Londoniensi
1517 3815 1927 3883 commissus,

483 3981 719 4035 Fratres
773 3998 913 4035 vero
963 3979 1035 4034 de
1084 3979 1269 4050 Bury,
1309 3986 1443 4051 post
1477 3984 1723 4034 mortem
1761 3978 1961 4033 statim
1996 3976 2242 4033 Abbatis
2281 3980 2392 4043 sui,
2432 3980 2507 4036 ad
2533 3981 2645 4031 The
2660 3982 2841 4032 monks

412 4067 756 4121 electionem
816 4069 1226 4128 convenerunt,
1291 4071 1351 4118 et
1409 4064 1669 4119 unanimi
1733 4080 2017 4117 consensu
2077 4062 2383 4133 elegerunt
2441 4064 2504 4118 in
2529 4048 2591 4097 ⁰f
2605 4048 2749 4114 Bury

410 4151 700 4207 Abba-tem
736 4148 1052 4204 Dominum
1092 4148 1130 4202 J
1134 4148 1416 4202 ohannem
1455 4148 1526 4203 de
1563 4148 1921 4217 Tymworth‚
1951 4146 2157 4202 domus
2196 4165 2317 4202 suae
2357 4148 2503 4203 Sub·
2527 4115 2738 4231 {kegtther

2528 4249 2717 4301 Abbot,

488 4455 498 4483 ¹
512 4452 586 4516 fit
604 4449 674 4501 cui
693 4451 749 4499 in
771 4448 857 4500 the
878 4448 1076 4514 printed
1096 4454 1245 4499 texts.
1458 4449 1464 4497 5
1578 4450 1596 4478 ⁴
1618 4448 1741 4498 etin
1764 4448 1850 4499 the
1871 4448 2072 4513 printed
2092 4453 2241 4499 texts.

484 4530 678 4594 ²'filium
712 4530 767 4579 in
804 4528 932 4593 orig.
976 4530 1075 4578 and
1112 4529 1197 4579 the
1218 4528 1418 4592 printed
1459 4518 1464 4529 ⁴
1575 4530 1594 4558 ⁵
1616 4536 1688 4577 est
1712 4529 1919 4579 omitted
1939 4528 1994 4577 in
2030 4526 2117 4577 the
2139 4527 2335 4592 printed
2357 4536 2507 4579 texts.

419 4619 552 4661 texts
578 4632 591 4671 3
630 4609 740 4659 Flm
774 4608 829 4658 in
855 4609 993 4659 Bibl.
1018 4609 1145 4673 Reg.
1174 4614 1234 4658 13
1257 4608 1317 4658 E.
1342 4608 1415 4657 ix.
1574 4612 1594 4638 ⁰
1618 4609 1861 4672 Supplied
1881 4608 2013 4658 from
2034 4608 2168 4658 Bibl.
2206 4608 2332 4673 Reg.
2363 4614 2421 4657 13
2446 4610 2505 4659 Ε.

484 4694 503 4722 ²
523 4707 751 4741 summam
787 4707 847 4739 ez·
883 4691 966 4740 eis.
1016 4687 1199 4738 Dictus
1243 4688 1298 4738 in
1331 4688 1418 4738 the
1505 4688 1604 4738 ix.:
1648 4687 1859 4737 omitted
1882 4688 1935 4736 in
1960 4688 2047 4737 the
2069 4686 2270 4753 printed
2292 4694 2443 4739 texts,

419 4771 616 4837 printed
633 4777 779 4820 texts.
920 4789 924 4795 ’
1575 4772 1592 4797 ⁷
1617 4766 1876 4817 Eamundo
1896 4767 1952 4817 in
1976 4767 2061 4818 the
2082 4767 2282 4832 printed
2304 4775 2453 4820 texts.
