3300 5617
790 763 921 827 336
1460 776 1722 827 ‘mom
1768 776 2234 829 wusmom

451 972 584 1024 AD,
614 978 703 1025 13·
712 979 756 1025 7.
810 962 1257 1027 ‘commissum,
1334 960 1502 1032 regia
1559 962 1779 1018 virtute
1839 962 1912 1017 ab
1971 962 2253 1060 improbis
2326 961 2622 1028 defendas,
2685 980 2899 1034 pravos
2922 965 3047 1017 HS.
3070 967 3193 1021 Bibl.

786 1049 824 1073 ‘⁶
863 1046 1143 1142 corrigas,
1170 1051 1361 1101 rectos
1400 1046 1725 1117 ¹pacifices,
1766 1053 1827 1102 et
1860 1054 1929 1103 ut
1962 1048 2120 1102 viam
2156 1052 2379 1101 rectam
2414 1051 2612 1101 tenere
2649 1049 2896 1118 possint,
2924 1034 3060 1098 Bag.
3086 1041 3139 1084 ¹³

809 1133 963 1185 ‘tuo
1015 1130 1316 1201 juvamine
1387 1130 1631 1202 dirigas,
1708 1136 1993 1202 quatenus
2064 1130 2136 1185 de
2196 1130 2503 1201 temporali
2566 1148 2753 1202 regno
2821 1130 2901 1186 ad
2924 1100 3035 1150 Ε·
3014 1117 3089 1152 ¹¹·

448 1211 824 1264 Investment“
863 1219 1146 1269 aeternum
1179 1231 1430 1285 regnum
1463 1214 1791 1286 pervenias.
1799 1214 1832 1237 '’
1906 1215 2069 1270 Tunc
2111 1214 2276 1269 dedit
2310 1214 2367 1269 ei
2402 1214 2897 1287 Archiepiscopus

445 1279 570 1329 '5¹¹²
592 1279 680 1331 ὼε
783 1297 1012 1369 virgam
1050 1299 1113 1352 in
1150 1299 1268 1353 alia
1303 1316 1498 1364 manu,
1538 1297 1848 1354 habentem
1885 1299 1949 1353 in
1984 1299 2320 1354 summitate
2356 1299 2722 1366 columbam,
2762 1318 2897 1355 nam

445 1346 633 1411 vage
781 1388 1075 1453 sceptrum
1111 1382 1268 1453 quod
1302 1388 1657 1454 susceperat,
1692 1384 2058 1438 consurrexit
2091 1382 2164 1437 de
2198 1383 2449 1438 rotundo
2484 1382 2660 1454 globo
2695 1402 2892 1449 aureo,

778 1483 955 1537 quem
989 1466 1226 1522 tenebat
1259 1466 1322 1521 in
1357 1484 1534 1521 manu
1571 1466 1986 1530 chirothecato,
2039 1474 2100 1522 et
2148 1465 2400 1521 habebat
2448 1467 2510 1521 in
2558 1467 2895 1523 summitate

775 1550 1011 1621 signum
1034 1551 1244 1606 crucis.
1315 1550 1395 1606 Et
1428 1550 1655 1622 accepit
1675 1550 1907 1621 virgam
1929 1550 2267 1622 praedictam
2291 1568 2425 1606 cum
2448 1550 2565 1606 hiis
2587 1552 2785 1607 verbis
2801 1574 2896 1618 ;—

778 1637 815 1661 ‘⁴
854 1633 1073 1706 Accipe
1096 1632 1120 1666 ²
1139 1631 1423 1706 [virgam]
1454 1633 1696 1690 virtutis
1732 1640 1793 1689 et
1828 1635 2144 1705 aequitatis,
2173 1652 2291 1705 qua
2312 1634 2610 1706 intelligas
2641 1641 2700 1690 te
2739 1636 2890 1689 mul·

778 1720 816 1745 ‘⁶
856 1735 987 1772 cere
1020 1718 1149 1789 pios
1190 1724 1253 1773 et
1287 1723 1508 1773 terrere
1539 1718 1855 1789 reprobos;
1895 1725 2157 1773 errantes
2195 1718 2351 1772 viam
2387 1717 2549 1781 doce,
2590 1719 2891 1791 lapsisque

777 1804 815 1828 “
853 1819 1091 1857 manum
1126 1802 1398 1873 porrige3
1452 1801 1874 1873 disperdasque
1910 1801 2192 1873 superbos
2240 1808 2301 1857 et
2350 1801 2575 1857 releves
2610 1802 2885 1869 humiles,

777 1889 815 1913 “
853 1893 922 1941 ut
959 1887 1185 1958 aperiat
1219 1886 1326 1942 tibi
1364 1886 1580 1941 ostium
1606 1885 1646 1940 J
1647 1904 1783 1941 esus
1809 1886 2100 1949 Christus,
2128 1885 2413 1940 Dominus
2448 1887 2705 1942 noster.'’

439 1977 729 2031 'nieBeuo-
844 1969 988 2026 Post
1021 1971 1166 2036 haec,
1193 1970 1531 2026 benedictus
1567 1977 1661 2025 est
1693 1970 1820 2025 Rex
1843 1970 1916 2024 ab
1939 1969 2415 2041 ArchiepiscopO,
2441 1970 2527 2025 ita
2548 1971 2777 2026 dicente
2794 1994 2889 2037 3—

444 2046 648 2100 diction.
778 2057 816 2081 “
855 2054 1175 2111 Benedicat
1218 2061 1278 2110 te
1324 2055 1506 2119 Deus,
1564 2054 1972 2125 custodiatque
2018 2062 2111 2121 te3
2176 2055 2332 2109 sicut
2376 2062 2435 2110 te
2482 2054 2671 2112 voluit
2705 2075 2886 2128 super

778 2142 815 2166 “
854 2140 1134 2210 populum
1176 2157 1349 2195 suum
1388 2157 1515 2194 esse
1563 2139 1811 2212 Regem,
1852 2140 1936 2194 ita
1976 2138 2037 2193 in
2085 2139 2360 2210 praesenti
2398 2139 2613 2195 saeculo
2648 2141 2884 2197 felicem

778 2227 814 2250 ⁸‘
855 2229 1087 2279 aeternae
1127 2223 1426 2278 felicitatis
1469 2223 1694 2278 tribuat
1730 2240 1860 2278 esse
1897 2223 2287 2278 consortem.”
2360 2222 2498 2279 Hiis
2527 2224 2726 2295 itaque
2750 2243 2883 2297 per·

441 2326 553 2378 The
575 2328 681 2379 En-
774 2310 940 2374 actis,
963 2309 1260 2365 osculatus
1294 2314 1388 2364 est
1421 2308 1548 2362 Rex
1584 2308 1904 2379 Episcopus
1931 2313 1993 2363 et
2024 2305 2318 2373 Abbates;
2350 2326 2386 2362 a
2427 2307 2640 2379 quibus
2677 2310 2879 2364 statim

437 2393 640 2445 throne-
775 2391 985 2449 ductus
1036 2399 1128 2448 est
1178 2399 1382 2464 postea
1427 2392 1503 2447 ad
1553 2391 1755 2462 regale
1822 2390 2053 2455 solium,
2119 2390 2425 2463 Episcopis
2471 2392 2877 2448 inchoantibus

438 2470 591 2514 '¹¹⁶⁰‘-
771 2477 1192 2548 hymnum,—“
1219 2476 1302 2531 'Pe
1338 2474 1531 2530 Deum
1568 2473 1935 2530 laudamus.’'
2028 2474 2224 2530 Finito
2276 2474 2512 2546 hymnO,
2567 2475 2877 2548 Archiepi·

773 2578 983 2632 scopus
1019 2560 1104 2615 ita
1138 2577 1275 2614 eum
1311 2559 1599 2615 allocutus
1650 2562 1892 2614 est:—“
1923 2557 2029 2614 Sta
2077 2564 2140 2613 et
2173 2558 2362 2613 retine
2400 2558 2606 2614 amodo
2655 2559 2870 2625 locum,

776 2646 814 2671 ‘⁴
855 2662 1030 2715 quem
1067 2644 1369 2713 hucusque
1405 2649 1648 2714 paterna
1685 2643 2049 2697 successione
2084 2643 2329 2698 tenuisti
2359 2642 2745 2708 haereditarie,
2786 2645 2874 2698 in-

776 2731 813 2755 “
852 2727 984 2784 dico
1032 2727 1143 2783 tibi
1181 2726 1516 2797 delegatum
1557 2744 1663 2798 per
1713 2726 2121 2781 auctoritatem
2171 2725 2281 2781 Dei
2320 2724 2763 2798 omnipotentis,
2812 2734 2875 2783 et

776 2816 812 2840 ‘⁶
851 2817 1200 2884 praesentem
1235 2809 1609 2866 traditionem
1656 2815 1934 2875 nostram,
1981 2809 2209 2865 scilicet
2253 2810 2513 2864 omnium
2560 2809 2875 2882 Episcopo-

774 2900 813 2923 “
850 2913 1004 2960 rum,
1044 2900 1506 2964 caeterorumque
1544 2893 1658 2948 Dei
1707 2911 2046 2959 servorum3
2087 2900 2148 2949 et
2180 2900 2396 2965 quanto
2433 2893 2657 2949 clerum
2688 2896 2872 2950 sacris

772 2983 810 3006 ‘⁶
850 2979 1132 3035 altaribus
1166 2977 1661 3050 propinquiorem,
1700 2982 1864 3032 tanto
1901 2978 1958 3032 ei
1995 2977 2281 3048 potiorem
2316 2979 2379 3032 in
2411 2977 2558 3034 locis
2594 2980 2871 3050 congruis

773 3066 810 3090 ‘⁴
849 3064 1127 3118 honorem
1168 3061 1503 3133 impendere
1550 3060 1923 3127 meminerim
1981 3065 2266 3131 quatenus
2317 3060 2604 3116 mediator
2649 3061 2760 3116 Dei
2811 3070 2874 3118 et

773 3150 809 3173 ‘⁴
848 3146 1150 3202 hominum
1188 3151 1247 3200 te
1285 3144 1667 3200 mediatorem
1705 3144 1895 3215 plebis
1932 3144 1996 3199 in
2030 3143 2139 3200 hoc
2175 3144 2347 3216 regni
2376 3144 2523 3199 solio
2545 3146 2865 3209 confirmet,

771 3233 808 3258 “
848 3236 909 3285 et
932 3231 994 3286 in
1014 3247 1266 3301 regnum
1304 3234 1586 3284 aeternum
1621 3244 1872 3299 regnare
1909 3227 2104 3293 faciat,
2144 3226 2184 3282 J
2185 3245 2322 3284 esus
2349 3227 2642 3294 Christus,
2669 3229 2868 3285 Domi-

772 3316 808 3341 “
847 3332 959 3369 nus
995 3312 1251 3369 noster.”

434 3402 667 3453 Celebra-
836 3398 974 3454 Hiis
1000 3399 1199 3469 itaque
1223 3397 1496 3469 peractis,
1511 3396 1799 3457 ,inchoata
1821 3401 1912 3450 est
1933 3395 2122 3453 Missa
2144 3413 2470 3466 congruens
2496 3396 2869 3453 Coronationi

432 3469 540 3519 5⁰¹¹
563 3470 718 3521 0ffl²⁰
764 3482 965 3553 regiis,
1008 3481 1177 3553 cujus
1217 3480 1486 3536 Officium
1528 3480 1779 3546 ruia—‘⁴
1797 3478 2103 3535 Protector
2146 3484 2366 3545 noster,
2414 3482 2630 3552 aspice,
2676 3480 2863 3545 Deus,

430 3535 584 3589 Mm
769 3569 806 3594 “
846 3572 957 3621 etc.
983 3565 1040 3631 ;”
1077 3560 1480 3637 Epistola,—“
1508 3563 1810 3635 'Subjeeti
1847 3569 2033 3619 estote
2070 3564 2229 3618 omni
2265 3563 2536 3619 humanoe
2581 3572 2867 3620 creaturae

767 3653 805 3678 “
843 3654 1081 3721 propter
1116 3648 1327 3713 Deum,
1372 3653 1482 3703 etc.
1507 3647 1563 3712 ;”
1592 3645 2329 3717 Gradale,—“Dirigatur,
2359 3647 2626 3713 Domine,
2679 3649 2869 3704 oratio

766 3737 805 3762 “
841 3752 976 3789 mea
991 3732 1048 3799 ;'’
1073 3732 1468 3797 Alleluia,--“
1486 3731 1738 3788 Domine
1755 3732 1818 3786 in
1834 3732 2054 3787 virtute
2074 3731 2130 3797 ;”
2150 3731 2674 3803 Evangelium,—“
2691 3731 2867 3787 ⁴Abe-

766 3822 804 3847 “
843 3824 1013 3874 untes
1060 3814 1408 3881 Pharisaei,”
1459 3816 1616 3887 quod
1675 3816 1827 3888 legit
1860 3817 2187 3888 Episcopus
2223 3816 2499 3881 Eliensis,
2538 3816 2866 3888 Epistolam

759 3904 1085 3976 Episcopus
1103 3899 1584 3973 Wygorniensis3
1613 3899 2125 3965 offertorium,—“
2153 3900 2399 3955 Intende
2425 3901 2669 3956 orationi
2692 3918 2862 3965 meae,

765 3992 803 4016 ‘⁸
842 3988 970 4042 Rex
1001 3984 1230 4042 meus.”

427 4087 539 4139 The
562 4089 723 4142 offer.
833 4073 1012 4128 Lecto
1048 4068 1392 4142 Evangelio,
1425 4068 1552 4123 Rex
1587 4067 1661 4123 de
1696 4068 1886 4139 regali
1928 4068 2075 4124 solio
2116 4068 2326 4124 ductus
2373 4075 2466 4124 est
2511 4068 2585 4123 ad
2623 4068 2864 4124 offeren-

427 4155 533 4221 ing.
762 4157 919 4212 dum.
993 4154 1196 4209 Primo
1234 4153 1420 4224 igitur
1460 4152 1675 4207 obtulit
1708 4151 2163 4224 Archiepiscopo
2188 4151 2451 4223 gladium
2477 4168 2649 4207 suum
2686 4171 2863 4224 quem

761 4244 1114 4311 susceperat,
1156 4244 1218 4294 et
1255 4243 1459 4308 postea
1493 4254 1722 4301 aurum,
1774 4242 2057 4307 quantum
2092 4237 2331 4307 placuit,
2379 4236 2482 4292 sed
2516 4254 2631 4291 non
2665 4238 2865 4291 minus

757 4342 971 4389 marca,
1012 4328 1250 4395 propter
1274 4319 1786 4377 consuetudineme
1832 4337 1967 4375 nam
2008 4320 2142 4391 plus
2167 4326 2360 4391 potest
2392 4320 2600 4375 offerre
2637 4320 2764 4375 Deo
2803 4328 2868 4375 et

821 4536 836 4565 ¹
849 4532 1106 4598 pontifices
1116 4531 1172 4582 in
1189 4532 1315 4598 orig.
1330 4533 1433 4582 and
1449 4531 1534 4581 the
1556 4529 1754 4595 printed
1853 4528 1928 4581 ix.
2001 4529 2227 4581 Omitted
2249 4529 2304 4579 in
2327 4530 2413 4580 the
2435 4530 2633 4594 printed
2654 4537 2808 4582 texts.

753 4620 910 4672 textu
946 4614 1201 4663 corrected
1223 4612 1353 4662 from
1373 4610 1510 4661 Bibl.
1534 4611 1661 4674 Reg.
1692 4614 1752 4658 13
1919 4610 1939 4640 ⁸
1965 4614 1986 4658 1
2016 4607 2162 4660 Peter
2179 4609 2235 4660 ii.
2265 4615 2341 4660 13.

755 4694 814 4744 Ε.
840 4693 911 4743 ix.
1919 4690 1937 4717 ⁴
1961 4687 2116 4739 Mate.
2138 4688 2231 4739 xii.
2260 4693 2335 4738 14.

818 4775 839 4804 ²
861 4771 1103 4837 Supplied
1139 4771 1269 4820 from
1294 4770 1428 4820 Bibl.
1451 4770 1576 4834 Reg.
1607 4774 1667 4819 13
1691 4768 1751 4819 E.
