3300 5617
759 1246 797 1270 ‘⁶
834 1248 1029 1299 autem
1073 1259 1247 1313 quem
1284 1243 1427 1313 jura
1472 1243 1745 1307 limitat,
1795 1244 1948 1301 foret
1997 1244 2260 1302 defectus
2299 1249 2680 1320 correptionis
2727 1250 2849 1321 spi·

758 1332 797 1355 ‘⁶
834 1327 1066 1383 ritualia
1132 1327 1449 1399 praepositi,
1500 1334 1561 1383 et
1606 1327 1843 1383 demum
1891 1328 2028 1385 fidei
2075 1330 2280 1387 clerici
2335 1330 2728 1403 'oon-igendi,
2779 1342 2852 1390 ut

758 1411 1155 1483 “patetxvi.
1196 1408 1439 1479 272‘
1460 1409 1676 1476 riuis:
1713 1408 1997 1483 ⁴[et]11·.
2039 1412 2168 1472 Βία.
2210 1413 2546 1486 ‘SiPapa’

825 1492 1052 1566 “.[1⁷]
1094 1494 1233 1550 Sive
1287 1493 1507 1549 domini
1554 1494 1927 1566 temporales,
1967 1495 2095 1551 sive
2151 1497 2485 1569 quisnamne
2522 1498 2644 1564 alii,
2684 1499 2851 1555 dote-

759 1583 796 1608 “
834 1579 1028 1637 verint
1064 1577 1391 1635 Ecclesiam
1446 1578 1885 1650 temporalibus,
1938 1578 2082 1635 licet
2136 1581 2224 1637 eis
2285 1581 2348 1636 in
2392 1581 2572 1641 ‘casu
2615 1584 2852 1639 auferre

755 1668 792 1691 ‘⁶
830 1662 1175 1735 temporalia
1220 1660 1645 1718 medicinaliter
1691 1661 1766 1717 ad
1811 1663 2074 1721 cavenda
2117 1672 2373 1736 peccam,
2423 1683 2538 1721 non
2583 1667 2851 1723 obeunte

754 1752 791 1776 ‘⁴
829 1745 1439 1811 excommunicatione,
1490 1745 1586 1803 vel
1623 1746 1744 1803 alia
1775 1764 2025 1804 censura
2057 1749 2488 1816 ecclesiastica·
2525 1768 2662 1807 cum
2709 1771 2850 1808 non·

753 1836 790 1859 ‘⁴
830 1832 942 1889 uisi
1005 1830 1116 1887 sub
1173 1829 1503 1889 conditione
1560 1830 1852 1902 implicita
1898 1838 2037 1889 sunt
2071 1831 2300 1889 donata.
2306 1833 2554 1890 —Patet
2599 1852 2670 1890 ex
2715 1836 2846 1902 hoc,

754 1920 790 1943 “
830 1914 986 1987 quod
1032 1914 1180 1971 nihil
1222 1913 1399 1971 habet
1452 1913 1739 1984 impedire
1785 1931 1824 1971 a
1867 1915 2182 1986 praecipuis
2224 1915 2500 1988 operibus
2547 1918 2847 1985 cai-itatis3

753 2004 789 2027 ‘⁶
828 1997 1174 2061 necessario,
1240 1996 1395 2067 quod
1432 1996 1495 2053 in
1536 1998 1696 2052 omni
1744 2014 1920 2069 opere
1967 1997 2220 2053 humano
2265 1999 2441 2057 debet
2485 1962 2850 2073 subintelligi

753 2086 790 2110 ⁴⁶
828 2082 1082 2139 conditio
1116 2080 1301 2137 divini
1338 2079 1706 2152 beneplaciti,
1754 2081 2201 2152 necessariaque
2235 2081 2370 2153 lege
2404 2082 2586 2138 civili.
2662 2084 2854 2140 Colla·

752 2170 789 2193 ‘⁶
828 2167 1016 2223 tiones
1079 2163 1380 2228 ‘Corradi,
1433 2181 1484 2218 c.
1536 2163 1590 2227 5,
1661 2164 1722 2218 in
1784 2162 1896 2219 fine
1946 2163 2288 2221 Collationis
2348 2164 2848 2239 Decima—Sup-

752 2254 789 2277 “
828 2250 1085 2321 positum
1146 2245 1363 2319 ⁷hujus
1411 2245 2251 2317 septimic-decimae.—Absit
2295 2246 2452 2318 quod
2499 2247 2695 2320 ³[per]
2746 2251 2852 2306 illa

752 2338 789 2361 ‘⁶
828 2333 1008 2391 verba
1045 2331 1219 2387 detur
1255 2331 1483 2388 occasio
1528 2330 1550 2363 ⁹
1567 2330 1820 2386 dominis
1865 2331 2287 2402 temporalibus
2332 2331 2408 2389 ad
2468 2333 2848 2390 auferendum

753 2420 789 2445 “
826 2417 978 2471 bona
1019 2416 1266 2471 fortunae
1306 2414 1367 2468 in
1409 2412 1826 2469 detrimentum
1867 2414 2167 2471 Ecclesiae.

821 2503 860 2528 “
903 2496 1047 2570 [18.]
1092 2498 1559 2563 Ecclesiasticus,
1609 2498 1789 2554 etiam
1836 2497 2134 2555 Romanus
2199 2498 2488 2565 Pontifex,
2528 2506 2722 2571 potest
2783 2502 2848 2557 in

752 2588 788 2611 ‘⁶
827 2602 967 2641 casu
1014 2602 1051 2639 a
1097 2583 1376 2654 subjectis
1423 2581 1659 2653 corripi,
1714 2588 1776 2639 et
1820 2581 1895 2636 ad
1931 2582 2252 2639 utilitatem
2289 2582 2588 2648 Ecclesiae,
2640 2592 2762 2640 tam
2811 2604 2848 2640 a

752 2673 787 2696 ‘⁴
827 2668 1058 2725 clericis
1107 2685 1280 2739 quam
1328 2665 1574 2730 alaicis,
1602 2665 2191 2722 accusari.-¹⁰Patet
2229 2683 2300 2722 ex
2347 2667 2475 2732 hoc,
2519 2668 2676 2740 quod
2717 2669 2846 2740 ipse

751 2758 787 2781 “
829 2758 921 2811 est
950 2751 1264 2825 peccabilis
1301 2751 1452 2807 citra
1487 2755 1792 2821 peccatum
1827 2750 1890 2806 in
1931 2750 2220 2822 Spiritum
2261 2750 2558 2817 Sanctum,
2601 2758 2671 2811 ut
2707 2771 2844 2825 sup·

750 2842 786 2866 ‘⁴
824 2839 1060 2911 ponitur
1096 2854 1168 2892 ex
1206 2836 1531 2899 sanctitate,
1576 2833 1927 2899 humilitate,
1970 2840 2032 2893 et
2076 2835 2406 2895 reverentia
2448 2835 2648 2892 debita
2681 2844 2846 2895 tanto

749 2926 785 2950 ‘⁴
822 2922 992 2994 patri.
1068 2920 1220 2977 Cum
1257 2919 1414 2975 enim
1453 2917 1533 2975 sit
1582 2918 1765 2975 frater
1801 2923 1999 2975 noster
2036 2917 2371 2990 peccabilis,
2412 2920 2676 2992 subjacet
2719 2921 2842 2992 legi

748 3010 786 3035 ‘⁴
824 3004 1207 3077 correptionis
1266 3004 1576 3068 fi‘aternae3
1626 3008 1690 3059 et
1743 3018 1878 3057 cum
1929 3007 2118 3058 totum
2178 3001 2512 3074 Collegium
2560 3009 2592 3038 ¹¹
2614 3003 2839 3073 [suum]

748 3094 785 3117 “
824 3090 1062 3162 ¹²potest
1098 3105 1228 3144 esse
1262 3085 1431 3142 deses
1456 3087 1519 3142 in
1541 3086 1905 3157 correptione
1939 3104 2046 3158 pro
2082 3087 2414 3143 necessaria
2452 3089 2842 3159 prosperitate

748 3178 784 3202 ‘⁴
820 3173 1118 3237 Ecclesiae‚
1156 3175 1319 3243 patet
1354 3170 1510 3242 quod
1544 3168 1846 3227 residuum
1880 3187 2092 3242 corpus
2131 3170 2431 3236 Ecclesiae,
2460 3171 2616 3243 quod
2649 3174 2835 3243 possi-

747 3262 783 3286 ⁴⁴
820 3258 936 3312 bilo
972 3262 1066 3313 est
1099 3254 1419 3313 secundum
1452 3254 1774 3326 plurimum
1810 3259 1964 3311 stare
1998 3255 2062 3309 in
2097 3255 2284 3321 laicis,
2313 3254 2352 3291 ²⁸
2367 3261 2561 3327 potest
2594 3255 2833 3311 medici-

746 3346 782 3370 “
819 3341 1032 3398 naliter
1066 3358 1202 3396 eum
1237 3339 1549 3411 corripere,
1578 3355 1871 3403 accusare,
1900 3345 1962 3396 et
1993 3338 2069 3395 ad
2104 3339 2340 3410 frugem
2387 3339 2646 3395 melioris
2671 3341 2840 3396 vitae·

746 3430 782 3453 “
822 3425 1118 3481 reducere.
1194 3423 1381 3480 Oasus
1431 3428 1627 3480 autem
1668 3421 1968 3494 possibilis
2015 3422 2283 3519 tangitur
2323 3423 2359 3458 ¹⁴
2380 3423 2508 3479 Dis.
2549 3427 2739 3479 11..—‘
2774 3424 2839 3480 Si

769 3509 1011 3581 “Papa
1058 3508 1237 3564 fuerit
1283 3525 1319 3563 a
1363 3506 1477 3561 fide
1513 3505 1740 3562 devius.
1747 3505 2008 3562 ’—Sicut
2053 3508 2210 3563 enim
2233 3524 2349 3563 non
2365 3503 2547 3563 ‘debet
2593 3508 2841 3579 supponi

745 3595 781 3620 ‘⁶
821 3593 881 3648 in
929 3591 1178 3647 Domino
1226 3591 1387 3662 Papa
1428 3590 1554 3645 sine
1599 3588 1823 3660 patenti
1873 3589 2168 3646 evidentia
2223 3596 2419 3647 tantus
2481 3591 2702 3662 lapsus,
2754 3592 2842 3646 sic

808 3846 819 3875 ¹
844 3838 1124 3909 apis-imola
1148 3840 1203 3888 in
1226 3838 1312 3889 the
1332 3837 1531 3902 printed
1552 3844 1702 3892 texts.
1914 3838 1934 3866 ⁸
1954 3838 2217 3889 decoranda·
2247 3839 2300 3888 in
2333 3838 2422 3890 the
2452 3839 2653 3903 printed
2687 3847 2844 3891 texts.

804 3928 823 3956 ²
846 3919 1135 3988 conv-{yendoe
1158 3919 1213 3969 in
1229 3918 1314 3971 the
1335 3917 1533 3983 printed
1556 3926 1704 3971 texts.
1843 3918 1936 3968 See
1959 3916 2108 3967 fasc.
2129 3916 2326 3976 Zizan„
2341 3933 2389 3982 p.
2415 3923 2530 3979 2⁵4,
2552 3918 2684 3973 Note
2709 3922 2753 3969 7.

804 4006 823 4034 ⁸
849 4000 1139 4067 Originally
1188 3997 1388 4049 written
1431 3995 1591 4062 filius,
1647 3999 1739 4049 but
1905 3999 1920 4024 ⁷
1944 3995 2170 4047 habemm
2190 3996 2246 4045 in
2270 3995 2356 4047 the
2377 3996 2575 4060 printed
2597 4005 2744 4047 texts.

738 4081 992 4133 corrected
1031 4078 1086 4129 in
1120 4077 1207 4129 the
1240 4075 1438 4141 margin
1463 4095 1478 4136 ς
1501 4074 1644 4139 filius
1682 4077 1736 4131 in
1901 4078 1920 4103 ⁸
1944 4074 2184 4140 Supplied
2237 4075 2370 4129 from
2413 4075 2548 4126 Bibl.
2593 4076 2721 4141 Reg.
2775 4082 2837 4126 13

738 4162 869 4213 Bibl.
886 4161 1009 4225 Reg.
1038 4163 1096 4208 13
1119 4157 1180 4208 E.
1204 4156 1278 4206 ix.
1348 4155 1460 4205 The
1481 4156 1734 4206 reference
1836 4153 1895 4204 Ε.
1934 4153 2049 4213 ix.;
2085 4151 2182 4203 illis
2221 4153 2379 4204 verbis
2414 4153 2469 4203 in
2505 4155 2590 4205 the
2633 4155 2836 4219 printed

737 4241 856 4291 here
878 4240 922 4291 is
944 4246 998 4289 to
1018 4237 1105 4290 the
1126 4233 1368 4285 Decreta!
1406 4234 1468 4283 of
1499 4234 1731 4295 Gratiam,
1833 4239 1983 4283 texts.

737 4321 852 4380 and,
874 4318 1025 4383 given
1064 4316 1120 4366 in
1156 4315 1266 4377 stin,
1284 4313 1453 4365 would
1492 4313 1556 4363 be
1578 4312 1730 4363 Decr.
1898 4314 1917 4341 ⁹
1942 4311 2168 4363 Omitted
2182 4310 2238 4361 in
2260 4311 2347 4363 the
2369 4312 2570 4377 printed
2585 4320 2736 4365 texts.

738 4398 868 4447 Pars
886 4396 963 4447 11.
989 4396 1160 4447 Cam
1173 4393 1281 4444 xvi.
1303 4392 1519 4453 Quoestio
1537 4394 1582 4451 7,
1603 4392 1728 4455 Cap.
1901 4391 1937 4420 ¹⁰
1953 4398 2114 4455 potest
2128 4391 2182 4441 in
2205 4391 2292 4442 the
2313 4391 2513 4456 printed
2534 4400 2682 4445 texts.

735 4483 815 4537 31,
834 4477 935 4526 and
960 4474 1108 4523 Det-r.
1132 4472 1261 4521 Pars
1283 4472 1328 4522 I.
1354 4471 1623 4520 Discinctio
1640 4486 1727 4520 ιιι..
1901 4472 1929 4499 ¹¹
1957 4470 2196 4534 Supplied
2249 4470 2381 4521 stom
2418 4471 2552 4522 Bibl.
2589 4472 2714 4536 Reg.
2769 4477 2831 4522 13

744 4556 874 4607 Pars
893 4551 1000 4603 111.
1020 4558 1049 4581 ‘⁴
1073 4552 1136 4603 Sa·
1154 4552 1317 4617 Papa,
1341 4551 1464 4601 etc.'’
1830 4549 1889 4600 E.
1915 4549 1985 4601 ix.
2009 4569 2020 4599 ε
2048 4550 2256 4601 omitted
2277 4549 2333 4599 in
2353 4550 2440 4601 the
2460 4550 2660 4615 printed
2675 4558 2829 4602 texts.

800 4638 816 4665 ⁴
840 4631 1084 4698 Supplied
1138 4631 1267 4683 from
1320 4629 1439 4680 Bibl
1482 4629 1609 4694 Reg.
1669 4635 1727 4679 13
1896 4628 1932 4659 ¹²
1947 4635 2086 4694 patet
2106 4628 2159 4678 in
2182 4628 2268 4678 the
2290 4628 2490 4692 printed
2510 4636 2655 4680 texts.

736 4717 796 4767 E.
822 4715 917 4765 ix.:
944 4711 1150 4765 omitted
1171 4711 1228 4760 in
1247 4710 1334 4763 the
1355 4710 1553 4775 printed
1574 4716 1723 4760 texts.
1897 4709 1933 4738 ¹³
1947 4714 2089 4772 patet
2109 4708 2162 4757 in
2179 4707 2264 4758 the
2289 4708 2486 4771 printed
2505 4715 2652 4761 texts.

796 4796 816 4825 ³
834 4809 988 4843 cam
1009 4792 1065 4842 in
1086 4790 1245 4855 01-ng
1277 4791 1346 4853 by
1360 4788 1722 4842 inadvertence.
1894 4788 1930 4818 ¹⁴
1952 4786 2046 4839 See
2069 4785 2201 4837 Note
2221 4792 2253 4837 3
2277 4787 2452 4841 above.
