3300 5617
1073 848 1401 899 msromA
1428 848 1853 901 AnemeANA„
2394 839 2517 902 411

62 1035 159 1087 13,
197 1038 355 1090 Bibl,
422 1024 460 1049 ‘⁶
487 1020 698 1093 upon.'’
774 1022 1138 1092 Sperandum
1164 1030 1256 1080 est
1290 1043 1452 1097 ergo,
1493 1026 1606 1082 etsi
1641 1044 1758 1082 non
1794 1027 1855 1082 in
1890 1027 2187 1097 praesenti,
2227 1025 2291 1080 in
2326 1027 2526 1082 futuro
2552 1031 2693 1084 A.D.
2716 1036 2866 1084 1379.

62 1106 178 1188 {eg-
218 1111 284 1156 13

62 1196 95 1220 a.
123 1186 218 1222 ix.

415 1110 627 1169 tamen,
691 1124 931 1178 precum
990 1126 1229 1163 suarum
1267 1118 1695 1184 consequentur
1742 1112 2030 1177 effectum,
2082 1117 2144 1167 et
2199 1110 2528 1166 inhumani·

415 1191 554 1246 tatis
604 1191 1010 1248 crudelitatem
1059 1212 1233 1265 quam
1290 1188 1677 1252 exercuerunt
1722 1198 1784 1251 in
1832 1197 2114 1268 populum
2150 1196 2525 1251 humiliatum

416 1275 526 1330 sub
561 1274 797 1347 flagello
833 1276 965 1342 Dei,
1003 1284 1169 1350 peste
1193 1279 1473 1336 videlicet
1511 1280 1925 1346 ¹laborantem,
1970 1281 2154 1353 digna
2190 1299 2522 1352 compensa·

415 1361 574 1415 tione
633 1363 1009 1432 persentient.
1109 1363 1293 1419 Lento
1339 1383 1591 1436 namque
1639 1383 1851 1437 gressu
1898 1366 2277 1438 progreditur
2324 1365 2525 1422 divina

416 1445 718 1512 severitas,
757 1445 779 1479 ²
797 1445 952 1518 [sed]
997 1448 1336 1505 tarditatem
1375 1469 1542 1505 suam
1583 1451 1877 1521 gravitate
1916 1458 2269 1523 compensat.

546 1669 607 1735 J
600 1668 901 1737 ohannes
943 1669 1219 1739 Sohalael
1266 1670 1563 1738 libertati
1614 1670 1937 1759 pri-§time
1989 1671 2369 1740 restitutus.

484 1802 705 1858 Eodem
765 1808 1042 1876 tempore,
1108 1805 1631 1861 intercurrentibus
1706 1806 1973 1877 personis
2047 1807 2350 1877 gravibus,
2416 1804 2518 1875 qui
2544 1812 2683 1863 John

413 1887 667 1942 multum
743 1890 817 1944 de
875 1890 1095 1961 injuria
1176 1890 1438 1961 irrogata
1508 1891 1775 1961 personis
1837 1891 2059 1947 dudum
2133 1892 2195 1945 in
2268 1889 2520 1945 eeclesia
2546 1880 2760 1931 Schakel
2786 1881 2829 1932 5⁸

411 1971 1040 2037 Westmonasteriensi‚
1079 1974 1355 2030 videlicet
1389 1973 1645 2029 Roberm
1679 1974 1910 2029 Haulee
1947 1981 2009 2030 ef,
2045 1975 2295 2029 ,Iohanni
2339 1974 2515 2029 Scha-
2544 1949 2763 2064 fgffffd
2785 1956 2838 1999 ‘0

410 2056 526 2121 kel,
553 2059 649 2129 pie
679 2059 957 2131 justeque
994 2059 1318 2124 doluerant,
1359 2059 1591 2115 reddita
1615 2065 1706 2116 est
1727 2078 1840 2131 pax
1877 2066 1937 2116 et
1972 2060 2213 2115 libertas
2267 2059 2517 2114 Jobanni
2544 2096 2608 2130 ΟΠ
2633 2022 2821 2132 0¹3.th

413 2143 682 2209 Sohakel,
748 2164 923 2217 quem
984 2164 1162 2218 supra
1244 2146 1548 2202 docuimus
1610 2148 2003 2203 irreverenter
2061 2152 2386 2202 extractum
2445 2146 2518 2201 de
2543 2148 2843 2199 conditione.

411 2227 614 2283 eadem
651 2230 915 2294 ecclesia,
957 2235 1017 2285 et
1065 2230 1140 2285 ad
1194 2230 1428 2285 Turrim
1481 2229 1914 2287 Londoniarum
1948 2236 2221 2295 tractum,
2273 2230 2516 2285 ibidem-

412 2330 524 2384 que
559 2316 812 2369 'carceri
847 2315 1259 2386 mancipatum.
1336 2316 1624 2372 Convenit
1672 2316 1965 2387 siquidem
2000 2317 2154 2371 inter
2202 2314 2519 2369 Dominum

415 2396 636 2467 Regem
686 2404 746 2453 ot
805 2399 1053 2470 ‘ipsunn
1110 2399 1169 2453 id
1218 2400 1648 2470 postulantibus
1702 2401 1848 2457 viris
1934 2399 2385 2462 venerabilibus,
2452 2404 2521 2453 ut

411 2479 706 2538 Johannes
772 2482 1019 2538 Schakel
1085 2483 1382 2555 captivum
1431 2503 1621 2550 suum,
1676 2486 1864 2540 filium
1921 2484 2170 2541 Comitis
2217 2483 2291 2538 de
2330 2482 2514 2547 Dena,

410 2566 512 2635 qui
541 2566 666 2635 jam
715 2586 918 2638 nuper,
964 2567 1238 2623 defuncto
1272 2575 1458 2639 patre,
1505 2577 1565 2624 et
1604 2569 1728 2640 ipse
1764 2569 2134 2625 baereditarie
2184 2568 2394 2623 Comes
2436 2568 2518 2621 ef·
2585 2562 2599 2577 ⁹

411 2650 597 2706 sectus
655 2657 763 2716 est,
816 2651 1067 2707 Domino
1106 2652 1260 2723 Regi
1313 2653 1676 2724 publicaret;
1742 2653 1999 2709 nondum
2051 2653 2207 2708 enim
2257 2652 2519 2708 sciebant

411 2735 542 2805 quis
582 2741 685 2791 aut
723 2737 913 2807 qualis
976 2742 1148 2802 esset,
1209 2736 1306 2792 vel
1377 2738 1477 2792 ubi
1543 2756 1766 2793 moram
1809 2743 2066 2793 traxerat
2110 2738 2196 2792 ita
2241 2737 2362 2791 diu.
2440 2736 2519 2791 Et

408 2825 693 2889 praeterea
733 2820 1064 2875 ordinatum
1107 2826 1215 2883 est,
1257 2826 1327 2875 ut
1350 2820 1637 2877 Dominus
1664 2822 1790 2876 Rex
1826 2821 1994 2877 daret
2017 2821 2206 2875 eidem
2233 2820 2509 2885 Johanni,

408 2920 513 2973 pro
550 2906 914 2975 possessione
972 2905 1240 2976 praedicti
1297 2906 1534 2976 captivi,
1576 2912 1767 2961 terras
1824 2906 1901 2961 ad
1953 2905 2212 2960 valorem
2278 2910 2513 2959 centum

407 3005 735 3043 marcarum
773 3007 879 3060 per
920 3007 1155 3053 annum,
1197 2996 1258 3043 et
1304 2989 1368 3042 in
1413 2990 1665 3061 pecunia
1715 2989 2070 3061 quingentas
2117 3006 2385 3054 marcas;
2453 2995 2513 3042 et

409 3071 563 3143 quod
600 3072 885 3127 Dominus
927 3072 1053 3126 Rex
1094 3072 1166 3126 de
1199 3073 1366 3128 bonis
1415 3073 1598 3143 regiis
1647 3073 1923 3128 fundaret
1968 3090 2145 3127 unam
2192 3072 2511 3127 cantariam

406 3173 513 3227 pro
561 3157 864 3212 animabus
912 3174 1114 3210 eorum
1173 3175 1318 3228 quos
1385 3156 1512 3228 ejus
1560 3157 1818 3213 ministri
1880 3157 1942 3212 in
2002 3155 2252 3212 ecclesia
2308 3173 2511 3227 supra-

407 3239 564 3294 dicta
623 3246 1008 3312 peremerant,
1073 3240 1145 3294 do
1196 3241 1454 3311 quinque
1529 3240 1949 3303 sacerdotibus,
2002 3239 2301 3311 perpetuis
2364 3246 2509 3295 tem-

404 3324 643 3395 poribus
720 3325 1075 3379 duraturam.
1175 3325 1454 3380 Firmatis
1512 3325 1642 3380 istis
1692 3325 2138 3389 conditionibus,
2179 3324 2331 3395 Regi
2380 3343 2512 3395 eap-

405 3409 562 3463 tivus
649 3408 933 3473 redditur,
1027 3414 1088 3464 et
1158 3409 1195 3463 J
1200 3409 1452 3464 ohannes
1542 3409 1791 3465 Sohakel
1878 3408 2140 3481 pristinae
2228 3407 2505 3463 libertati.

407 3493 444 3547 J
449 3511 620 3549 ussus
716 3500 912 3549 autem
1021 3493 1292 3548 exhibere
1364 3493 1684 3564 captivum,
1776 3493 2001 3549 eunctis
2062 3492 2505 3557 admirantibus,
2539 3493 2778 3557 Singular

406 3580 739 3634 ministrum
781 3597 952 3635 suum
989 3579 1220 3642 obtulit,
1274 3579 1375 3650 qui
1419 3578 1475 3633 ei
1516 3579 1784 3635 astiterat
1817 3584 1878 3634 et
1924 3596 2085 3632 more
2127 3576 2341 3632 valeoti
2391 3595 2510 3631 ser·
2535 3559 2730 3626 fidem?

405 3664 594 3718 vierat
640 3664 700 3718 in
758 3664 914 3717 omni
976 3662 1353 3718 tribulatione
1402 3681 1526 3727 sua,
1573 3669 1634 3716 et
1681 3668 1814 3717 ante
1863 3662 2326 3733 persecutionem
2378 3679 2508 3732 quae
2535 3626 2803 3758 ἓξὲξ-ΒΥ

406 3747 518 3802 sibi
568 3747 734 3803 illata
781 3748 974 3802 fuerat
1020 3748 1082 3801 in
1129 3764 1382 3813 carcere,
1434 3752 1496 3801 et
1542 3753 1708 3801 extra
1754 3763 2082 3811 carcerem;
2140 3752 2202 3801 et
2237 3745 2324 3800 ita
2367 3744 2506 3799 fide·
2534 3776 2697 3824 gouer,
2721 3762 2806 3813 the

405 3832 540 3888 liter
589 3833 704 3888 sibi
763 3832 1109 3897 adhaeserat,
1180 3836 1248 3886 ut
1286 3849 1402 3886 non
1455 3830 1746 3902 potuisset
1792 3831 2075 3901 agnosci3
2116 3830 2201 3885 ita
2246 3829 2507 3901 impense
2537 3828 2705 3906 Count
2725 3829 2787 3879 de

403 3917 856 3980 ministraverat,
899 3921 967 3971 ut
1001 3916 1198 3987 putari
1240 3915 1631 3971 conductitius
1666 3934 1807 3971 suus
1845 3915 2101 3970 famulus
2147 3913 2359 3969 merito
2407 3930 2506 3985 po-
2534 3893 2718 3947 Deum·

403 4002 630 4056 tuisset.
707 4001 853 4055 Erat
898 4018 1135 4056 cernere
1184 4000 1337 4055 inter
1374 3998 1600 4070 Anglos
1638 3999 1861 4055 ibidem
1902 3999 2301 4054 confusionem
2342 4016 2503 4069 mag-

402 4104 534 4140 nam
596 4090 657 4140 et
714 4084 1131 4140 verecundiam
1198 4083 1270 4139 de
1317 4090 1482 4139 tanta
1542 4084 1659 4139 viri
1716 4084 1850 4147 fide,
1903 4082 2044 4138 dum
2093 4083 2343 4154 quisque
2390 4101 2506 4137 non

402 4170 640 4225 haberet
687 4170 748 4224 in
791 4187 1019 4224 summa
1057 4167 1500 4239 tranquillitate,
1545 4167 1701 4238 quod
1744 4169 1938 4239 ipsum
1974 4168 2035 4221 in
2084 4168 2336 4222 maxima
2376 4185 2504 4239 per-

402 4255 728 4311 turbatione
795 4262 855 4310 et
893 4254 1060 4324 regni
1111 4254 1291 4308 totius
1347 4253 1732 4309 commotione
1773 4251 2050 4307 habuisse
2105 4252 2499 4322 conspicerem

1025 4425 1134 4432 —
2064 4421 2111 4426 —
2156 4421 2443 4428 —q—m-

467 4543 480 4573 ¹
506 4541 754 4593 laborante
775 4540 830 4589 in
852 4539 940 4590 the
960 4537 1164 4603 printed
1186 4543 1336 4588 texts.
1563 4536 1582 4564 ³
1604 4548 1799 4584 carcere
1820 4530 1875 4582 in
1898 4531 1985 4584 the
2005 4531 2207 4597 printed
2228 4540 2377 4585 texts.

463 4628 483 4655 2
507 4622 747 4687 Supplied
789 4620 919 4670 stom
961 4618 1102 4669 Bibl.
1147 4618 1277 4683 Reg.
1335 4621 1394 4666 13
1564 4617 1584 4645 ⁴
1606 4617 1778 4681 ι’ραιηι,
1816 4613 2229 4679 dependentibus
2290 4615 2348 4666 in
2415 4615 2500 4667 the

401 4704 457 4754 E.
482 4703 580 4754 ix.:
623 4701 710 4751 sed
730 4699 1007 4750 tarditatem
1041 4701 1130 4748 ἕνα·
1155 4697 1397 4763 yravitate
1497 4695 1699 4760 printed
1721 4701 1870 4745 texts.

392 4799 549 4848 poenoe
561 4787 848 4846 compensat,
863 4779 917 4828 in
933 4779 1018 4828 the
1035 4779 1233 4843 printed
1247 4784 1395 4827 texts.
