3300 5617
1083 832 1409 885 Emona
1437 832 1855 885 mumolum
2444 824 2527 886 41

437 1021 477 1046 “
512 1018 845 1091 recipiendo
893 1018 1077 1074 libere
1143 1020 1445 1090 prtefatam
1509 1018 1819 1076 Dominam
1882 1018 2298 1090 Margaretam,
2353 1019 2532 1075 filiam
2558 1039 2866 1092 A.D.1202.

436 1106 476 1131 ‘⁸
511 1110 787 1167 nostram,
850 1103 913 1158 in
973 1102 1281 1158 Dominam
1340 1110 1402 1159 et
1458 1104 1746 1176 Reginam
1805 1104 1975 1175 regni
2038 1103 2267 1168 Scotioe,
2320 1121 2428 1159 nec
2480 1105 2536 1159 ei

436 1190 474 1215 “
513 1186 828 1244 obediendo
867 1188 929 1243 in
967 1187 1181 1259 aliquo.
1274 1187 1354 1243 Et
1399 1186 1475 1242 ad
1522 1186 1836 1260 petendum
1890 1186 2356 1259 supplementum
2411 1205 2538 1261 sep-

434 1274 475 1299 “
511 1273 908 1343 tingentarum
964 1289 1312 1336 marcarum,
1400 1290 1544 1344 quas
1621 1271 1836 1327 habere
1907 1270 2184 1327 debemus
2256 1289 2293 1327 a
2354 1289 2536 1343 regno

435 1359 475 1383 ‘⁴
516 1355 746 1420 Scotiae,
774 1356 1072 1411 occasione
1107 1355 1261 1411 dotis
1298 1354 1562 1411 Dominae
1597 1354 1969 1426 Margaretae,
1998 1355 2138 1410 olim
2161 1355 2299 1411 filiae
2322 1363 2536 1412 nostros

438 1443 476 1468 ‘⁴
514 1446 576 1496 et
614 1441 813 1495 uxoris
863 1439 1049 1510 Regis
1095 1439 1306 1495 Scotiae
1357 1438 1657 1511 praedicti3
1697 1457 1832 1494 cum
1887 1440 2112 1495 fructus
2172 1445 2233 1495 et
2271 1439 2536 1496 redditus

434 1527 476 1551 ⁴‘
514 1530 803 1580 terrarum
837 1523 1004 1579 nobis
1030 1522 1349 1595 ¹assignati
1385 1541 1491 1596 pro
1526 1524 1912 1595 septingentis
1947 1525 2161 1580 marcis
2196 1526 2422 1591 annuis,
2463 1525 2541 1580 ad

439 1612 477 1635 ‘⁶
518 1609 966 1680 quingentarum
1002 1625 1331 1662 marcarum
1368 1624 1658 1662 summam
1692 1624 1808 1661 non
1842 1609 2172 1664 ascendant.
2249 1609 2421 1674 Item,
2462 1608 2538 1664 ad

440 1696 478 1720 ‘⁸
515 1692 805 1764 agendum
841 1699 902 1747 et
946 1690 1390 1757 defendendum,
1441 1691 1790 1747 lucrandum
1825 1698 1886 1748 et
1923 1692 2302 1765 perdendum,
2342 1711 2538 1749 coram

439 1780 478 1805 ‘⁸
514 1778 756 1849 praefato
778 1776 1070 1847 Principe,
1111 1775 1361 1831 Domino
1396 1774 1702 1841 EdwardO,
1744 1775 1908 1848 Rege
1943 1776 2198 1848 Anglioe,
2238 1778 2537 1849 superiore

439 1864 477 1889 ‘⁴
515 1861 747 1917 domino
769 1862 938 1932 regni
959 1861 1189 1926 Scotiae‚
1211 1860 1408 1916 debita
1424 1859 1941 1932 quomodocunque
1957 1867 2017 1916 et
2035 1861 2535 1933 qualitercunque,

440 1949 477 1972 “
514 1951 576 2000 et
633 1963 704 2000 ex
763 1961 1107 2016 quacunque
1166 1961 1345 1999 causa
1387 1942 1483 1998 vel
1532 1943 1744 2007 causis,
1799 1941 1967 1999 nobis
2005 1942 2342 2009 debeantur,
2396 1950 2459 2000 et
2505 1963 2542 2000 a

440 2033 478 2056 ‘⁸
513 2028 954 2101 quibuscunque
994 2027 1277 2101 personis,
1329 2027 1474 2091 loco,
1526 2026 1622 2081 vel
1658 2025 2058 2092 universitate,
2099 2033 2161 2083 et
2196 2045 2539 2099 quocunque

436 2115 473 2140 ‘⁴
510 2114 740 2168 nomine
775 2112 881 2168 illa
923 2112 1065 2183 jura
1115 2116 1490 2175 censeantur3
1544 2115 1606 2164 et
1653 2108 1729 2164 ad
1779 2110 1975 2164 omnia
2025 2109 2143 2165 alia
2193 2117 2254 2167 et
2306 2111 2542 2183 singula

434 2199 472 2223 ‘⁸
508 2195 787 2261 facienda,
828 2214 959 2268 quae
993 2195 1121 2251 veri
1156 2201 1217 2251 et
1252 2194 1506 2266 legitimi
1552 2193 1828 2249 attornati
1865 2210 1968 2249 seu
2003 2202 2425 2265 procuratores,
2479 2201 2541 2251 et

436 2282 473 2307 “
493 2281 726 2350 nuncii,
753 2281 944 2335 facere
968 2284 1204 2351 possent
1230 2279 1294 2334 in
1326 2278 1668 2350 praemissis,
1709 2282 1770 2332 et
1805 2277 2053 2348 quilibet
2080 2278 2532 2350 praemissorum,

436 2367 474 2391 ‘⁶
512 2364 563 2419 si
597 2363 935 2419 mandatum
970 2364 1147 2418 etiam
1183 2362 1485 2434 exegerint
1520 2360 1790 2433 speciale,
1831 2367 1892 2417 et
1928 2378 2058 2433 quoe
2092 2369 2322 2418 nosmet
2345 2363 2535 2419 facere

436 2451 473 2474 ‘⁴
510 2464 831 2519 possemus,
860 2448 912 2503 si
935 2454 1252 2519 praesentes
1277 2463 1571 2511 essemus3
1610 2445 2016 2517 promittentes
2042 2445 2150 2499 sub
2169 2444 2191 2476 ²
2211 2446 2538 2518 hypotheca

436 2534 474 2558 ‘⁴
513 2538 573 2586 et
605 2531 957 2603 obligatione
993 2531 1252 2586 omnium
1291 2529 1573 2585 bonorum
1622 2533 1972 2595 nostrorum,
2029 2535 2265 2602 pactum
2297 2531 2535 2585 firmum

434 2618 474 2643 ‘⁸
512 2621 572 2671 et
605 2621 840 2687 gratum
889 2614 1104 2670 habere
1140 2620 1202 2669 et
1234 2619 1432 2669 tenere
1473 2618 1773 2685 perpetuo,
1838 2617 1900 2667 et
1966 2631 2083 2668 non
2137 2615 2536 2670 contravenire

436 2703 474 2728 “
511 2699 707 2772 aliquo
744 2699 982 2771 ingenio
1016 2698 1112 2756 vel
1146 2697 1338 2762 mode,
1388 2695 1671 2769 quicquid
1717 2714 1824 2768 per
1869 2697 2178 2768 praedictos
2217 2704 2535 2754 attornatos

436 2787 475 2812 ‘⁸
513 2802 617 2840 seu
663 2790 1068 2856 procuratores
1116 2788 1366 2847 nostros,
1425 2780 1528 2837 vel
1580 2780 1727 2836 duos
1777 2779 1985 2837 saltem
2039 2799 2111 2836 ex
2167 2783 2273 2848 eis,
2336 2789 2535 2838 actum

437 2873 475 2897 ‘⁶
511 2869 605 2926 vel
675 2875 1050 2941 procuratum
1119 2867 1302 2923 fuerit
1356 2867 1420 2922 in
1476 2866 1819 2938 praemissis,
1893 2865 1992 2922 vel
2049 2866 2311 2936 quolibet
2389 2885 2536 2939 proe-

437 2956 475 2980 ‘⁴
512 2953 841 3009 missorum.
916 2951 1071 3008 Data
1102 2950 1498 3022 Tonsborgioe,
1538 2968 1687 3006 anno
1720 2949 1979 3014 Domini,
2018 2956 2151 3016 etc„
2179 2969 2327 3007 anno
2361 2952 2534 3023 regni

438 3038 477 3064 ‘⁸
511 3038 695 3092 nostri
732 3034 1151 3092 tertiodecimo.
1260 3034 1336 3089 In
1369 3034 1539 3107 cujus
1573 3034 1664 3089 rei
1704 3033 2120 3100 testimonium,
2160 3034 2266 3090 has
2305 3034 2534 3091 litteras

439 3122 478 3146 ‘⁴
514 3119 640 3175 fieri
666 3120 935 3186 fecimus,
975 3125 1036 3175 et
1055 3119 1243 3175 nostri
1268 3119 1456 3190 sigilli
1479 3117 1800 3173 munimine
1823 3116 2143 3173 roborariss’

764 3312 961 3396 Quod
1005 3310 1153 3380 dies
1196 3309 1403 3380 datus
1447 3315 1538 3377 est
1580 3307 1755 3396 Reyi
1798 3307 2199 3395 Norwayioe.

505 3451 880 3530 Requisitum
929 3459 1046 3514 fuit
1085 3456 1158 3513 de
1206 3455 1430 3512 eisdem
1476 3455 1802 3521 attornatis,
1856 3453 2000 3526 quid
2052 3454 2241 3512 voluit
2300 3456 2531 3524 addere,
2558 3471 2612 3522 A
2637 3474 2735 3539 ‘1⁸5

436 3540 714 3605 minuere,
742 3540 838 3597 vel
861 3546 1107 3606 mutare,
1137 3546 1198 3596 et
1221 3539 1378 3612 quod
1399 3539 1463 3595 in
1484 3539 1765 3611 petitione
1790 3556 1899 3595 sua
1920 3538 2110 3594 danda
2132 3539 2535 3598 declararent?
2558 3538 2710 3605 given
2735 3548 2788 3591 to

438 3623 549 3693 Qui
608 3624 827 3690 dicunt,
881 3624 1037 3697 quod
1080 3625 1288 3681 nolunt
1333 3622 1648 3690 declarare,
1701 3629 2014 3694 antequam
2059 3622 2374 3681 habuerint
2419 3626 2534 3682 col·
2557 3605 2643 3656 ‘he
2659 3623 2853 3686 ‘'mmfl

438 3709 696 3781 loquium
748 3728 884 3766 cum
929 3709 1087 3765 dicto
1136 3708 1386 3765 Domino
1432 3708 1599 3780 Rege
1645 3706 1899 3779 Angliae,
1955 3709 2243 3780 superiori
2302 3708 2534 3765 domino
2558 3672 2869 3805 3ξὲἓέἒέ

437 3794 603 3864 regni
656 3792 901 3861 Scotiae3
953 3813 1061 3850 nec
1097 3792 1325 3865 aliquid
1360 3791 1522 3848 aliud
1562 3807 1883 3864 proponere
1917 3792 2014 3847 vel
2050 3792 2243 3848 dicere
2281 3811 2351 3849 ea
2383 3794 2531 3849 vice.

437 3876 515 3933 Et
546 3877 673 3933 hoec
707 3878 1017 3950 requisitio
1053 3879 1170 3934 fuit
1216 3878 1392 3942 facta,
1445 3877 1588 3947 quia
1628 3876 1776 3931 alias
1815 3877 1877 3930 in
1916 3877 2196 3948 petitione
2237 3895 2361 3943 sua,
2406 3894 2536 3949 quae

436 3977 631 4016 coram
680 3962 826 4033 ipsis
874 3962 991 4017 fuit
1034 3961 1254 4017 ibidem
1300 3961 1473 4027 lecta,
1523 3960 1851 4015 reservavit
1896 3960 2009 4015 sibi
2057 3960 2402 4016 beneficium
2438 3961 2537 4016 ad-

437 4043 629 4111 dendi,
678 4045 997 4110 minuendi,
1051 4050 1112 4101 et
1157 4043 1456 4110 mutandi;
1505 4047 1682 4115 prout
1727 4042 1956 4114 plenius
1994 4061 2063 4098 ex
2100 4049 2298 4100 tenore
2349 4046 2536 4116 ipsius

436 4128 732 4200 petitionis
768 4134 1027 4200 apparet.
1102 4128 1182 4184 Et
1228 4128 1401 4183 datus
1438 4133 1530 4183 est
1563 4127 1650 4182 eis
1687 4125 1813 4181 dies
1850 4144 2037 4197 usque
2074 4126 2149 4182 ad
2184 4128 2341 4184 diem
2377 4129 2536 4185 Mer·

437 4212 586 4267 curii
621 4212 951 4282 proximum
985 4219 1345 4284 sequentem,
1386 4210 1460 4266 ad
1510 4209 1866 4266 audiendum
1901 4211 2264 4268 voluntatem
2300 4211 2537 4271 Domini

505 4379 737 4444 Postea,
789 4378 883 4436 die
943 4379 1223 4436 Mercurii
1281 4378 1543 4452 proximo
1594 4384 1732 4450 post
1777 4378 1996 4434 festum
2051 4379 2219 4436 Beati
2271 4379 2534 4447 Martini,

439 4470 724 4520 venerunt
770 4464 1036 4536 praedicti
1086 4465 1362 4521 attornati
1407 4463 1593 4535 Regis
1640 4462 1975 4534 Norwagioe
2034 4482 2228 4521 coram
2280 4464 2540 4522 Consilio

510 4733 794 4802 'assignari
824 4735 883 4786 in
920 4735 1063 4804 orig„
1095 4734 1337 4802 assignati
1372 4731 1427 4784 in
1600 4746 1836 4816 ²ypooeca
1858 4746 1914 4798 in
1936 4747 2061 4816 orig.

448 4815 535 4866 the
553 4815 756 4882 printed
777 4823 926 4868 texts.
