3300 5617
1051 763 1380 816 msa-oms
1422 762 1831 814 memma
2368 748 2495 813 233

70 970 188 1023 us,
212 970 363 1022 Harl,
413 957 451 985 “
490 961 505 992 ¹
522 952 699 1011 etiam
733 950 917 1009 vestri
965 950 1228 1007 absentia
1261 950 1387 1006 sive
1436 949 1800 1014 famulatum,
1838 946 2041 1003 villam
2076 947 2498 1004 'romanensem
2521 961 2661 1014 Am,
2683 967 2804 1013 1341
2830 1002 2842 1014 ,

71 1043 189 1089 6⁵⁵·
216 1103 231 1116 .
414 1042 452 1068 “
490 1038 636 1095 alios
660 1053 882 1093 necnon
902 1035 1149 1091 honores
1187 1033 1663 1106 quamplurimos,
1697 1033 1962 1089 amisisse
1995 1050 2101 1087 nos
2137 1037 2406 1087 asserunt
2440 1038 2501 1088 et

73 1104 354 1169 Hmmssb·
414 1125 453 1153 “
492 1124 813 1194 imponunt,
851 1120 1068 1184 velitis,
1121 1118 1388 1184 Domine,
1444 1119 1495 1174 si
1544 1119 1790 1191 placeat,
1843 1117 2133 1189 praelatos,
2172 1121 2495 1187 magnates,

70 1171 201 1221 He*
414 1210 453 1236 ‘⁸
489 1212 780 1276 terroeque
813 1203 1057 1266 nobiles,
1097 1202 1199 1257 ubi
1246 1219 1381 1257 cum
1415 1202 1674 1274 praelatis
1711 1218 1912 1257 secure
1948 1199 2254 1255 convenire
2289 1199 2502 1271 poteri·

415 1292 455 1319 “
490 1306 644 1354 mus,
680 1287 810 1343 loco
845 1286 1196 1359 competenti
1233 1302 1610 1357 congregare,
1650 1289 1711 1340 et
1743 1284 1807 1339 in
1843 1300 2091 1355 quorum
2125 1282 2392 1338 manibus
2428 1282 2503 1337 ab

414 1375 454 1402 “
490 1370 663 1428 initio
715 1386 945 1442 guerroe
978 1375 1210 1434 vestrae,
1248 1368 1416 1434 lanas,
1455 1367 1699 1432 denarii,
1739 1374 1800 1422 et
1847 1367 1963 1422 alia
2014 1383 2276 1439 quoeque,
2315 1382 2503 1436 usque

414 1459 454 1486 “
491 1456 557 1511 in
591 1453 938 1511 hodiernum
980 1452 1136 1508 diem
1178 1450 1345 1508 vobis
1384 1468 1674 1516 concessa,
1720 1451 2092 1517 devenerunt,
2134 1450 2502 1522 qualiterque

413 1542 454 1569 “
491 1539 824 1595 ministrata
885 1537 1141 1602 fuerunt,
1203 1552 1310 1608 per
1374 1552 1737 1606 quorumque
1784 1534 2076 1591 defectum
2123 1534 2503 1591 Tornacensis

414 1626 454 1652 “
492 1623 700 1680 civitas
739 1638 856 1678 non
898 1619 1155 1685 subacta,
1202 1620 1306 1675 sed
1345 1619 1543 1675 taliter
1584 1620 1857 1675 extiterat
1888 1615 2147 1684 dimissa,
2189 1619 2504 1691 diligenter

416 1709 456 1736 “
493 1706 809 1777 inquirere,
851 1710 928 1771 et,
954 1703 1122 1760 velut
1156 1702 1424 1758 dominus
1450 1719 1653 1773 aequus
1678 1707 1739 1757 et
1753 1701 1970 1774 justus,
2000 1702 2316 1758 secuudum
2340 1702 2503 1774 leges

415 1793 456 1819 ‘⁸
493 1795 685 1854 terrae,
738 1794 914 1861 prout
964 1787 1252 1844 demerita
1300 1786 1619 1859 exegerint,
1674 1785 1993 1857 culpabiles
2043 1786 2351 1858 castigare.
2425 1787 2507 1842 Et

415 1876 456 1903 “
496 1879 779 1945 quantum
830 1889 936 1929 nos
998 1872 1226 1936 attinet,
1281 1870 1507 1943 judicio
1565 1870 1794 1942 parium
1864 1874 2212 1935 nostrorum,
2278 1869 2504 1926 Sauctoe

414 1959 454 1985 “
491 1955 772 2012 Ecclesiae
808 1960 965 2011 statu
1003 1973 1072 2011 ac
1108 1954 1310 2011 ordine
1347 1959 1565 2018 nostro,
1592 1954 1738 2009 alias
1777 1953 1931 2010 sicut
1964 1971 2117 2025 saepe
2141 1954 2502 2025 scripsimus,

415 2043 455 2069 “
493 2057 725 2113 semper
763 2040 962 2106 salvis,
1005 2039 1071 2095 in
1106 2038 1375 2094 omnibus
1408 2055 1514 2096 nos
1539 2037 1883 2093 submittere
1905 2038 2095 2110 parati
2119 2055 2339 2093 sumus.
2416 2036 2505 2092 De

413 2127 453 2152 “
490 2123 658 2180 nobis
705 2124 923 2195 itaque,
972 2139 1081 2179 nec
1127 2122 1260 2179 aliis
1324 2128 1499 2178 terras
1559 2126 1772 2177 vestrae
1818 2119 1841 2153 ²
1857 2120 2126 2177 fidelibus
2173 2139 2240 2177 ac
2285 2121 2504 2193 probis,

411 2210 451 2236 ‘⁸
487 2209 833 2281 priusquam
893 2206 1145 2262 veritas‘¹
1174 2211 1578 2278 cognoscatur,
1629 2205 1747 2260 nisi
1794 2205 2010 2260 bonum
2057 2205 2314 2269 credere,
2364 2206 2385 2237 ⁸
2399 2222 2508 2261 nec

413 2295 452 2320 ‘⁶
490 2291 838 2363 cujusquam
861 2289 1034 2346 dictis
1059 2289 1234 2345 fidem
1257 2288 1550 2355 adhibere,
1576 2288 1793 2344 velitis.
1871 2287 1937 2345 Si
1962 2288 2117 2343 enim
2152 2293 2358 2359 gentes
2383 2289 2508 2344 sine

413 2377 453 2404 “
490 2391 787 2446 respons0‚
829 2373 1079 2429 veritate
1101 2372 1244 2428 ‘nec
1267 2372 1488 2444 agnita,
1533 2372 1866 2443 puniantur,
1909 2372 1981 2427 de
2016 2371 2185 2428 bonis
2221 2377 2282 2427 et
2315 2371 2506 2437 malis,

413 2460 453 2486 “
489 2457 608 2513 reis
649 2463 711 2513 et
746 2456 1091 2522 insontibus,
1137 2473 1319 2510 unum
1352 2454 1644 2528 judicium
1681 2455 1833 2510 foret
1869 2460 1929 2509 et
1966 2454 2139 2510 idem.
2230 2454 2508 2512 Inimicos

415 2543 454 2569 “
490 2540 511 2573 ⁸
528 2540 771 2612 insuper
812 2538 1022 2595 Gallioe
1064 2544 1124 2594 et
1166 2537 1378 2594 Scotiae
1421 2538 1564 2593 adeo
1610 2538 1790 2594 fortes
1839 2539 2117 2594 attentius
2165 2545 2509 2610 matureque

416 2625 455 2651 “
493 2623 863 2678 considerare
887 2621 1141 2687 curetis;
1169 2621 1395 2677 sienim
1411 2621 1660 2693 praelati,
1688 2628 2011 2693 magnates,
2040 2640 2107 2678 ac
2129 2624 2312 2679 totius
2336 2627 2509 2677 terroe

415 2709 454 2734 ‘⁸
492 2711 704 2762 vestrm
743 2705 1053 2778 sapientes,
1099 2704 1194 2759 die
1235 2705 1553 2776 ⁶nocteque
1601 2706 1727 2760 sine
1766 2706 2051 2762 divisione
2096 2705 2239 2762 ⁷seu
2287 2707 2508 2778 discep-

416 2791 456 2817 “
495 2789 731 2854 tatione,
783 2806 902 2843 una
946 2788 1247 2844 voluntate
1301 2788 1493 2845 forent
1540 2806 1799 2860 congrua
1845 2794 1906 2844 et
1951 2807 2212 2854 assensu,
2271 2791 2510 2861 negotia

417 2875 455 2900 “
492 2877 707 2937 vestra,
753 2889 935 2943 supra
980 2871 1219 2927 modum
1266 2871 1465 2936 ardua,
1494 2871 1745 2927 discrete
1781 2889 1850 2928 ac
1893 2872 2311 2944 circumspecte
2353 2872 2506 2928 ordi-

417 2958 456 2983 “
493 2955 688 3021 nandi,
740 2972 1016 3027 guerram
1062 2960 1320 3011 vestram
1372 2955 1497 3026 jam
1544 2956 1854 3027 inceptam,
1921 2956 2200 3011 honorem
2245 2963 2508 3013 vestrum

418 3042 456 3066 ‘⁶
493 3045 785 3110 terrasque
873 3038 1255 3095 salvationem
1318 3039 1718 3104 conservandi,
1785 3039 1928 3096 satis
1987 3039 2281 3096 modicum
2343 3041 2367 3073 ⁸
2384 3041 2508 3096 fore

415 3123 455 3149 ⁰⁴
492 3121 808 3178 videretur.
899 3121 959 3177 N
961 3139 1028 3177 ec
1082 3121 1248 3177 vobis
1296 3121 1622 3193 displiceat,
1672 3121 1922 3177 Domine
1968 3125 2302 3189 reverende,
2355 3124 2511 3195 quod

417 3206 458 3232 “
493 3205 804 3260 veritatem
848 3204 1011 3260 vobis
1056 3203 1403 3276 simpliciter
1445 3204 1529 3260 sic
1566 3204 1856 3261 mittimus
1882 3211 1941 3261 et
1964 3224 2188 3277 grosse.
2261 3206 2510 3263 Affectio

417 3288 455 3316 “
493 3286 515 3319 ⁹
532 3287 686 3342 enim
710 3304 924 3358 magna
948 3304 1123 3359 quam
1160 3304 1305 3358 erga
1336 3305 1442 3344 vos
1464 3287 1766 3353 habemus,
1805 3290 2134 3356 habuimus,
2176 3296 2237 3347 et
2260 3307 2506 3363 semper,

416 3371 455 3397 “
494 3368 619 3425 Deo
644 3376 898 3434 auctore,
926 3370 1288 3435 habebimus,
1315 3370 1550 3426 honoris
1580 3372 1765 3427 vestri
1807 3389 1875 3427 ac
1914 3378 2090 3428 terrse
2127 3375 2506 3439 conservatio,

416 3454 455 3481 “
492 3458 570 3518 et,
599 3470 932 3524 quanquam
969 3452 1219 3523 indigni,
1246 3453 1478 3509 Primas
1501 3460 1696 3509 tamen
1721 3456 1901 3511 totius
1926 3456 2160 3529 Angliae
2184 3457 2507 3524 existimus,

417 3537 455 3564 ‘⁴
492 3542 554 3592 et
590 3542 758 3608 pater
796 3542 995 3592 vester
1034 3537 1378 3608 spiritualis,
1428 3538 1681 3594 excitare
1721 3557 1827 3595 vos
1868 3540 2207 3606 dinoscitur,
2251 3542 2513 3613 pericula

418 3622 456 3648 ‘⁸
494 3620 704 3676 animae
726 3626 939 3677 vestrae
973 3638 1040 3676 ac
1076 3625 1265 3676 status
1303 3622 1722 3678 detrimentum
1762 3622 1803 3655 ¹⁰
1819 3623 2187 3691 denunciare,
2214 3626 2507 3692 mandare,

417 3705 456 3730 ‘⁸
494 3721 562 3759 ac
625 3704 977 3776 praemunire
1043 3722 1177 3760 cum
1242 3705 1470 3761 effectu.
1573 3705 1830 3777 Spiritus
1900 3707 2165 3773 Sanctus,
2241 3709 2505 3775 Domine,

416 3789 455 3814 ‘⁸
492 3804 702 3859 corpus
744 3786 781 3820 ¹¹
796 3795 1061 3844 vestrum
1107 3793 1169 3843 et
1208 3789 1467 3844 animum
1503 3789 1692 3846 salvet
1725 3797 1787 3846 et
1808 3791 2116 3857 custodiat,
2143 3793 2510 3863 gratiamque

416 3872 461 3902 ‘⁶
492 3870 708 3928 bonum
746 3871 1056 3928 consilium
1095 3871 1347 3928 habendi
1384 3878 1446 3929 et
1488 3891 1713 3939 sanum,
1754 3891 1822 3931 ac
1861 3875 2153 3942 credendi,
2205 3876 2509 3933 victoriam

479 4226 493 4257 ¹
520 4224 742 4277 Omitted
762 4226 817 4277 in
840 4227 984 4278 Harl.
1010 4232 1122 4279 655.
1567 4232 1589 4260 ⁸
1610 4229 1857 4298 noctuque,
1879 4235 2025 4287 Harl.
2049 4242 2163 4288 655.

473 4306 496 4336 ²
514 4303 747 4371 hyalihus
767 4322 844 4368 ac,
866 4307 1011 4358 Harl.
1036 4312 1152 4358 655.
1569 4312 1589 4338 ⁷
1611 4308 1783 4376 aliqua
1804 4329 1905 4374 sen,
1927 4314 2070 4364 Harl.
2095 4319 2208 4366 655.

475 4386 495 4414 ⁸
518 4383 595 4435 vel
614 4386 759 4436 etiam
779 4387 1028 4452 crudusque,
1053 4387 1201 4440 Harl.
1226 4396 1342 4443 655.
1567 4389 1740 4453 ’soret
1756 4399 1805 4442 et
1824 4391 1960 4454 exile,
1983 4393 2126 4445 Harl.
2151 4399 2263 4445 655.

479 4464 500 4494 ⁸
520 4479 597 4524 ne,
618 4463 764 4515 Harl.
789 4470 902 4517 655.
1566 4469 1588 4497 ⁰
1607 4469 1855 4533 n'qun’deum
1876 4472 2021 4523 Harl.
2046 4478 2160 4524 655.

477 4544 499 4573 ⁸
519 4541 750 4607 siquidem
788 4553 976 4596 nostroe
1021 4544 1218 4609 Gauioe,
1259 4549 1409 4602 Harl,
1570 4548 1608 4577 ¹⁰
1632 4546 1790 4599 diem
1816 4549 2015 4614 GaHioe,
2036 4553 2183 4604 Harl.
2207 4558 2319 4606 655.

416 4625 528 4676 655.
1572 4627 1606 4660 ¹¹
1631 4628 1853 4683 omitted
1873 4629 1931 4683 in
1953 4631 2096 4683 Harl.
2117 4637 2229 4683 655.
