3300 5617
1100 805 1425 857 ms'roma
1467 805 1880 860 meudina
2415 800 2545 872 247

80 985 207 1038 MS.
234 987 397 1042 Harl.
451 990 491 1016 “
528 990 888 1058 mandamus,
941 1001 1228 1065 quatenus
1275 996 1401 1051 haeo
1459 996 1656 1052 omnia
1699 1003 1763 1053 et
1795 997 2029 1070 singula
2076 999 2422 1072 singillatim
2480 1011 2542 1062 et
2562 1009 2700 1070 An).
2726 1018 2867 1069 1³⁴1.

80 1058 209 1170 {31⁵⁵-
337 1124 384 1175 b·
450 1075 488 1100 ‘⁴
526 1074 701 1141 clare,
764 1076 908 1133 locis
964 1079 1176 1149 quibus
1233 1078 1636 1151 ‘expederitiffi
1689 1081 2001 1153 publicetis
2054 1091 2115 1140 et
2158 1085 2388 1143 faciatis
2432 1105 2540 1160 per

82 1183 223 1238 Ne„
295 1139 333 1190 ⁸
448 1161 487 1185 ‘⁴
524 1158 671 1215 alios
720 1161 1038 1232 publicari;
1100 1165 1260 1235 piam
1305 1165 1684 1220 intentionem
1731 1184 1907 1237 quam
1953 1167 2234 1226 habemus
2281 1170 2358 1225 ad
2403 1172 2537 1227 sub·

82 1254 316 1320 Rymgr,
447 1245 485 1269 “
521 1243 787 1301 ducenda
834 1247 1196 1304 incommoda
1246 1255 1308 1304 et
1355 1249 1746 1319 promovenda
1805 1252 2105 1308 commoda
2151 1254 2534 1322 subditorum,

446 1329 483 1353 “
524 1327 688 1399 ipsis,
722 1331 894 1401 juxta
930 1330 1125 1388 datam
1166 1339 1227 1388 et
1260 1333 1424 1388 vobis
1460 1350 1496 1388 a
1529 1331 1655 1388 Deo
1680 1334 2025 1404 sapientiam
2048 1337 2534 1405 commendantes,

444 1414 482 1438 ‘⁶
521 1420 584 1467 et
616 1413 679 1468 in
713 1414 830 1470 hiis
871 1416 1070 1472 taliter
1108 1434 1212 1473 vos
1249 1416 1526 1473 habentes
1559 1417 1717 1489 quod
1750 1425 2005 1474 vestram
2041 1419 2352 1478 debeamus
2376 1424 2536 1479 solli-

444 1498 483 1523 “
520 1495 841 1554 citudinem
891 1502 1102 1557 merito
1151 1502 1572 1558 commendare.
1662 1502 1836 1557 Teste
1873 1504 2095 1575 meipso
2147 1507 2303 1577 apud
2337 1507 2529 1564 West·

443 1581 481 1608 ‘⁸
518 1584 954 1650 monasterium,
1009 1582 1032 1617 ²
1045 1584 1386 1641 duodecimo
1435 1586 1531 1641 die
1585 1585 1908 1652 Februarii,
1959 1605 2109 1645 anno
2141 1590 2312 1662 regni
2346 1592 2531 1649 nostri

444 1667 482 1692 “
522 1665 1070 1737 quinto-decimo.’']

511 1747 762 1822 Scripsit
797 1751 1158 1819 Lodowious,
1199 1753 1333 1809 Dux
1364 1752 1650 1819 Bavariae,
1690 1770 1940 1825 regnum
1964 1754 2325 1815 Alamannioe
2360 1775 2528 1816 occu·

438 1849 603 1905 pane,
640 1834 969 1907 Anglorum
1004 1837 1158 1908 Regi
1193 1836 1497 1903 EdwardO,
1526 1837 1634 1893 sub
1671 1836 1781 1892 hac
1816 1837 2003 1893 forma
2018 1861 2110 1894 :—

90 1926 209 1977 MS.
235 1927 381 1979 Harl.
516 1922 554 1946 ‘⁴
592 1918 952 1988 luodowicus,
993 1922 1106 1978 Dei
1158 1922 1352 1993 gratia
1400 1922 1794 1977 Romanorum
1831 1921 2075 1993 Imperii
2125 1941 2354 1997 semper
2404 1923 2527 1984 Au·
2553 1945 2800 1999 mos

92 1999 210 2045 6⁵5.
239 2061 253 2074 ·
444 2005 483 2031 “
521 2011 752 2076 gustus,
803 2006 1091 2063 Edwardo
1150 2006 1303 2078 Regi
1353 2005 1734 2077 ’Anglorum,
1795 2006 1990 2075 [fratri
2048 2024 2156 2063 suo
2202 2010 2524 2079 carissimo,
2552 2012 2708 2065 Leuis
2727 2015 2792 2065 ot

90 2060 374 2176 gmssb·
444 2091 482 2117 “
520 2089 772 2147 salutem
819 2097 881 2148 et
932 2092 1203 2147 fratemoe
1255 2091 1584 2146 dilectionis
1650 2090 1940 2145 affectum.
2016 2091 2183 2147 Licet
2227 2093 2532 2151 innumera
2553 2079 2773 2161 &Q

90 2143 305 2259 1333,
327 2195 394 2247 Π
441 2174 480 2199 “
518 2174 880 2246 grandiaque
914 2175 1150 2246 negotia
1194 2175 1410 2230 nostris
1446 2173 1784 2230 incumbant
1826 2174 2107 2240 humeris,
2145 2181 2207 2232 et
2239 2176 2395 2233 circa
2429 2178 2533 2235 illa
2553 2147 2773 2264 tffdeg

92 2276 142 2325 p.
173 2265 319 2314 1166.
439 2258 478 2284 “
516 2258 922 2330 multipliciter
969 2265 1030 2313 et
1074 2258 1307 2315 assidue
1354 2258 1767 2321 distrahamur,
1817 2267 2014 2313 tamen
2059 2276 2195 2313 cum
2241 2259 2532 2318 discordia
2554 2216 2800 2349 10:513ss

437 2343 476 2368 “
515 2341 668 2397 inter
714 2349 773 2398 te
821 2348 883 2399 et
927 2343 1287 2414 Philippum,
1350 2341 1576 2412 Regem
1622 2340 1939 2406 ⁴Francia3,
1989 2340 2220 2397 affinem
2264 2349 2527 2400 nostrum
2553 2345 2634 2398 his
2653 2363 2740 2412 ap-

435 2427 473 2452 “
512 2426 934 2497 praedilectum,
956 2433 1101 2490 orta,
1128 2426 1239 2482 tibi
1263 2433 1323 2482 et
1344 2433 1447 2482 tuo
1469 2443 1654 2497 regno
1679 2425 2115 2496 quamplurium
2149 2444 2527 2498 personarum
2549 2413 2828 2493 P⁰i¹¹²J¹¹0¹¹t

435 2511 474 2535 ‘⁴
513 2516 573 2565 et
623 2528 823 2566 rerum
877 2511 1199 2583 dispendia,
1253 2511 1383 2582 ipsa
1438 2526 1554 2565 non
1606 2509 1825 2574 sedata,
1879 2510 1942 2564 in
1991 2510 2256 2566 futurum
2313 2514 2529 2584 poterit
2550 2480 2869 2600 ”ugzssrffigf

433 2596 485 2634 “1
511 2611 811 2665 generare,
863 2603 925 2651 et
969 2596 1186 2651 nostris
1242 2612 1305 2650 se
1356 2599 1738 2665 repraesentat
1785 2594 2105 2660 obtutibus,
2155 2602 2526 2670 mentemque
2645 2613 2768 2680 pire,

432 2679 470 2703 ‘⁴
510 2683 769 2734 nostram
816 2679 1147 2750 specialiter
1194 2679 1376 2749 angit,
1417 2683 1478 2732 et
1512 2678 1728 2733 excitat
1761 2682 1832 2732 ut
1866 2677 1940 2732 ad
1974 2677 2290 2733 tollendam
2337 2681 2526 2753 ipsam

431 2763 469 2788 “
507 2762 769 2818 studium
796 2769 857 2819 et
884 2779 1119 2835 operam
1145 2767 1359 2818 nostrae
1388 2760 1799 2817 sollicitudinis
1829 2778 2202 2832 apponamus.
2278 2763 2526 2836 Propter

428 2848 466 2872 ‘¹
506 2845 662 2916 quod
696 2851 757 2902 te
793 2847 945 2902 scire
972 2845 1263 2910 volumus,
1296 2843 1453 2915 quod
1486 2845 1768 2916 praefatus
1803 2843 2133 2916 Philippus,
2166 2845 2241 2900 ad
2273 2849 2522 2919 requisi-

426 2931 465 2956 “
504 2930 723 2986 tionem
752 2935 1032 2995 nostram,
1067 2929 1231 2985 dedit
1258 2929 1426 2984 nobis
1456 2929 1579 2984 suis
1612 2928 1828 2984 litteris
1860 2935 2209 3000 potestatem
2234 2932 2524 2988 &notandi

425 3016 465 3040 “
502 3013 661 3074 inter
691 3020 751 3069 te
779 3022 841 3070 et
872 3015 1067 3086 ipsum
1104 3030 1280 3085 super
1315 3013 1608 3069 discordia
1640 3013 1795 3068 inter
1820 3031 1925 3069 vos
1963 3013 2260 3069 suscitata.
2335 3015 2524 3085 Quam

426 3098 465 3123 “
502 3103 564 3154 et
597 3098 708 3154 tibi
744 3105 805 3154 et
838 3103 941 3153 tuo
976 3115 1179 3169 regno,
1217 3098 1476 3170 pensatis
1519 3097 1836 3168 diligenter
1871 3097 2140 3153 omnibus
2177 3099 2519 3156 conditioni-

426 3184 463 3210 “
502 3182 610 3238 bus
658 3182 779 3237 tuis
816 3189 877 3237 et
910 3182 1285 3254 alligatorum
1334 3189 1588 3246 tuorum,
1644 3180 2053 3252 multipliciter
2087 3182 2360 3254 expedire
2397 3201 2521 3241 cre-

424 3268 464 3292 “
500 3265 723 3331 dentes,
796 3266 1070 3323 amicitiae
1128 3271 1247 3321 tuae
1311 3265 1748 3337 persuademus,
1810 3270 1986 3336 teque
2020 3283 2157 3320 cum
2214 3265 2523 3338 diligentia

423 3351 460 3377 ‘⁸
498 3350 818 3415 hortamur,
891 3357 960 3406 ut
1016 3350 1092 3406 ad
1148 3350 1260 3406 hoc
1316 3355 1486 3405 tuum
1555 3365 1858 3405 assensum
1915 3349 2196 3420 praebeas,
2253 3351 2410 3421 quod
2460 3359 2521 3409 te

420 3434 459 3459 “
497 3438 559 3489 et
606 3433 802 3505 ipsum
852 3451 1126 3490 revocare
1174 3432 1465 3505 possimus
1519 3432 1595 3488 ad
1645 3431 2030 3499 concordiam,
2093 3441 2154 3489 et
2204 3433 2358 3490 inter
2415 3453 2520 3492 vos

419 3520 459 3543 “
496 3518 656 3588 pacis
749 3517 970 3573 foedera
1040 3517 1327 3583 ordinare,
1408 3516 1484 3572 ad
1557 3535 1688 3589 quae
1765 3516 1970 3573 libenti
2047 3518 2243 3573 animo
2309 3537 2518 3576 vacare

418 3604 457 3629 “
493 3601 763 3657 volumus
823 3609 883 3657 et
941 3601 1274 3674 impendere
1333 3618 1575 3657 onerosa
1631 3602 2035 3672 prosecutione
2106 3602 2353 3659 labores.
2441 3603 2517 3660 In

418 3689 454 3713 ‘⁴
495 3703 628 3757 quo,
680 3687 733 3742 si
769 3685 1030 3742 consiliis
1076 3686 1293 3743 nostris
1341 3685 1667 3743 consentire
1712 3685 1968 3742 volueris
2016 3691 2078 3742 et
2122 3687 2509 3758 acquiescere,

418 3771 456 3796 ‘⁴
496 3775 563 3826 ut
597 3787 920 3841 speramus,
959 3769 980 3802 ⁸
994 3769 1224 3841 placeat
1258 3775 1320 3826 et
1354 3770 1521 3825 nobis
1557 3770 1679 3826 tuis
1714 3768 1930 3825 litteris
1979 3769 2121 3825 dare
2166 3775 2512 3841 potestatem

418 3855 456 3880 “
493 3854 857 3925 proemissam
903 3854 1191 3910 traottmdi
1238 3854 1624 3919 concordiam,
1670 3859 1731 3910 et
1778 3860 2018 3925 treugas
2054 3854 2131 3910 ad
2163 3872 2380 3910 annum
2414 3855 2509 3911 vel

418 3941 456 3964 ⁶‘
492 3937 793 3994 biennium
838 3938 1162 3994 ordinandi.
1236 3939 1364 3995 Nec
1400 3945 1459 3995 te
1494 3943 1728 3994 moveat
1779 3938 2039 3994 amicitia
2089 3939 2243 3994 inter
2290 3955 2395 3995 nos
2447 3945 2511 3997 et

475 4207 490 4238 ¹
514 4204 737 4270 expedire
758 4201 990 4266 videritis,
1011 4203 1155 4254 Harl.
1175 4208 1288 4255 655.
1502 4203 1586 4253 the
1603 4202 1835 4253 Arundel
1855 4200 1969 4253 ΜΒ.
1994 4221 2009 4261 3
2037 4201 2136 4251 and
2168 4200 2214 4252 is
2246 4199 2366 4254 here
2387 4218 2502 4269 sup-

474 4286 495 4316 ¹
517 4281 644 4334 This
669 4282 784 4332 date
805 4281 851 4332 is
881 4283 1110 4348 supplied
1131 4282 1261 4333 from
1292 4277 1412 4333 ΜΒ.
1499 4281 1636 4346 plied
1690 4282 1821 4331 stom
1876 4279 1961 4332 the
2015 4285 2126 4330 text
2156 4279 2220 4330 of
2253 4279 2498 4348 Heming-

408 4362 551 4414 Harl.
587 4366 684 4412 655
728 4362 828 4411 and
863 4360 949 4412 the
987 4361 1186 4425 printed
1204 4367 1339 4411 texts
1359 4359 1423 4409 of
1495 4358 1662 4425 burgh
1683 4362 1783 4410 and
1805 4358 1917 4410 ΜΒ.
1937 4357 2080 4410 Harl.
2105 4363 2219 4409 655.
2252 4355 2303 4409 1t
2324 4357 2368 4411 is
2388 4361 2496 4413 also

407 4441 775 4506 Walsingham.
822 4440 935 4492 The
946 4455 1076 4506 copy
1093 4442 1147 4489 in
1161 4441 1351 4505 Bymer
1366 4438 1410 4488 is
1492 4438 1690 4504 printed
1724 4438 1779 4487 in
1811 4438 1897 4488 the
1927 4436 2054 4488 Ner
2097 4435 2305 4488 Foederc
2346 4437 2416 4490 11.
2438 4455 2489 4504 p.

408 4520 653 4572 datedtbe
672 4522 791 4573 loth
806 4522 869 4573 of
881 4521 1157 4587 February,
1171 4528 1225 4571 at
1240 4520 1408 4585 Lang-
1496 4523 1636 4578 1166,
1661 4517 1793 4567 stom
1804 4515 1918 4568 ΜΒ.
1936 4516 2135 4568 Cotton.
2162 4515 2312 4570 Otho.
2336 4517 2401 4571 D.
2426 4534 2486 4573 n.

408 4600 486 4652 ele
506 4600 807 4667 (Ianglcy).
1555 4599 1574 4628 ⁴
1594 4595 1912 4656 Francorum,
1935 4596 2079 4648 Harl.
2104 4603 2217 4649 655.

470 4681 490 4709 ³
511 4679 662 4732 After
699 4681 801 4732 this
836 4682 989 4740 word,
1012 4680 1098 4730 the
1124 4677 1407 4742 remaining
1553 4677 1573 4706 ³
1586 4674 1789 4742 placeat
1831 4675 1921 4727 eibi
1974 4673 2111 4728 nobis
2153 4677 2328 4730 litteris
2370 4682 2483 4744 tuis,

407 4759 604 4825 portion
624 4760 687 4812 of
712 4761 797 4812 the
835 4760 1005 4811 Letter
1037 4759 1080 4808 is
1112 4757 1323 4808 omitted
1353 4757 1405 4807 in
1494 4754 1637 4806 Harl.
1665 4759 1776 4806 655.
