3300 5617
529 948 669 999 ΑΛ).
693 914 834 1000 1377.
864 949 902 973 “
938 952 1285 1019 potestatem
1307 945 1655 1016 simpliciter
1677 945 2018 1011 ordinandi;
2057 951 2126 1001 ut
2160 945 2393 1011 Petrae,
2421 951 2436 980 ¹
2461 951 2530 1001 ut
2551 960 2723 1000 omne
2761 956 2947 1015 genus
2969 956 3162 1012 msffi

865 1033 903 1059 ‘⁶
945 1048 1136 1097 enum,
1163 1031 1494 1087 dominetur
1528 1028 1803 1101 ⁹politice
1837 1031 1901 1085 in
1935 1036 2285 1103 perpetuum
2321 1046 2499 1101 euper
2534 1028 2842 1084 mundum.
2969 1026 3074 1102 Beg.
3093 1034 3130 1077 1³

928 1115 982 1171 2.
1026 1118 1064 1143 ‘⁴
1103 1115 1264 1171 Deus
1298 1132 1413 1170 non
1445 1120 1639 1186 potest
1674 1115 1814 1170 dare
1849 1114 2092 1181 homini,
2129 1132 2237 1185 pro
2273 1130 2339 1171 ee
2362 1119 2424 1169 et
2456 1112 2796 1169 haeredibue
2829 1111 2949 1167 auis
2971 1092 3024 1143 E·
3041 1108 3095 1141 ¹²

530 1031 765 1095 Proposi-

529 1097 678 1159 tions‚
708 1114 764 1147 or

529 1165 747 1215 Conclu-

527 1230 681 1291 sions,
696 1232 834 1282 attri-

526 1297 679 1347 buted
698 1306 752 1348 to

528 1364 733 1428 Wyclif.

863 763 995 825 354·

1525 770 1783 822 'mouAE
1828 766 2298 821 wALSINGHAH

863 1202 901 1227 ‘⁶
938 1199 1002 1254 in
1035 1205 1403 1271 perpetuum,
1444 1199 1620 1255 civile
1655 1198 1995 1254 dominium.

927 1285 981 1338 3.
1026 1286 1064 1311 “
1103 1283 1337 1339 Ohartae
1371 1283 1709 1338 humanitus
1745 1283 2072 1341 adinventae
2120 1282 2194 1339 de
2243 1281 2583 1339 haereditate
2617 1280 2790 1339 civili
2825 1292 2950 1351 per-

859 1370 899 1395 “
934 1372 1128 1438 petua,
1167 1373 1303 1423 eunt
1336 1367 1750 1438 impossibiles.

924 1452 979 1506 4.
1023 1454 1062 1480 “
1098 1451 1358 1521 Quilibet
1392 1452 1646 1507 existens
1697 1451 1762 1506 in
1795 1452 1992 1522 gratia
2024 1450 2388 1522 gratificante
2422 1449 2691 1516 finaliter,
2735 1447 2952 1504 nedum

864 1537 901 1562 “
939 1536 1118 1591 habet
1150 1534 1304 1607 ⁸jus‚
1345 1536 1450 1592 sed
1485 1536 1548 1591 in
1582 1552 1647 1591 re
1682 1536 1861 1592 habet
1893 1536 2092 1591 omnia
2124 1535 2275 1592 dona
2309 1534 2441 1591 Dei.

925 1619 980 1675 5.
1023 1622 1063 1648 ‘⁶
1099 1620 1294 1676 Homo
1340 1626 1535 1691 potest
1582 1619 1773 1676 solum
1831 1620 2248 1677 ministratorie
2306 1619 2465 1687 dare,
2520 1630 2642 1675 tam
2693 1615 2950 1674 naturali

862 1706 900 1732 “
938 1703 1060 1759 filio
1095 1703 1117 1736 ⁴
1139 1718 1316 1776 quam
1372 1703 1758 1769 invitationis,
1814 1703 1879 1760 in
1939 1704 2140 1761 schola
2186 1704 2412 1762 christi
2460 1708 2582 1759 tam
2628 1700 2951 1774 tempora-le

863 1789 901 1814 “
937 1787 1265 1844 dominium
1307 1804 1485 1859 quam
1518 1795 1823 1844 ueternum.

928 1872 983 1927 6.
1043 1874 1083 1900 “
1122 1872 1189 1928 Si
1240 1871 1262 1904 ⁵
1280 1871 1461 1939 Deus,
1536 1871 1759 1928 domini
1824 1871 2176 1943 temporales
2239 1876 2486 1942 possunt
2555 1870 2829 1942 legitime
2887 1884 2950 1923 ac

861 1958 900 1983 “
936 1956 1235 2012 meritorie
1268 1958 1501 2012 auferre
1536 1956 1688 2013 bona
1721 1956 1972 2012 fortunae
2007 1957 2081 2012 ab
2116 1955 2383 2012 Ecclesia
2414 1954 2814 2026 delinquente.

921 2038 979 2094 7.
1020 2043 1061 2069 “
1097 2040 1383 2111 Nunquid
1416 2040 1686 2096 Ecclesia
1719 2046 1811 2096 eet
1858 2039 1923 2094 in
1971 2040 2079 2095 tali
2127 2045 2288 2096 statu
2320 2037 2481 2110 ⁶[ve1
2514 2056 2649 2105 non,
2698 2054 2821 2093 non
2866 2042 2954 2092 est

858 2126 895 2150 “
931 2139 1128 2179 meum
1162 2125 1476 2190 discutere,
1516 2124 1622 2180 ned
1658 2123 2028 2180 dominorum
2060 2125 2474 2195 temporalium
2503 2123 2859 2185 examinare,
2896 2127 2953 2175 et

856 2210 893 2234 “
930 2208 1124 2278 posito
1173 2205 1342 2279 casu]
1397 2206 1757 2264 confidenter
1807 2224 2005 2279 agere,
2056 2214 2119 2265 et
2175 2208 2286 2265 sub
2345 2210 2542 2280 poena‘
2563 2205 2950 2263 damnationis

857 2293 893 2317 “
942 2298 1176 2347 aeternae
1212 2293 1343 2363 ejus
1379 2292 1730 2364 temporalia
1763 2294 2014 2348 auferre.

918 2375 974 2430 8.
1017 2378 1058 2404 “
1096 2377 1328 2433 Scimus
1365 2377 1522 2449 quod
1556 2392 1673 2432 non
1709 2382 1803 2433 est
1834 2375 2115 2448 possibile
2149 2375 2171 2414 ⁷
2193 2374 2400 2447 [quod]
2426 2375 2698 2433 Vicariue
2727 2373 2948 2431 Christi

853 2461 892 2487 ‘⁸
931 2474 1079 2530 pure
1114 2476 1186 2515 ex
1221 2461 1416 2516 Bullia
1454 2463 1599 2527 suis,
1637 2463 1735 2517 vel
1772 2479 1844 2516 ex
1877 2461 2020 2526 illie,
2059 2476 2195 2516 cum
2230 2461 2530 2517 voluntate
2565 2467 2626 2516 et
2662 2475 2947 2515 consensu

853 2545 891 2570 “
930 2561 1056 2610 eno,
1094 2542 1117 2576 ⁸
1133 2549 1195 2600 et
1244 2545 1336 2601 eui
1395 2543 1668 2616 Collegii,
1708 2544 1731 2577 ⁹
1748 2560 2081 2615 quenquam
2114 2545 2387 2600 habilitat
2419 2545 2519 2602 vel
2562 2543 2913 2599 inhabilitet.

917 2628 972 2682 9.
1017 2630 1056 2655 ‘⁶
1091 2626 1227 2683 Non
1261 2634 1354 2684 est
1386 2628 1666 2700 possibile
1702 2628 1999 2684 hominem
2033 2628 2076 2660 ¹⁰
2091 2627 2600 2696 excommunicari,
2633 2629 2750 2684 nisi
2787 2627 2947 2700 prins

850 2711 890 2737 “
928 2716 990 2767 et
1021 2711 1432 2784 principaliter
1466 2713 2005 2769 excommunicetur
2039 2729 2077 2767 a
2110 2714 2324 2785 eeipeO.

919 2796 1007 2851 10.
1050 2798 1091 2825 “
1128 2795 1168 2830 ¹²
1185 2796 1378 2854 Nemo
1426 2797 1502 2853 ad
1556 2797 1647 2853 eui
1686 2797 2200 2854 deteriorationem
2234 2796 2786 2862 excommunicatur,
2826 2812 2947 2851 ens·

861 2880 900 2906 “
936 2880 1230 2951 penditur,
1270 2881 1367 2937 vel
1403 2880 1536 2938 aliis
1570 2881 1835 2938 censuris
1872 2881 2190 2948 cruciatur,
2228 2882 2347 2938 nisi
2382 2884 2446 2938 in
2481 2899 2656 2938 causa
2690 2880 2824 2935 Dei.

918 2964 1008 3019 11.
1048 2967 1089 2994 “
1114 2964 1451 3022 Maledictio
1474 2965 1570 3021 vel
1604 2965 2122 3023 excommunicatio
2143 2982 2259 3022 non
2283 2965 2323 2999 ¹²
2344 2965 2545 3038 [ligat]
2583 2964 2945 3037 simpliciter,

855 3049 895 3075 ‘⁶
931 3047 1049 3105 nisi
1085 3055 1370 3121 quantum
1405 3050 1596 3106 fertur
1629 3050 1695 3105 in
1728 3050 2132 3107 adversarium
2167 3049 2319 3122 legis
2355 3051 2599 3107 Christi.

917 3281 933 3314 ¹
959 3283 1047 3335 sio
1073 3284 1130 3334 in
1146 3284 1275 3350 orig.
1290 3286 1393 3335 and
1412 3285 1468 3334 in
1485 3285 1620 3335 mm.
1640 3285 1769 3350 neg.
1790 3289 1851 3335 ιε

2019 3287 2038 3313 ⁷
2059 3284 2301 3351 Supplied
2353 3287 2485 3337 nem
2538 3285 2672 3338 nim.
2718 3285 2847 3350 neg.
2893 3289 2949 3333 13

849 3361 910 3414 E.
936 3362 1010 3413 ix.
1034 3365 1138 3414 and
1181 3363 1269 3415 the
1304 3364 1687 3429 printedtextsg
1722 3372 1770 3414 et
1798 3364 1855 3414 in
1951 3362 2012 3413 E.
2035 3364 2145 3416 ix.:
2182 3373 2238 3414 ut
2257 3365 2311 3414 in
2345 3366 2432 3417 the
2463 3365 2664 3430 printed
2682 3371 2821 3415 texts
2852 3363 2948 3413 and

850 3441 999 3493 Face.
1018 3442 1217 3505 Zizam,
1237 3458 1286 3507 p.
1306 3449 1419 3495 245.
1454 3443 1551 3496 See
1568 3444 1655 3510 [1]
1677 3460 1725 3508 p.
1740 3446 1854 3495 357.

914 3521 938 3550 ²
953 3518 1176 3585 policioer
1197 3522 1254 3572 in
1274 3523 1362 3573 the
1383 3523 1586 3588 printed
1606 3530 1755 3575 texts.

915 3599 1126 3665 ’ju-ead
1155 3617 1266 3660 rem,
1298 3601 1504 3667 δαίμ-0
1534 3618 1622 3652 σιω
1656 3610 1858 3666 tempore

836 3680 929 3746 juo
966 3679 1020 3727 in
1054 3696 1107 3728 re
1138 3697 1283 3745 super
1318 3683 1478 3731 omnia
1522 3681 1647 3731 bona
1673 3681 1859 3741 Dei,—

849 3757 999 3808 Fasc.
1018 3757 1215 3820 Zizan„
1231 3774 1281 3824 p.
1300 3762 1412 3810 247.
1460 3760 1556 3812 See
1574 3761 1661 3826 [4]
1678 3775 1728 3825 p.
1742 3766 1856 3811 358.

916 3840 937 3868 ⁴
957 3854 1102 3903 quam
1143 3837 1258 3902 filio
1306 3840 1606 3900 imitationis,
1665 3848 1712 3890 ct
1749 3848 1859 3891 tern-

840 3914 1017 3981 porale
1063 3916 1335 3980 dominium,
1392 3927 1438 3969 et
1491 3927 1718 3969 oeternum
1773 3920 1859 3968 im-

845 3995 1302 4059 plicitum—Fuso.
1324 3994 1522 4058 Zizan„
1538 4012 1585 4063 p.
1604 4000 1717 4050 247.
1761 3996 1859 4050 See

856 4073 942 4140 [5]
970 4091 1017 4140 p.
1043 4081 1161 4127 358.

914 4154 935 4184 ⁸
956 4151 1100 4204 Deus
1131 4155 1431 4217 eng—Face.
1457 4156 1654 4218 Zizan„
1673 4170 1720 4223 p.
1745 4160 1858 4220 248,

850 4233 950 4282 and
971 4233 1102 4285 Bibl.
1120 4234 1247 4300 Reg.
1266 4242 1326 4286 13
1340 4236 1400 4287 Ε.
1414 4235 1488 4287 ix.
1550 4235 1645 4287 See
1667 4251 1717 4300 p.
1742 4242 1857 4298 324,

851 4318 978 4371 ante,
998 4311 1131 4364 Note
1153 4320 1184 4363 2
1207 4335 1221 4374 3
1258 4317 1359 4364 and
1386 4315 1473 4382 [6]
1499 4332 1548 4380 p.
1572 4320 1687 4366 359.

920 4390 941 4419 ⁶
961 4388 1206 4455 Supplied
1253 4394 1385 4443 stom
1428 4394 1565 4445 Bibl.
1622 4392 1751 4460 Reg.
1797 4400 1856 4445 13
1922 4396 1926 4400 ·

852 4464 913 4518 E.
937 4465 1009 4519 ix.
1034 4472 1135 4519 and
1165 4470 1253 4521 the
1274 4472 1476 4536 printed
1511 4478 1661 4524 texte.
1730 4472 1857 4525 This

853 4547 1132 4612 paragraph
1171 4548 1294 4614 (No.
1327 4554 1385 4616 7)
1409 4554 1528 4605 does
1562 4560 1654 4604 not
1676 4568 1858 4619 appear

852 4624 907 4674 in
940 4624 1089 4679 Fam.
1127 4628 1323 4691 Zizan„
1361 4633 1462 4682 and
1495 4649 1655 4684 seems
1697 4640 1751 4684 to
1795 4636 1858 4686 be

852 4703 1051 4757 neither
1065 4722 1095 4757 a
1111 4707 1413 4763 conclusion
1426 4727 1523 4764 nor
1536 4719 1651 4778 part
1670 4713 1734 4766 of
1745 4729 1854 4765 one.

1953 3442 2102 3495 fasc.
2127 3444 2324 3507 Zizan„
2346 3461 2395 3510 p.
2420 3450 2535 3496 249.

2020 3550 2040 3577 ⁸
2059 3556 2150 3598 aut
2180 3550 2236 3600 in
2279 3548 2431 3601 Faxo.
2477 3550 2676 3609 Ζίεωι..
2725 3562 2777 3613 p.
2839 3553 2948 3599 249.

1954 3628 2050 3682 See
2077 3628 2165 3694 [7]
2192 3644 2243 3694 p.
2265 3635 2381 3681 359.

2019 3728 2039 3755 ⁹
2061 3723 2138 3775 vel
2154 3721 2373 3773 habilitat
2391 3720 2554 3789 1ῃῖὼο
2584 3721 2783 3786 printed
2803 3726 2948 3771 texts.

1958 3804 2053 3855 See
2079 3803 2166 3869 [⁷]
2203 3816 2252 3866 p.
2276 3806 2390 3852 359.

2023 3894 2061 3926 ¹⁶
2082 3893 2481 3945 excommunicari
2514 3890 2584 3941 ad
2602 3891 2684 3941 sut·
2713 3892 2948 3951 dmm,

1956 3972 2104 4025 Faue.
2143 3968 2342 4033 Ziaean„
2386 3985 2437 4036 p.
2473 3976 2587 4022 2⁶0.
2623 3970 2717 4024 See
2768 3970 2856 4037 [8]
2904 3985 2949 4033 p.

1957 4060 2069 4105 359.

2022 4147 2056 4176 ¹¹
2081 4145 2178 4196 See
2195 4143 2283 4211 [9]
2301 4144 2415 4207 inp.
2435 4148 2535 4194 360
2556 4162 2572 4203 3
2595 4140 2765 4192 which
2779 4154 2948 4207 agrees

1954 4225 2202 4276 verbatim
2233 4225 2364 4275 with
2398 4223 2502 4273 thie
2538 4220 2844 4274 conclusion
2897 4235 2949 4269 as

1954 4304 2107 4371 given
2127 4304 2184 4353 in
2205 4304 2354 4356 Fasc.
2390 4303 2587 4364 Zizan„
2609 4318 2656 4366 p.
2674 4307 2791 4352 250.

2021 4396 2296 4450 “Omitted
2338 4396 2394 4446 in
2424 4394 2509 4447 the
2541 4392 2740 4459 printed
2783 4398 2950 4449 ταῶς

1954 4476 2180 4543 supplied
2212 4477 2343 4529 stom
2373 4474 2506 4528 Bibl.
2544 4472 2667 4538 Reg.
2710 4476 2771 4522 13
2794 4470 2854 4522 Ε.
2877 4471 2946 4521 ix.

1955 4559 2055 4609 and
2076 4558 2224 4610 Face.
2249 4558 2445 4618 Zizan„
2466 4571 2514 4622 p.
2530 4558 2643 4605 251.
2713 4550 2810 4604 See
2829 4550 2945 4618 [10]

1955 4651 2003 4701 p.
2029 4642 2142 4688 360.
