3300 5617
1067 807 1392 870 maroam
1434 807 1853 870 moneam.
2381 798 2512 872 147

138 997 387 1060 Melone,
406 994 736 1054 mortalitas
787 996 1085 1054 hominum
1146 1001 1237 1051 cst
1296 1001 1513 1061 secuta.
1579 1001 1641 1051 et
1700 995 1991 1068 praecipue
2052 1011 2388 1068 egenorum.
2449 997 2509 1053 in
2533 1001 2671 1055 ΑΒ.
2698 1010 2841 1058 1316.

138 1072 294 1188 {¹3⁵5
407 1083 640 1140 tantum
687 1086 756 1140 ut
802 1081 898 1138 vix
957 1087 1193 1153 possent
1247 1080 1369 1138 vivi
1423 1084 1684 1135 mortuos
1747 1080 2013 1152 sepelire.
2088 1080 2317 1153 Nempe
2375 1080 2510 1156 ¹dy—
2533 1096 2792 1149 ronow-041

141 1133 355 1264 [haggia
407 1165 681 1230 sestaria,
732 1182 803 1220 ex
848 1165 994 1222 cibis
1040 1165 1329 1238 corruptis
1393 1171 1689 1234 generata,
1756 1182 1905 1238 pene
1968 1170 2206 1230 cunctos
2272 1165 2506 1234 infecit3
2532 1164 2603 1228 by
2624 1179 2655 1214 8
2675 1165 2826 1230 peflti·

140 1268 182 1318 E.
201 1267 259 1318 11,
410 1265 588 1319 quam
665 1249 1048 1306 comitabatur
1119 1249 1296 1304 febris
1367 1253 1555 1313 acuta,
1624 1265 1755 1319 quae
1826 1249 2041 1308 multos
2106 1249 2182 1306 ad
2251 1255 2512 1312 oxu-ema
2531 1229 2687 1288 ¹⁰³⁰&

411 1332 700 1404 perduxit.
774 1333 854 1389 Et
909 1352 1025 1388 non
1086 1332 1275 1388 solum
1339 1332 1602 1387 homines
1668 1350 1739 1387 ex
1799 1333 2062 1389 ciborum
2139 1336 2510 1410 corruptione

411 1415 785 1484 laedebantur,
849 1418 953 1474 sed
1000 1434 1209 1490 pecora
1266 1434 1336 1472 ex
1382 1417 1698 1474 herbarum
1756 1418 2179 1490 putrefactione
2237 1425 2513 1491 corrupta

413 1501 728 1569 cadebant3
777 1503 932 1558 unde
990 1503 1241 1573 contigit
1286 1507 1354 1556 ut
1399 1518 1535 1557 esus
1583 1501 1849 1557 carnium
1897 1504 2122 1562 cunctis
2181 1511 2339 1562 esset
2384 1523 2511 1572 sus—

141 1576 392 1678 ffissffljh·
414 1591 633 1658 pectus.
707 1587 835 1650 Neo
880 1587 996 1642 fuit.
1038 1586 1142 1642 illo
1205 1592 1465 1658 tempore
1527 1586 1839 1659 quisquam
1903 1593 2024 1646 tam
2085 1606 2355 1654 annosus,
2407 1590 2508 1661 qui

137 1693 395 1753 Trokelowe‚
415 1671 679 1730 meminit
715 1690 779 1730 se
814 1677 1034 1728 tantam
1074 1672 1305 1737 famem,
1349 1677 1591 1743 pestem,
1637 1676 1741 1730 aut
1779 1671 2102 1746 karistiam,
2146 1674 2506 1745 praevidisse.

141 1775 201 1822 ρμ
221 1764 287 1816 36,
303 1763 371 1808 37.
417 1753 540 1812 Nec
587 1756 774 1814 valuit
816 1763 1016 1818 contra
1064 1760 1288 1827 pestem
1341 1754 1679 1827 prmdictam
1732 1755 2042 1828 prudentia
2097 1758 2505 1830 physicorum3

141 1825 226 1874 MS·
247 1825 362 1878 Bihl.
417 1839 553 1909 qnia
614 1841 985 1897 medicinales
1054 1838 1269 1904 herbae,
1345 1856 1475 1909 quae
1547 1839 1811 1895 levamen
1880 1840 2177 1911 languidis
2246 1843 2508 1904 conferre

139 1892 315 2008 &313
415 1923 689 1990 solebant,
731 1943 835 1998 per
866 1925 1017 1980 aeris
1051 1923 1454 1995 intemperiem
1487 1927 1547 1990 ct
1581 1922 1999 1986 elementorum
2030 1925 2506 1997 inaequalitatem,

415 2013 611 2066 eontra
643 2015 910 2066 naturam
945 2009 1163 2065 effectae
1198 2008 1533 2079 degeneres,
1572 2008 1738 2064 virus
1773 2027 1881 2082 pro
1914 2009 2134 2068 virtute
2168 2011 2504 2068 reddebant.

483 2093 557 2148 In
590 2094 739 2150 festo
773 2092 1203 2166 Assumptionis
1251 2093 1451 2154 Beatae
1487 2092 1757 2163 Virginis
1809 2098 1982 2150 natus
2028 2099 2121 2162 est
2154 2094 2307 2167 Regi
2349 2095 2504 2156 filius
2532 2084 2681 2135 Biffl'
2705 2086 2767 2135 ΟΥ

417 2177 567 2248 apud
601 2178 855 2244 Estham,
883 2179 985 2251 qui
1019 2183 1259 2242 vocatus
1294 2182 1388 2233 est
1424 2180 1462 2205 “
1489 2176 1530 2232 J
1531 2177 1845 2236 ohannes.'’
2526 2151 2754 2270 ‘3323‘-

487 2262 571 2317 Εο
619 2268 877 2334 tempore
929 2264 1014 2318 ita
1061 2263 1245 2317 fames
1297 2260 1564 2336 invaluit,
1621 2266 1691 2317 ut
1744 2267 1994 2333 quatuor
2046 2260 2380 2322 denariatus
2430 2263 2503 2328 de
2529 2257 2762 2336 bereng
2786 2288 2849 2336 ος

420 2364 619 2416 grosso
669 2365 814 2420 pane
849 2347 910 2402 in
945 2347 1038 2402 die
1073 2346 1178 2401 uni
1211 2364 1328 2400 non
1363 2345 1695 2401 sufficerent
1742 2346 2102 2401 comedenti:
2142 2364 2346 2402 carnes
2381 2349 2503 2403 ani·
2529 2353 2616 2404 the
2632 2353 2821 2431 famine

421 2430 655 2486 melium
692 2450 821 2503 quoe
856 2431 1084 2490 infectae
1119 2448 1234 2486 non
1271 2430 1502 2490 fuerant
1550 2435 1718 2488 erant
1751 2447 1920 2494 raroe,
1959 2447 2164 2486 carnes
2218 2448 2503 2501 equorum
2530 2422 2631 2470 ¹²¹¹ss
2652 2427 2803 2483 Pffltl·

419 2516 764 2587 pauperibus
799 2516 1065 2588 pretiosae
1087 2538 1103 2582 ;
1140 2515 1314 2570 multi
1336 2532 1507 2569 canes
1532 2514 1782 2586 pingues
1807 2514 2169 2580 furabantur,
2198 2521 2259 2571 et
2303 2533 2504 2571 eorum
2530 2487 2687 2537 leuce·

419 2617 616 2656 carnes
666 2600 927 2655 edebant.
1020 2599 1287 2669 Quidam,
1343 2604 1414 2655 ut
1462 2597 1783 2664 dicebatur,
1846 2598 2102 2653 filiorum
2157 2617 2395 2656 suorum
2445 2606 2507 2656 et

421 2683 667 2739 filiarum
690 2703 927 2740 suarum
958 2684 1019 2739 in
1049 2683 1192 2738 locis
1223 2683 1455 2747 abditis,
1483 2682 1768 2755 compulsi
1804 2682 2065 2754 penuria,
2093 2683 2501 2751 comedebant;

422 2769 652 2838 quidam
706 2755 977 2841 parvulos
1026 2767 1244 2823 alienos
1298 2766 1661 2831 furabantur,
1700 2765 1723 2798 ²
1741 2784 1887 2838 quos
1922 2766 2256 2822 mactabant
2288 2773 2350 2822 et
2384 2768 2505 2822 fur-

421 2853 524 2907 tim
572 2853 960 2908 comedebant.
1053 2853 1257 2916 Fures,
1296 2858 1358 2908 et
1392 2852 1494 2923 qui
1530 2852 1594 2906 in
1628 2850 1962 2906 carceribus
2006 2851 2371 2926 tenebantur,
2429 2852 2503 2907 ad

422 2955 516 2992 cos
551 2938 778 2992 noviter
817 2937 1111 2993 venientes
1166 2935 1586 3007 discerpebant,
1626 2940 1689 2991 et
1723 2936 2033 2991 semivivos
2070 2934 2228 2990 illico
2263 2936 2500 2993 devora-

421 3021 572 3076 bant.
647 3021 761 3076 Per
796 3021 1015 3077 dictum
1049 3027 1279 3093 tempus
1325 3021 1537 3091 lagena
1571 3020 1835 3076 cervisiae
1868 3021 1889 3050 ³
1906 3018 2098 3077 tenuis
2133 3037 2240 3092 pro
2275 3020 2501 3075 duobus

420 3105 686 3170 denariis,
713 3106 967 3162 melioris
1003 3123 1108 3177 pro
1142 3105 1350 3169 tribus,
1379 3105 1612 3177 optimae
1634 3121 1775 3159 vero
1798 3103 1818 3136 ⁴
1838 3102 1994 3177 [pro]
2034 3109 2301 3175 quatuor,
2329 3104 2500 3159 dena-

417 3188 520 3243 riis
544 3189 913 3245 vendebatur.
987 3189 1416 3245 Londonienses
1451 3206 1555 3261 per
1589 3188 1748 3243 idem
1782 3194 2032 3259 tempus,
2073 3188 2212 3259 quia
2247 3188 2501 3245 frumen-

418 3279 540 3326 tum
581 3274 956 3329 inbrasiatum
991 3275 1240 3329 maxime
1275 3273 1741 3338 consumebatur,
1789 3278 2122 3329 statuerunt
2153 3290 2228 3328 ne
2262 3273 2327 3328 in
2360 3274 2501 3329 civi-

419 3363 534 3411 tate
571 3356 630 3411 id
655 3357 726 3412 de
749 3363 956 3414 coetero
979 3358 1176 3432 fleretg,
1226 3363 1289 3413 et
1318 3358 1449 3413 ideo
1472 3357 1901 3413 constituerunt
1921 3361 1991 3412 ut
2012 3356 2223 3426 lagena
2244 3356 2503 3414 melioris

417 3441 437 3472 ⁶
451 3442 710 3497 cervisias
744 3460 849 3514 pro
900 3443 1088 3499 tribus
1154 3442 1175 3475 ⁶
1193 3442 1378 3500 obolis
1429 3442 1800 3509 venderetur,
1859 3440 2157 3498 debilioris
2205 3458 2345 3502 vero
2397 3459 2504 3518 pro

317 3583 326 3592 ,
418 3525 670 3592 denario,
696 3530 757 3581 et
788 3545 902 3582 non
935 3527 1108 3583 ultra.

488 3609 613 3664 Rex
686 3615 898 3676 autem,
961 3610 1200 3666 clamori
1277 3609 1466 3683 plebis
1544 3609 1918 3683 compatione,
1974 3609 2146 3684 juxta
2204 3608 2503 3667 statutum
2526 3618 2828 3673 Provisions

416 3693 841 3750 Londoniarum
890 3695 1055 3753 misit
1103 3695 1307 3751 brevia
1339 3694 1800 3752 vicecomitibus
1849 3694 2141 3750 universis
2176 3713 2281 3767 per
2314 3700 2503 3751 totum
2528 3702 2584 3736 ¹¹⁸
2606 3694 2658 3737 to
2680 3690 2766 3740 the

415 3795 680 3847 regnum,
731 3778 941 3848 jubens
975 3785 1045 3834 ut
1076 3788 1198 3834 tam
1233 3779 1388 3834 infra
1421 3779 1722 3835 libertates
1779 3797 1955 3850 quam
2005 3784 2185 3843 extra,
2224 3779 2288 3833 in
2320 3778 2342 3817 ⁷
2362 3779 2503 3835 civi·
2527 3755 2631 3831 ⁸4¹⁶
2653 3756 2716 3871 οἵ
2768 3771 2775 3786 ’

417 3861 651 3926 tatibus,
690 3862 910 3933 burgis,
955 3864 1114 3919 villis
1149 3864 1511 3919 mercatoriis
1548 3869 1608 3919 et
1642 3862 2084 3935 campestribus,
2122 3863 2333 3933 lagena
2380 3880 2504 3917 cer·
2526 3830 2695 3872 wem
2716 3839 2753 3872 ε’

416 3945 578 3998 visiae
628 3964 733 4017 pro
785 3946 1019 4003 donario
1068 3948 1449 4014 venderetur3
1502 3953 1563 4003 et
1606 3965 1681 4002 ne
1737 3948 2094 4002 frumentum
2143 3946 2391 4001 ulterius
2440 3946 2503 4000 in

415 4030 722 4092 cervisiam
773 4037 1204 4087 converteretur
1263 4031 1518 4087 inhibuit
1569 4032 1681 4087 sub
1731 4031 1901 4102 gravi
1956 4031 2358 4097 forisfactura3
2400 4031 2499 4102 qui

415 4112 529 4167 nisi
582 4114 829 4169 celerius
863 4114 972 4169 hoc
1007 4115 1343 4170 mandatum
1390 4115 1753 4189 promulgari
1790 4115 2043 4180 fecisset,
2082 4115 2334 4170 maxima
2366 4131 2503 4188 pars

418 4193 623 4269 populi
663 4198 812 4253 fame
849 4205 909 4255 et
944 4199 1137 4256 inedia
1170 4200 1509 4272 deperisset.

486 4396 804 4447 'dissenteria
825 4397 877 4454 in
897 4398 1020 4464 orig.
1564 4401 1584 4431 ⁴
1608 4399 1831 4452 Omitted
1850 4398 1907 4448 in
1929 4397 2089 4463 otim
2122 4398 2350 4464 supplied
2372 4399 2500 4449 from

484 4478 507 4509 ⁸
549 4483 596 4525 ee
639 4492 719 4525 eos
776 4478 959 4541 furtim
1023 4477 1314 4539 mactabant,
1369 4487 1416 4528 et
1498 4479 1584 4530 the
1607 4478 1804 4544 printed
1824 4483 1973 4528 texts.

420 4572 576 4606 eorum
604 4572 778 4607 carnes
800 4556 1011 4620 edebant,
1031 4558 1084 4608 in
1107 4558 1193 4609 the
1218 4559 1415 4624 printed
1568 4561 1588 4589 ⁵
1608 4559 1824 4607 servi-eim
1844 4557 1899 4606 in
1922 4555 2050 4620 orig.

418 4641 564 4687 texts.
1569 4641 1589 4668 ⁸
1610 4636 1764 4686 obelis
1788 4635 1841 4685 in
1859 4635 1984 4701 orig.

482 4718 502 4750 ²
544 4713 753 4765 melioris
818 4716 872 4765 in
928 4716 1249 4778 'IN-okelowez
1327 4720 1417 4769 but
1575 4720 1594 4748 ⁷
1615 4716 1921 4770 eomitatibus
1938 4715 1989 4765 in
2007 4715 2094 4766 the
2106 4716 2306 4780 printed
2327 4723 2473 4770 texts.

420 4796 604 4861 clearly
627 4811 659 4846 a
678 4794 889 4846 mistake
912 4796 989 4846 for
1012 4799 1179 4849 tenuis.

2096 4878 2235 4939 ΚΖ
