3300 5617
101 1018 216 1069 MS.
239 1018 365 1068 Bibl.

102 1084 315 1206 {3¹³

107 2544 408 2608 Trokelowe,

107 2617 222 2729 Eis}
237 2678 370 2729 Bibl.

109 2745 231 2810 Reg.
259 2751 315 2794 13

111 2812 167 2861 Ε.
191 2813 258 2861 ix.

107 2903 218 2955 MS.
240 2900 371 2954 Bibl.

111 2971 233 3048 Reg.
259 2977 318 3021 13

109 3037 166 3088 E.
191 3052 261 3087 lx.

105 3210 410 3272 Trokelowe,

105 3282 230 3394 {ig}
245 3343 374 3396 Bibl.

109 3411 238 3474 Reg.
267 3418 324 3461 13

111 3479 166 3526 E.
193 3479 269 3529 ix.

105 3648 221 3698 MS.
247 3648 376 3698 Bibl.

109 3715 237 3780 Reg.
267 3721 325 3765 13

105 3782 166 3831 E.
189 3783 267 3833 ix.

1051 815 1380 876 Emi-osu
1406 823 1821 888 moneam.
2396 785 2549 876 123⁴

429 1011 618 1080 ipsam
652 1010 959 1081 pecuniam
994 1027 1171 1080 quam
1205 1009 1474 1083 nequiter
1509 1008 1848 1081 adquisivit,
1886 1006 2180 1066 commisit
2213 1008 2538 1066 custodien-
2561 1014 2701 1065 ΑΒ.
2730 1018 2874 1066 1309.

429 1094 582 1157 dam,
624 1094 722 1150 vel
759 1094 836 1150 ad
873 1113 1015 1151 usus
1055 1113 1191 1152 suos
1230 1094 1639 1166 ampliandam,
1667 1095 2072 1151 transmarinis
2096 1094 2534 1159 mercatoribus,

430 1178 584 1233 sicut
619 1178 803 1248 prius.
880 1179 959 1236 Et
1000 1197 1177 1250 super
1215 1179 1343 1234 baec
1384 1179 1594 1243 omnia,
1629 1178 1797 1249 justa
1835 1179 1979 1235 satis
2003 1179 2125 1234 illis
2149 1179 2406 1234 accrevit
2428 1178 2536 1243 ira,

431 1263 587 1332 quod
633 1262 904 1319 videer
940 1282 1002 1320 se
1052 1263 1069 1295 ¹
1085 1263 1394 1329 contemni,
1445 1270 1506 1319 et
1550 1264 1932 1335 ²alienigena,
1980 1281 2156 1335 quem
2200 1281 2308 1319 nec
2349 1263 2539 1318 virtus

433 1365 541 1402 nec
577 1347 867 1418 sapientia
901 1347 1399 1413 commendabant,
1441 1364 1617 1418 super
1656 1364 1720 1402 se
1758 1365 1938 1418 supra
1959 1347 2172 1404 merita
2210 1346 2537 1403 sublimari»

431 1437 492 1486 et
528 1431 612 1486 eis
649 1432 714 1486 in
747 1431 891 1487 locis
915 1432 1183 1487 omnibus
1208 1431 1505 1487 anteferri.
1581 1431 1871 1487 Dicebant
1890 1430 2070 1504 ³ergo
2094 1433 2169 1487 ad
2191 1431 2541 1495 invicem,—

436 1519 472 1542 “
490 1515 743 1581 Videtis,
772 1517 912 1588 quia
944 1517 1094 1571 nihil
1124 1517 1481 1589 proficimus,
1506 1516 1744 1589 expedit
1765 1522 1833 1572 ut
1855 1516 1967 1572 iste
1990 1516 2231 1572 tollatur
2254 1534 2288 1571 e
2311 1514 2538 1580 medi03

436 1605 472 1628 ‘⁶
511 1620 586 1657 ne
632 1619 737 1673 per
772 1602 1090 1674 potentiam
1137 1603 1378 1658 inducat
1422 1608 1744 1667 exn-aneos,
1787 1602 1889 1674 qui
1936 1618 2052 1657 non
2088 1602 2279 1658 solum
2312 1607 2542 1659 nostras

437 1691 471 1713 ‘⁶
511 1685 695 1756 leges,
747 1693 974 1742 nostras
1021 1686 1042 1718 ⁴
1065 1687 1371 1743 annullant
1427 1687 1898 1751 consuetudines,
1950 1686 2055 1742 sed
2112 1692 2379 1743 nostrum
2428 1687 2543 1741 for·

512 1771 664 1826 sitan
699 1770 870 1827 tollat
905 1771 1160 1827 locum.''
1235 1772 1440 1829 Crevit
1472 1771 1494 1804 ⁸
1515 1772 1640 1827 boec
1677 1771 1947 1829 voluntas
1983 1770 2191 1837 indies,
2234 1776 2297 1826 et
2330 1769 2542 1826 cotidie

430 1855 539 1910 hoc
574 1855 940 1928 propositum
973 1856 1334 1912 firmabatur.

500 1939 777 2004 Tandem,
795 1939 938 1996 licet
959 1958 1108 2005 sere,
1136 1947 1313 2013 prout
1333 1940 1514 1997 moris
1545 1946 1637 1997 est
1653 1939 1942 2012 Anglicis‚
1970 1957 2105 1996 cum
2128 1939 2204 1996 ad
2227 1945 2542 1996 extremam
2567 1937 2826 1989 Measures

429 2024 839 2080 necessitatem
885 2023 907 2055 ⁶
922 2026 1313 2097 pervenerint,
1363 2032 1574 2097 parant
1619 2042 1944 2097 erumpere,
1996 2031 2058 2081 et
2098 2025 2326 2097 Regem
2364 2041 2543 2095 super
2568 2005 2719 2055 ”ken
2741 2007 2814 2070 by

429 2109 543 2164 hiis
569 2115 631 2164 et
651 2109 783 2165 anis
809 2109 1134 2165 convenire.
1188 2109 1285 2165 Aa
1308 2109 1533 2180 Regem
1556 2110 1743 2180 igitur
1767 2111 1891 2165 sine
1910 2109 2159 2182 strepitu
2182 2109 2540 2172 aecedentes,
2568 2072 2881 2189 ξξξξζξζῇ

428 2199 641 2265 rogant
661 2194 984 2258 humiliter,
1030 2200 1101 2250 ut
1134 2194 1418 2249 baronum
1457 2212 1699 2250 suorum
1730 2194 1991 2250 consiliis
2024 2200 2278 2249 tractare
2308 2193 2547 2264 negotia
2570 2213 2653 2256 act
2673 2206 2758 2256 the
2780 2206 2861 2254 in-

431 2279 602 2348 regni
649 2279 813 2344 velit,
867 2279 1080 2351 quibus
1130 2296 1167 2334 a
1215 2278 1497 2350 periculis
1552 2279 1666 2334 sibi
1716 2284 1779 2334 et
1822 2277 1844 2317 ⁷
1858 2279 2029 2350 regni
2077 2277 2541 2341 imminentibus,
2567 2272 2765 2324 fiuence
2789 2274 2851 2322 Of

430 2380 547 2417 non
595 2363 785 2419 solum
831 2364 1076 2429 cantior,
1130 2364 1234 2418 sed
1273 2364 1476 2429 tutior,
1518 2381 1647 2419 esse
1685 2363 1890 2435 possit.
1964 2362 2191 2418 Annuit
2225 2361 2352 2417 Rex
2392 2361 2546 2417 votis
2573 2340 2850 2393 mmmm·

432 2465 653 2513 eorum,
707 2453 770 2504 et
815 2448 889 2503 ad
936 2447 1400 2503 Parliamentum
1447 2465 1648 2503 omnes
1686 2448 1790 2519 qui
1831 2447 2116 2502 interesse
2153 2446 2443 2501 debebant
2477 2444 2551 2500 de

432 2532 872 2598 consuetudine,
926 2532 1303 2598 convocavit;
1381 2532 1483 2587 ubi
1528 2538 1787 2589 tractatu
1834 2532 2107 2604 diligenti
2151 2531 2370 2596 habite,
2420 2547 2551 2603 pos-

433 2617 688 2673 tulatum
749 2623 842 2674 est
899 2636 937 2672 a
994 2617 1160 2689 Rege
1222 2634 1358 2673 cum
1416 2617 1712 2682 instantia,
1776 2622 1848 2674 ut
1904 2616 2151 2673 liberam
2220 2614 2550 2671 Baronibus

433 2699 779 2773 disponendi
839 2700 1123 2773 quosdam
1195 2699 1515 2766 Articulos‚
1594 2702 1708 2757 sibi
1766 2719 2067 2773 regnoque
2140 2719 2265 2766 suo,
2328 2715 2551 2756 necnon

429 2785 712 2842 Ecclesiae
746 2785 1110 2858 Anglicanae‚
1153 2786 1351 2850 utiles,
1396 2786 1741 2842 concederet
1774 2786 2130 2842 facultatem.
2207 2784 2549 2857 Suspicatus

431 2890 565 2928 mox
613 2870 757 2938 Rex,
810 2891 926 2945 quo
974 2890 1178 2929 eorum
1225 2872 1565 2929 intendebat
1610 2873 1875 2937 intenti0,
1927 2872 2084 2943 quod
2129 2871 2407 2927 videlicet
2452 2870 2547 2926 vel

431 2964 696 3014 tenorem
753 2955 989 3029 Magna)
1051 2955 1304 3023 Charus,
1367 2957 1466 3013 vel
1525 2957 1760 3013 Chartoe
1821 2957 1895 3013 de
1958 2958 2220 3023 Foresta,
2280 2962 2551 3028 peterent

432 3040 780 3108 confirmari,
823 3043 919 3098 vel
960 3048 1137 3107 certe,
1182 3041 1340 3113 quod
1375 3041 1510 3113 plus
1552 3042 1816 3107 timebat,
1857 3042 2102 3098 Petrum
2125 3042 2198 3096 de
2224 3041 2551 3097 Gaverston

433 3125 769 3183 ordinarent
802 3124 866 3182 in
903 3127 1144 3182 exilium
1180 3126 1481 3191 destinari,
1528 3126 1630 3182 diu
1678 3126 1876 3182 renuit
1921 3144 2174 3182 annuere
2215 3125 2545 3197 postulatis.

434 3205 712 3277 Tandem,
777 3212 851 3267 ad
909 3211 1302 3284 importunam
1375 3217 1719 3266 cunctorum
1785 3211 2140 3275 instantiam,
2204 3229 2547 3266 consensum

433 3297 703 3366 praebuit,
747 3302 809 3352 et
839 3295 1067 3368 juravit
1113 3313 1177 3351 se
1226 3300 1418 3351 ratum
1475 3300 1674 3351 tenere
1711 3295 1993 3367 quicquid
2038 3312 2307 3367 proceres
2354 3294 2378 3326 ⁸
2395 3295 2549 3350 ordi-

433 3386 654 3436 narent.
755 3380 1057 3436 Consensu
1105 3380 1289 3450 Regis
1337 3379 1555 3444 habito,
1608 3380 1869 3435 Barones
1919 3379 2032 3435 eibi
2080 3396 2183 3435 sex
2228 3380 2548 3453 Episcopos

433 3464 823 3528 adsciverunt,
878 3471 939 3520 et
983 3465 1183 3536 plures
1222 3463 1294 3518 de
1337 3464 1495 3519 clero
1553 3464 1896 3535 prudentes,
1942 3481 2079 3519 cum
2113 3464 2318 3520 multis
2355 3465 2550 3520 ‘’com-

432 3549 724 3614 munibus,
778 3548 1048 3605 discretis
1109 3547 1275 3613 viris,
1328 3548 1431 3619 qui
1478 3548 1788 3620 praedictos
1837 3547 2136 3603 Articulos
2195 3548 2546 3614 ordinarent,

430 3632 647 3689 Petrus
670 3651 813 3688 vero
836 3634 911 3688 de
950 3632 1328 3696 Gaverstone‚
1375 3629 1437 3686 in
1474 3631 1584 3687 hoc
1619 3631 2015 3690 Parliamento
2053 3632 2242 3689 elatus
2266 3632 2329 3687 in
2352 3650 2552 3705 super-

429 3716 605 3781 biam,
632 3718 893 3772 Barones
931 3715 1212 3788 despexit,
1248 3720 1311 3770 et
1347 3715 1603 3771 convitia
1635 3716 1947 3772 nonnullis·
1970 3715 2188 3781 intulit,
2233 3734 2551 3788 eorumque

432 3815 707 3873 personas
751 3800 950 3856 verbis
997 3797 1341 3872 procacibus
1391 3797 1812 3856 dehonestavit.
1888 3800 2310 3857 Toleraverunt
2354 3808 2551 3857 tamen

434 3886 654 3941 nobiles
689 3885 862 3957 regni
900 3886 1028 3939 haec
1066 3883 1280 3948 omnia,
1326 3882 1466 3954 quia
1494 3883 1808 3954 sperabant
1841 3883 1903 3939 in
1937 3884 2199 3956 proximo
2234 3885 2551 3942 vindictam

436 3988 664 4025 sumere
706 3970 778 4025 de
816 3970 1058 4036 eodem;
1117 3967 1222 4024 sed
1262 3965 1374 4023 hoc
1415 3966 1544 4023 fleri
1584 3985 1758 4039 posse
1794 3967 2038 4024 minime
2072 3969 2323 4027 credidit
2357 3970 2550 4027 dictus

437 4055 663 4111 Petrus.

441 4198 508 4205 —-.-

501 4309 516 4340 ¹
539 4309 828 4374 contemptui
846 4307 902 4358 in
919 4306 1005 4360 the
1027 4306 1224 4374 printed
1245 4313 1393 4360 texts.
1603 4310 1623 4339 ⁸
1639 4317 1969 4373 pervenerunt
1987 4309 2042 4359 in
2068 4309 2154 4360 the
2177 4310 2378 4375 printed
2399 4317 2550 4364 texts.

502 4391 522 4419 ²
541 4388 860 4455 alieniyenam
883 4389 937 4439 in
961 4388 1047 4439 the
1069 4388 1268 4453 printed
1289 4394 1439 4450 texts,
1622 4389 1639 4415 ⁷
1665 4379 1752 4440 Sic
1775 4387 1830 4438 in
1852 4389 1999 4453 orig„
2021 4391 2121 4439 aud
2145 4389 2200 4438 in
2240 4390 2327 4441 the
2356 4392 2552 4456 printed

436 4486 464 4519 a
485 4469 760 4534 preferable
796 4468 1011 4533 reading
1034 4488 1048 4527 ς
1084 4466 1279 4533 though
1317 4468 1360 4518 it
1398 4466 1441 4517 is
1551 4472 1702 4518 texts.

437 4547 703 4614 alieniqena
723 4547 778 4596 in
801 4548 934 4598 Bibl.
959 4549 1087 4612 Reg.
1115 4553 1177 4597 13
1199 4547 1259 4598 Ε.
1283 4546 1355 4597 ix.
1616 4547 1636 4578 ⁸
1658 4546 1987 4598 ordinaverint
2004 4548 2057 4600 iu
2079 4548 2166 4601 the
2188 4549 2385 4614 printed
2400 4558 2551 4603 texts.

501 4629 520 4658 ²
544 4629 692 4691 ι’φίτιν
712 4628 768 4677 in
785 4627 871 4676 the
891 4626 1092 4692 printed
1113 4633 1261 4678 texts.
1615 4628 1637 4656 ⁰
1659 4627 1719 4677 de
1760 4628 2081 4679 munibus
2124 4629 2178 4680 in
2222 4630 2309 4681 the
2352 4631 2552 4696 printed

504 4709 522 4736 ⁴
538 4705 788 4756 adnullent
806 4706 861 4755 in
886 4706 970 4757 the
991 4705 1187 4771 printed
1209 4712 1357 4757 textu.
1551 4708 1698 4758 tento.

505 4787 525 4815 ³
547 4784 632 4835 Ιιοο
655 4784 711 4835 in
733 4784 879 4850 orig..
