3300 5617
1117 766 1443 816 msronu
1485 766 1902 820 ANGLICANA.
2424 762 2548 825 291

57 955 201 1011 MS,
233 959 409 1016 nihl,
472 948 512 974 “
548 948 785 1019 patrias,
842 948 918 1003 de
967 948 1228 1004 Peiteres
1266 956 1327 1006 et
1373 952 1446 1006 de
1492 951 1737 1023 Peytou,
1789 970 1925 1008 cum
1972 951 2158 1007 feodis
2194 951 2268 1007 de
2315 951 2551 1017 Thoart,
2578 956 2715 1008 ΛΔ).
2742 963 2883 1009 1360.

53 1022 217 1105 Reg.
253 1034 336 1079 13
496 1034 610 1088 ‘et
629 1038 785 1088 terra
818 1031 892 1088 de
916 1033 1216 1097 Beleville‚
1254 1031 1329 1088 de
1369 1035 1617 1102 Saintes,
1668 1044 1731 1093 et
1775 1037 1849 1092 de
1898 1036 2233 1107 Saintonge‚
2286 1034 2305 1068 ¹
2323 1036 2473 1091 eitra
2495 1042 2557 1091 et

59 1033 509 1242 {samm}
545 1115 705 1172 ulta-a
737 1117 798 1171 la
832 1117 1138 1182 Cha-rente,
1177 1117 1538 1189 dAnglesme
1573 1127 1636 1177 et
1670 1121 2136 1193 dAngolosmois‚
2177 1120 2250 1175 de
2272 1120 2551 1190 Limoges

63 1224 321 1279 A.xv1
492 1202 608 1255 ‘et
628 1201 701 1256 de
724 1200 1003 1265 Limosin,
1025 1200 1098 1256 de
1117 1201 1338 1258 Gaours
1362 1210 1424 1259 et
1445 1205 1518 1259 de
1543 1204 1846 1271 anursin,
1868 1214 1929 1261 et
1950 1206 2022 1260 de
2037 1205 2377 1276 Pierregort
2398 1210 2460 1259 et
2482 1204 2554 1258 de

63 1284 918 1357 New“Pier1-eguys,
962 1284 1036 1340 de
1061 1285 1255 1343 Rodes
1280 1292 1342 1343 et
1366 1287 1439 1343 de
1463 1289 1795 1361 Rovergue,
1823 1289 2035 1362 dAgen
2074 1296 2135 1345 et
2171 1289 2245 1344 de
2266 1288 2549 1360 Agenois,

67 1359 324 1425 Bymffl'·
465 1370 504 1395 “
541 1368 614 1423 de
650 1368 896 1435 Tharbe,
935 1375 997 1425 et
1042 1370 1115 1425 de
1150 1370 1354 1442 Rigor,
1399 1378 1462 1427 et
1496 1371 1569 1428 de
1595 1372 1808 1429 Gauro.
1882 1374 1963 1430 Et·
2002 1374 2055 1429 si
2101 1373 2286 1445 aliqui
2332 1372 2552 1427 domini

463 1455 502 1479 ‘⁸
537 1458 772 1508 teneant
792 1452 1018 1524 aliquid
1040 1454 1193 1509 inter
1227 1455 1446 1512 limites
1480 1456 1772 1512 dictorum
1793 1458 2071 1523 locorum,
2111 1457 2324 1513 facient
2356 1457 2551 1511 homa·

464 1539 503 1563 ‘⁶
541 1535 706 1607 gium
741 1537 896 1608 Regi
929 1537 1183 1608 Angliae.
1256 1539 1615 1611 Tenebitque
1650 1540 1777 1595 Rex
1810 1540 2045 1611 Angliae
2080 1540 2361 1612 proedicta
2381 1540 2554 1595 modo

464 1622 502 1647 “
542 1639 658 1692 quo
705 1621 832 1676 Rex
879 1621 1143 1677 Franeiae
1179 1639 1250 1678 ea
1281 1625 1474 1680 tenuit
1512 1642 1550 1679 a
1595 1624 1899 1695 sexaginta
1932 1624 2098 1680 annis
2144 1641 2331 1697 usque
2377 1642 2552 1690 nune,

462 1706 501 1731 ‘⁶
539 1704 826 1769 videlieet,
851 1705 915 1760 in
944 1704 1200 1761 dominio
1226 1724 1358 1777 quae
1381 1713 1518 1763 sunt
1551 1707 1615 1762 in
1645 1707 1899 1763 dominio
1934 1713 1997 1762 et
2028 1707 2092 1762 in
2127 1707 2550 1779 superioritate.

463 1790 502 1815 “
539 1788 798 1844 Habebit
830 1789 1007 1844 etiam
1029 1806 1100 1844 ea
1123 1807 1255 1860 qum
1289 1790 1485 1861 Reges
1521 1790 1756 1862 Angliae
1790 1791 2114 1861 antiquitus
2148 1798 2461 1847 tenuerunt
2494 1792 2555 1846 in

462 1873 501 1898 “
538 1871 683 1927 villa
712 1872 785 1927 de
808 1872 1157 1928 Mounstroil
1199 1892 1374 1946 super
1409 1874 1594 1939 Mare,
1633 1892 1771 1930 oum
1806 1874 2189 1947 pertinentiis,
2230 1882 2293 1932 et
2330 1873 2554 1931 'totum

462 1957 502 1981 “
538 1956 878 2012 comitatum
898 1955 1181 2022 Pontinae,
1209 1958 1464 2029 exeeptis
1487 1958 1664 2014 rebus
1687 1958 1955 2015 alienatis
1977 1975 2083 2030 per
2106 1957 2300 2029 Reges
2322 1958 2556 2030 Anglioe

463 2041 501 2065 ‘⁴
538 2038 615 2094 ad
648 2039 794 2096 alias
841 2057 1116 2111 personas
1166 2059 1344 2112 quam
1389 2042 1585 2113 Reges
1627 2041 1910 2098 Franeiae.
1986 2040 2128 2111 Quoe
2175 2043 2261 2098 sie
2307 2043 2558 2098 alienata

462 2125 502 2149 “
538 2123 589 2178 si
638 2124 765 2179 Rex
799 2124 1062 2180 Franoiae
1095 2131 1294 2181 teneat
1329 2127 1393 2180 in
1425 2126 1702 2197 presenti,
1747 2125 2041 2182 tenebitur
2086 2143 2159 2181 ea
2202 2125 2444 2180 reddere
2489 2142 2557 2180 ao

461 2208 501 2233 ‘⁶
537 2206 787 2263 liberare
843 2208 998 2279 Regi
1043 2209 1296 2280 Angliae,
1356 2210 1611 2282 exeeptis
1660 2210 1835 2266 terris
1883 2210 2134 2265 obtentis
2178 2226 2288 2282 per
2332 2226 2556 2264 exeam-

465 2293 503 2317 “
541 2290 706 2346 bium
741 2309 878 2347 eum
925 2292 1057 2347 aliis
1105 2293 1301 2348 terris.
1394 2292 1521 2362 Quo
1555 2311 1700 2349 casu
1734 2294 1859 2348 Rex
1893 2293 2129 2364 Angliae
2164 2292 2371 2348 reddet
2404 2292 2557 2362 Regi

461 2377 500 2402 ‘⁴
536 2375 799 2431 Franeiae
823 2376 909 2431 sic
932 2375 1148 2432 tradita
1167 2393 1275 2448 per
1297 2377 1678 2443 excambium,
1717 2378 1812 2432 vel
1848 2378 2154 2450 permittet
2185 2376 2460 2442 alienari3
2499 2380 2560 2430 et

461 2461 499 2485 ‘⁴
538 2459 591 2514 si
614 2459 863 2516 alienata
885 2460 999 2516 fuit
1019 2461 1283 2532 personis
1306 2460 1437 2517 aliis
1463 2479 1640 2532 quam
1663 2461 1928 2532 Regibus
1950 2462 2213 2519 Franoioe
2234 2478 2341 2534 per
2362 2460 2558 2531 Reges

460 2546 499 2569 ‘⁸
536 2543 789 2615 Angliae,
829 2550 891 2600 et
921 2550 1057 2615 post
1087 2551 1374 2601 venerunt
1407 2544 1484 2600 ad
1516 2564 1724 2601 manus
1762 2538 1945 2616 Regis
1981 2546 2242 2602 Francius
2264 2563 2370 2616 per
2390 2551 2557 2617 puta·

461 2630 500 2654 ‘⁴
538 2630 720 2697 gium,
750 2646 856 2684 seu
877 2628 1053 2683 aliam
1103 2627 1126 2661 ⁸
1132 2628 1355 2700 justam
1401 2647 1658 2695 causam,
1708 2630 1834 2684 Rex
1892 2630 2154 2685 Franoioe
2192 2648 2308 2684 non
2352 2629 2559 2685 reddet

460 2714 500 2739 “
537 2729 608 2767 ea
641 2712 755 2768 nisi
791 2712 1040 2768 debeant
1071 2712 1409 2784 homagium
1443 2713 1541 2768 vel
1575 2713 1694 2768 alia
1732 2713 2003 2779 servitia3
2054 2719 2196 2769 tune
2230 2713 2422 2769 tradet
2454 2712 2560 2767 illa

460 2798 499 2823 “
537 2796 798 2867 personis
859 2814 992 2867 quae
1050 2796 1266 2851 facient
1333 2797 1694 2867 homagium,
1757 2803 1861 2853 aut
1918 2798 2035 2853 alia
2095 2795 2351 2860 servitia,
2402 2796 2557 2866 Regi

460 2883 497 2907 ‘⁴
535 2880 785 2952 Angliae.
859 2880 1233 2952 Habebitque
1279 2880 1407 2935 Rex
1439 2880 1674 2951 Anglise
1720 2881 1977 2945 castella,
2027 2881 2218 2946 villas,
2269 2886 2330 2935 et
2373 2879 2555 2934 domi-

459 2966 496 2991 “
533 2964 716 3031 nium,
755 2964 828 3019 de
863 2964 1093 3036 Caleys,
1119 2963 1344 3029 Merke,
1384 2964 1660 3035 Sangate,
1700 2963 1996 3035 Coloigne,
2023 2965 2325 3028 Hammes,
2365 2962 2552 3027 Wale,

458 3050 497 3075 ‘⁶
534 3048 676 3120 Oye,
717 3066 852 3104 oum
886 3048 1153 3104 omnibus
1190 3048 1312 3103 suis
1347 3048 1734 3119 pertinentiis,
1775 3048 2072 3104 civitatem
2111 3048 2187 3103 de
2215 3048 2277 3104 la
2312 3046 2551 3110 Roehel,

456 3135 495 3160 ‘⁶
532 3138 594 3188 et
649 3133 854 3188 villam
914 3132 1114 3188 Sancti
1172 3131 1493 3187 wallerici.
1581 3130 1844 3188 Habebit
1902 3133 2083 3188 etiam
2144 3132 2271 3186 Rex
2322 3131 2555 3201 Angliae

455 3220 493 3244 “
530 3216 856 3281 castellum,
919 3216 1144 3282 villam,
1204 3222 1268 3271 et
1326 3220 1515 3271 totum
1573 3214 1915 3271 eomitatmn
1973 3215 2047 3271 de
2101 3214 2358 3287 Guynes,
2421 3232 2556 3269 eum

455 3302 494 3328 ‘⁸
530 3300 799 3356 omnibus
845 3299 923 3356 ad
968 3317 1033 3355 se
1089 3299 1535 3397 pertinentibus,
1596 3305 1720 3354 tam
1779 3299 2077 3370 integrum
2136 3299 2291 3355 siout
2348 3297 2556 3353 Comes

454 3386 493 3411 “
530 3385 796 3457 ejusdem
853 3385 1044 3441 tenuit
1088 3386 1153 3440 in
1196 3385 1322 3441 vita
1367 3402 1492 3440 sua.
1567 3382 1970 3455 Obedientque
2029 3384 2143 3440 sibi
2191 3400 2389 3439 omnes
2442 3383 2556 3439 viri

454 3473 494 3499 ‘⁶
531 3471 911 3527 ecelesiarum
980 3477 1041 3527 et
1109 3470 1358 3526 aliarum
1427 3468 1824 3525 eonditionum
1885 3469 2041 3524 infra
2114 3468 2332 3525 limites
2414 3468 2557 3524 dicti

453 3557 492 3582 “
531 3554 876 3620 Comitatus,
939 3555 1095 3611 sieut
1149 3553 1498 3610 obediebant
1553 3552 1868 3623 aliquando
1926 3553 2081 3624 Regi
2140 3553 2404 3609 Franeiae
2460 3552 2557 3608 vel

454 3641 492 3667 “
530 3638 749 3696 Gomiti
806 3639 881 3694 de
953 3638 1211 3710 Gruynes.
1285 3638 1365 3693 Et
1432 3637 1655 3693 tenebit
1722 3637 1851 3692 Rex
1918 3636 2153 3708 Anglioe
2221 3638 2418 3692 omnia
2485 3635 2557 3690 de

453 3724 492 3750 “
529 3723 735 3778 Merke
782 3729 845 3778 et
890 3721 1102 3794 Caleys
1148 3726 1418 3777 contenta
1451 3720 1514 3775 in
1547 3721 1824 3791 praesenti
1871 3720 2158 3787 Articulo,
2198 3727 2260 3776 et
2291 3720 2557 3776 Articulo

454 3809 492 3833 “
528 3806 901 3878 praeeedenti,
939 3806 1002 3861 in
1049 3806 1325 3871 dominio,
1375 3805 1634 3876 exeeptis
1682 3805 2123 3862 haereditatibus
2166 3822 2297 3876 quse
2332 3821 2557 3859 moran-

453 3892 491 3918 “
528 3896 628 3945 tur
673 3891 938 3946 eeclesiis
988 3890 1225 3954 ibidem,
1277 3895 1340 3945 et
1383 3888 1827 3947 haereditatibus
1862 3890 1996 3946 aliis
2036 3890 2101 3944 in
2136 3889 2398 3961 partibus
2434 3887 2554 3943 illis

452 3977 492 4003 “
529 3992 663 4045 quae
726 3974 1110 4030 morabuntur
1169 3972 1522 4039 haeredibus,
1599 3992 1790 4045 usque
1866 3973 1943 4029 ad
1999 3974 2258 4029 valorem
2323 3977 2554 4027 eentum

452 4060 491 4086 ‘⁸
529 4059 817 4113 librarum
876 4064 1124 4113 monetae
1183 4057 1257 4112 de
1315 4057 1543 4128 patria;
1607 4057 1713 4113 sed
1770 4055 1846 4112 de
1904 4056 2343 4112 haereditatibus
2400 4055 2555 4110 infra

452 4145 492 4170 ‘⁸
530 4142 735 4198 villam
780 4142 855 4198 de
904 4142 1115 4214 Caleys
1175 4141 1407 4197 ordinet
1463 4140 1591 4196 Rex
1635 4140 1872 4211 Anglioe
1932 4140 2007 4195 ad
2063 4139 2299 4195 libitum
2358 4157 2547 4205 suum,

449 4229 490 4255 ‘⁸
527 4233 590 4283 et
635 4227 722 4284 sio
760 4227 1147 4283 habitantium
1177 4227 1242 4281 in
1279 4225 1594 4290 comitatu,
1633 4225 1795 4290 villa,
1835 4229 1897 4280 et
1940 4223 2133 4288 terris,
2184 4223 2257 4278 de
2293 4220 2548 4295 Guynes,

452 4315 492 4340 ‘⁸
527 4312 710 4369 stabit
753 4312 1075 4369 dominium
1133 4312 1449 4381 integrum.
1525 4310 1651 4365 Rex
1709 4325 1850 4364 vero
1884 4307 2137 4378 Angliae,
2188 4313 2249 4363 et
2291 4307 2551 4365 haeredes

515 4546 530 4578 ¹
562 4546 716 4598 Circa
750 4545 808 4598 in
844 4545 1004 4612 orig-3
1044 4542 1303 4596 corrected
1323 4541 1453 4592 stom
1590 4543 1612 4573 ²
1634 4556 1795 4591 eorum
1819 4539 1875 4590 in
1898 4540 1984 4591 the
2006 4540 2205 4606 printed
2224 4546 2375 4593 texta.

449 4628 537 4678 the
569 4628 771 4693 printed
808 4632 957 4687 texts,
991 4624 1106 4676 MS.
1146 4622 1281 4674 Bibl.
1321 4622 1451 4687 Reg.
1587 4621 2006 4686 &atomum-a
2045 4620 2101 4671 in
2134 4620 2262 4687 orig.
2292 4641 2308 4680 ς
2362 4622 2432 4685 by
2474 4621 2554 4672 in·

453 4712 515 4758 18
537 4707 599 4759 E.
621 4707 693 4759 ix.
717 4708 820 4759 and
844 4706 1015 4771 Cleop.
1040 4705 1113 4756 A.
1136 4703 1241 4755 xvi.
1522 4701 1837 4752 adver-teneo.

2161 4806 2205 4856 ἰ’
2248 4794 2292 4856 2
