3300 5617
717 791 846 863 374
1377 806 1637 855 mom
1681 804 2150 855 wammam

384 998 523 1051 AD.
547 1003 689 1050 1:378.
716 993 1054 1059 incredulis,
1083 992 1208 1050 sive
1232 992 1451 1049 nostris
1486 992 1737 1060 aemulis,
1764 992 1885 1049 odii
1921 1009 2026 1049 seu
2060 992 2303 1050 malitiae
2338 993 2543 1066 ¹argui
2575 992 2600 1027 ²
2619 994 2816 1051 valea·
2845 1001 2968 1053 MS.
2997 1001 3142 1051 Bm

716 1097 866 1134 mus.
918 1078 1012 1133 Ne
1044 1096 1186 1149 ergo
1213 1078 1435 1134 lateant
1465 1078 1699 1134 omnino
1732 1078 1984 1150 posteris
2014 1079 2172 1134 facta
2203 1083 2549 1145 nostratum,
2575 1080 2815 1151 parcius
2839 1069 2982 1185 {⁶8-
3017 1074 3086 1118 ¹³

719 1181 894 1234 quam
931 1168 1099 1234 gesta
1133 1167 1271 1219 sunt
1309 1163 1504 1218 omnia
1536 1167 1678 1218 tunc
1711 1163 1994 1235 temporis
2028 1162 2285 1219 locuturi
2325 1181 2547 1228 sumus,
2591 1165 2816 1219 cursim
2933 1150 3016 1185 ¹¹·

718 1246 1089 1313 transeundO,
1117 1247 1313 1318 potius
1340 1264 1517 1318 quam
1542 1245 1787 1313 silendo,
1828 1246 2163 1313 infortunia,
2195 1265 2372 1319 quam
2393 1248 2458 1302 in
2479 1247 2695 1303 talibus
2732 1250 2820 1303 in-

720 1330 1014 1387 morando.

389 1421 471 1471 He
492 1435 684 1471 crosses
792 1414 1107 1484 Ingressus
1141 1430 1304 1468 mare
1340 1413 1495 1479 Dux,
1543 1420 1678 1484 post
1712 1430 1831 1469 non
1879 1413 2097 1469 multos
2137 1413 2285 1479 dies,
2337 1414 2414 1469 ad
2461 1414 2828 1469 Britanniam

390 1503 512 1538 ⁰V⁰r
531 1496 584 1537 ‘0
724 1505 815 1553 est
860 1497 1140 1567 trajectus
1185 1497 1575 1562 Armoricam,
1637 1497 1744 1552 ubi
1790 1498 2108 1553 combustas
2169 1502 2308 1553 sunt
2353 1498 2620 1569 quaedam
2665 1498 2828 1553 villae

391 1556 685 1671 183ξὲΞῆ
724 1600 828 1654 per
852 1582 1168 1637 Dominum
1190 1581 1514 1637 Robertum
1537 1581 1823 1647 Knolles;
1863 1581 1967 1636 sed
2002 1586 2152 1636 ’non
2184 1581 2442 1653 impune,
2468 1600 2605 1636 nam
2626 1582 2826 1654 plures

394 1688 602 1736 Knoneg
725 1667 925 1721 amisit
966 1683 1036 1719 ex
1069 1665 1493 1721 valentioribus
1528 1666 1677 1721 viris
1715 1666 1857 1724 suis.
1933 1665 2067 1720 Dux
2102 1682 2243 1721 vero
2279 1665 2355 1720 ad
2387 1665 2664 1721 Sanctum
2699 1666 2823 1720 Ma·

394 1754 506 1818 lays
529 1761 679 1803 waste
725 1751 885 1804 loum
924 1767 986 1804 se
1023 1767 1159 1804 cum
1183 1749 1451 1805 omnibus
1489 1750 1676 1821 copiis
1702 1749 1969 1815 contulit,
1996 1749 2202 1805 villam
2241 1749 2397 1805 inter
2430 1767 2629 1804 omnes
2655 1750 2824 1805 villas

396 1821 480 1871 the
502 1836 654 1871 0⁰⁰³·
727 1834 1050 1890 Britanniae
1084 1834 1391 1899 munitam,
1441 1833 1463 1866 ⁴
1481 1834 1568 1891 ita
1601 1839 1688 1899 ut,
1728 1833 1835 1889 illa
1879 1839 2067 1906 capta,
2122 1833 2332 1889 fecisse
2367 1833 2593 1904 aliquid
2627 1835 2823 1904 magni

394 1895 490 1952 ¹³¹7·
727 1918 1045 1974 videretur.
1122 1916 1240 1973 Sed
1262 1918 1488 1983 villani,
1515 1924 1584 1973 ut
1606 1916 1843 1983 dicitur,
1871 1917 1944 1972 de
1967 1916 2118 1973 tanti
2142 1917 2429 1973 exercitus
2454 1917 2826 1973 multitudine

726 2001 1073 2065 tremefacti,
1112 2001 1452 2057 obtulerunt
1486 2000 1639 2056 Duci
1675 2000 1900 2066 villam,
1940 2017 2010 2055 eo
2047 2005 2219 2072 pacto
2259 2006 2327 2057 ut
2367 2001 2494 2073 ipse
2530 2018 2629 2056 eos
2670 2018 2706 2055 a
2737 2018 2826 2055 ra-

727 2086 883 2156 pinis
921 2090 983 2142 et
1010 2084 1296 2141 incendiis
1332 2089 1618 2149 tueretur,
1660 2101 1795 2140 cum
1819 2083 2087 2139 omnibus
2123 2083 2291 2141 bonis
2328 2083 2470 2139 suis.
2547 2084 2664 2140 Sed
2694 2083 2828 2139 Dux

724 2168 874 2223 hanc
925 2168 1144 2225 civium
1199 2168 1650 2224 submissionem
1710 2167 2007 2224 aestimans
2068 2184 2199 2223 esse
2251 2166 2602 2232 vecordiam,
2657 2176 2830 2239 prout

728 2251 1031 2307 dicebatur
1067 2269 1105 2306 a
1138 2251 1427 2325 pluribus,
1457 2251 1659 2307 audita
1693 2256 1816 2307 tam
1857 2251 2155 2322 ‘gratiosa
2193 2249 2541 2316 conditione,
2567 2267 2682 2305 non
2705 2268 2827 2306 sus-

730 2336 886 2407 cepit
921 2353 1040 2402 eos,
1081 2335 1186 2391 sed
1220 2336 1459 2407 repulit,
1499 2335 1562 2391 in
1595 2340 1828 2391 tantum
1866 2341 1934 2391 ut
1979 2352 2184 2407 pacem
2216 2334 2470 2390 oblatam
2510 2341 2823 2406 sperneret,

728 2418 1007 2475 mandans
1044 2424 1113 2475 ut
1146 2419 1273 2475 sine
1321 2419 1651 2477 conditione
1699 2418 1900 2490 aliqua
1936 2418 2251 2473 redderent
2292 2417 2405 2473 sibi
2451 2418 2675 2484 villam,
2714 2419 2827 2474 fac-

728 2508 862 2558 turo
899 2501 972 2556 de
1009 2520 1079 2558 ea
1132 2507 1194 2558 et
1228 2503 1458 2559 civibus
1502 2520 1868 2574 quaecunque
1911 2502 2024 2557 sibi
2076 2502 2353 2573 placeret.
2458 2500 2633 2557 Cives
2668 2519 2825 2568 vero,

727 2594 1039 2658 postquam
1073 2586 1200 2642 haec
1236 2586 1556 2651 audissent,
1593 2586 1861 2642 videntes
1901 2603 2029 2641 rem
2067 2586 2169 2657 agi
2202 2603 2309 2658 pro
2349 2585 2658 2656 capitibus,
2697 2604 2826 2641 con·

729 2675 899 2742 cepta
934 2669 1181 2727 audacia
1201 2670 1406 2725 villam
1443 2670 1716 2727 alacriter
1751 2670 2110 2726 munierunt.
2185 2668 2322 2723 Dux
2366 2686 2526 2734 vero,
2573 2669 2828 2725 collectis

729 2752 1102 2818 exercitibus,
1145 2758 1206 2808 et
1245 2752 1421 2809 rebus
1459 2752 1860 2829 expugnandae
1893 2752 2055 2809 villae
2091 2752 2459 2818 necessariis,
2491 2752 2675 2824 jussit
2709 2754 2830 2809 suis

729 2843 798 2892 ut
832 2837 988 2892 irent
1025 2835 1101 2891 ad
1142 2836 1557 2908 experiendum
1591 2837 1749 2893 vires
1789 2854 1924 2893 cum
1959 2836 2216 2903 villanis,
2256 2836 2398 2891 dum
2435 2836 2562 2903 ipse
2597 2837 2829 2892 interim

731 2938 793 2974 se
829 2919 1154 2975 contineret
1190 2937 1227 2975 a
1257 2919 1454 2991 longe,
1481 2920 1981 2991 contemplaturus
2004 2918 2312 2985 bellanteS,
2347 2926 2407 2976 et
2442 2920 2692 2990 optimos
2726 2939 2830 2993 pro

730 3003 958 3058 meritis
994 3009 1491 3059 remuneraturus.
1569 3003 1899 3061 Conserunt
1923 3020 2065 3075 ergo
2099 3020 2307 3059 manus
2331 3001 2572 3075 Anglici
2609 3014 2668 3059 et
2702 3005 2833 3059 Bri-

732 3087 912 3151 tanni,
954 3091 1013 3142 et
1065 3086 1085 3117 ⁶
1100 3087 1379 3143 utrolibet
1428 3087 1643 3143 acriter
1703 3087 2064 3143 decertatum
2124 3094 2234 3153 est,
2296 3087 2419 3142 illis
2467 3089 2832 3159 cupientibus

730 3187 825 3225 res
874 3175 935 3225 et
984 3169 1178 3240 capita
1223 3170 1537 3236 custodire,
1603 3169 1735 3226 istis
1795 3188 1828 3224 e
1876 3171 2166 3226 contrario
2219 3170 2540 3227 nitentibus
2585 3172 2832 3227 villanos

731 3259 1002 3319 atterere,
1043 3260 1104 3309 et
1137 3253 1365 3311 civibus
1401 3253 1552 3324 ⁷[et]
1593 3271 1797 3309 eorum
1826 3254 2294 3325 possessionibus
2330 3256 2635 3311 dominari.
2711 3255 2832 3314 Sed

399 3344 510 3394 The
534 3344 686 3393 Duke
732 3336 985 3402 tandem,
1025 3343 1093 3393 ut
1128 3338 1405 3403 creditur,
1446 3338 1725 3409 injuriam
1771 3339 1963 3409 passis
2012 3339 2245 3393 fortuna
2290 3339 2491 3403 ⁸favit,
2532 3346 2591 3394 et
2627 3357 2831 3411 preva-

398 3412 443 3461 is
465 3412 692 3494 dffeated
732 3422 973 3476 luerunt
1020 3421 1309 3487 Britanni,
1361 3420 1634 3492 Anglicis
1686 3440 1722 3475 a
1767 3424 1955 3477 muris
1990 3422 2244 3494 turpiter
2280 3423 2424 3478 satis
2462 3422 2721 3493 dejectiS,
2774 3430 2836 3478 ct

396 3480 616 3594 maim
735 3505 1182 3577 quamplurimis
1208 3522 1280 3559 ex
1306 3505 1728 3561 valentioribus
1753 3506 2096 3562 interfectis.
2173 3506 2328 3575 Quid
2351 3506 2563 3577 plura?
2631 3507 2839 3562 Doluit

508 3560 551 3595 θ’
733 3589 867 3644 Dux
902 3606 1142 3645 suorum
1177 3590 1333 3644 facta
1366 3589 1595 3655 foedari,
1635 3607 1772 3645 cum
1814 3591 1938 3645 suis
1978 3589 2267 3646 militibus
2306 3588 2736 3662 praestantiores
2773 3591 2838 3645 in

733 3690 906 3743 opere
941 3671 1157 3728 Martio
1192 3673 1493 3743 reperiret.
1570 3672 1955 3744 Quapropter,
1994 3674 2243 3730 recessit
2265 3674 2473 3739 iratus,
2512 3673 2838 3746 dedignans

732 3747 1006 3812 accedere
1061 3756 1137 3811 ad
1184 3755 1383 3812 hostes
1437 3763 1559 3813 tam
1618 3764 1815 3815 truces
1833 3779 1849 3825 ς
1915 3757 2018 3813 sed
2068 3757 2191 3813 illis
2243 3758 2537 3814 commisit
2580 3759 2838 3832 propriis

733 3840 977 3895 arbitrio
1014 3845 1074 3896 et
1107 3839 1415 3896 voluntati.

400 3928 709 3981 TheFrench
807 3923 925 3980 Sed
961 3924 1101 3979 dum
1152 3923 1279 3979 haec
1326 3928 1602 3994 aguntur,
1655 3923 1871 3981 Gallici
1905 3941 2068 3980 mare
2108 3942 2387 3981 oceanum
2426 3931 2836 3998 pervagantes,

398 3997 588 4129 {wey
610 4065 711 4115 and
733 4007 906 4064 villas
942 4008 1006 4064 in
1034 4007 1331 4064 Oornubia
1365 4008 1611 4064 licenter
1645 4008 1983 4076 incendunt,
2009 4008 2288 4066 videlicet
2321 4009 2534 4082 Fowey
2569 4016 2632 4067 et
2665 4028 2839 4083 quas-

801 4268 814 4298 ¹
840 4269 978 4334 reym‘
1010 4268 1065 4316 in
1103 4268 1233 4334 orig.
1280 4270 1379 4319 and
1423 4270 1510 4321 the
1543 4270 1740 4334 printed
1902 4271 1922 4299 ³
1940 4268 2150 4335 ylariosa
2171 4270 2226 4319 in
2250 4270 2410 4335 orig.;
2433 4274 2685 4323 corrected
2704 4272 2841 4323 from

734 4355 871 4397 texts
895 4368 909 4406 ς
958 4349 1212 4398 corrected
1269 4348 1399 4398 stom
1435 4349 1569 4399 Bibl.
1610 4350 1735 4414 Reg.
1834 4349 1919 4400 the
1941 4350 2144 4414 printed
2164 4356 2313 4401 texts.
2679 4352 2694 4369 ⁶

723 4430 798 4476 '13
822 4427 881 4476 E.
905 4426 979 4476 ix.
1899 4431 1921 4459 ⁸
1941 4428 2190 4493 utrobique
2212 4430 2266 4479 in
2289 4430 2376 4480 the
2397 4430 2594 4495 printed
2618 4438 2769 4484 texts.

798 4532 819 4560 2
843 4537 1060 4577 taxentur
1082 4529 1136 4577 in
1160 4529 1246 4579 the
1267 4529 1465 4594 printed
1489 4538 1635 4582 texts.
1835 4587 1879 4635 E
1900 4508 2724 4653 ἓξυξξξῖῖρῒίἰῗωξίζὲωᾘθὲ·
2781 4519 2843 4563 ¹3

1897 4669 1917 4696 ⁸
1931 4670 2103 4731 patuit
2133 4668 2188 4718 in
2224 4669 2352 4737 orig.
2381 4692 2394 4732 ;
2430 4672 2685 4722 corrected
2707 4672 2846 4723 from

800 4741 819 4770 ⁴
842 4740 916 4789 ita
939 4738 1148 4790 omitted
1171 4739 1226 4788 in
1249 4740 1334 4791 the
1350 4740 1550 4805 printed
1568 4749 1717 4794 texte.
1831 4745 1917 4796 the
1939 4747 2141 4810 printed
2158 4755 2309 4801 texts.

799 4638 819 4666 ⁸
842 4651 935 4682 non
954 4633 1162 4684 omitted
1184 4634 1239 4684 in
1257 4636 1343 4686 the
1366 4635 1564 4699 printed
1586 4643 1734 4687 texts.
