3300 5617
1091 831 1417 884 amoma
1444 831 1862 884 momenta
1935 801 1942 808 ’
2451 823 2534 885 41

161 1022 174 1035 ⁹
388 1061 402 1074 .
444 1020 484 1046 “
520 1017 852 1091 recipiendo
900 1017 1085 1074 libere
1150 1019 1453 1090 prlnfatam
1516 1017 1826 1075 Dominam
1889 1017 2305 1089 Margaretam,
2360 1017 2539 1074 filiam
2565 1037 2703 1090 ΑΒ,
2730 1045 2873 1091 1292.

123 1089 216 1141 ΜΒ·
234 1088 374 1141 Βίῧῑ
444 1106 483 1131 “
519 1109 794 1167 nostram,
857 1102 921 1158 in
980 1102 1289 1158 Dominam
1349 1109 1410 1159 et
1465 1102 1755 1175 Reginam
1812 1101 1983 1174 regni
2044 1101 2275 1167 Scotioe,
2327 1119 2435 1157 nec
2487 1103 2542 1157 ei

121 1156 319 1275 {²2¹³
444 1189 481 1215 ‘⁴
519 1186 836 1243 obediendo
874 1187 937 1242 in
975 1186 1189 1258 aliquo.
1281 1186 1362 1242 Et
1406 1186 1482 1242 ad
1529 1186 1844 1259 petendum
1896 1185 2364 1259 supplementum
2418 1204 2545 1259 sep-

442 1273 483 1300 “
519 1272 915 1343 tingentarum
971 1289 1319 1335 marcarum,
1407 1289 1552 1343 quas
1628 1271 1843 1326 habero
1914 1269 2192 1326 debemus
2263 1288 2301 1325 a
2361 1288 2544 1342 regno

443 1357 483 1383 ‘⁶
524 1355 752 1421 Scotioe,
781 1355 1080 1411 occasione
1114 1355 1268 1410 dotis
1305 1354 1570 1410 Dominae
1606 1354 1976 1426 Margaretae,
2005 1355 2145 1410 olim
2168 1354 2306 1409 filiae
2330 1361 2544 1410 nostroe

446 1442 484 1468 ‘⁸
522 1446 584 1496 et
622 1441 820 1495 uxoris
870 1439 1056 1510 Regis
1101 1438 1313 1495 Scotiae
1365 1437 1664 1512 praedicti3
1705 1456 1840 1493 cum
1892 1439 2119 1494 fructus
2179 1445 2241 1494 et
2278 1438 2544 1494 redditus

442 1527 484 1551 ⁴‘
520 1529 810 1580 terrarum
844 1523 1011 1579 nobis
1037 1523 1357 1594 ¹assignati
1390 1541 1499 1595 pro
1534 1523 1919 1595 septingentis
1954 1524 2168 1579 marcis
2204 1525 2431 1590 annuis,
2470 1524 2548 1580 ad

447 1610 974 1680 “quingentarum
1009 1624 1339 1663 marcarum
1376 1623 1665 1662 summam
1699 1623 1814 1660 non
1850 1608 2179 1663 ascendant.
2255 1608 2428 1674 Item,
2469 1607 2545 1663 ad

448 1696 485 1720 “
523 1691 813 1764 agendum
848 1699 910 1748 et
953 1690 1398 1757 defendendum,
1448 1691 1797 1747 lucrandum
1832 1697 1893 1747 et
1930 1690 2309 1764 perdendum,
2349 1710 2546 1748 coram

447 1779 485 1804 ‘⁸
522 1777 763 1849 praefato
786 1776 1078 1847 Principe,
1118 1776 1368 1831 Domino
1404 1774 1710 1841 Edward0‚
1750 1774 1916 1847 Rege
1950 1777 2205 1847 Anglioe,
2246 1778 2545 1849 superiore

448 1864 485 1888 ‘⁸
523 1860 755 1915 domino
776 1861 946 1931 regni
966 1859 1197 1925 Scotiae,
1217 1858 1416 1915 debita
1433 1858 1948 1932 quomodocunque
1964 1864 2025 1915 et
2042 1861 2542 1933 qualitercunque,

447 1948 485 1972 “
522 1950 584 1999 et
640 1961 712 1999 ex
770 1960 1115 2016 quacunque
1173 1961 1352 1998 causa
1394 1942 1492 1997 vel
1540 1942 1752 2007 causis,
1808 1942 1975 1998 nobis
2013 1942 2349 2010 debeantur,
2403 1950 2466 2000 et
2512 1962 2549 2000 a

446 2032 485 2055 ‘⁴
520 2028 961 2100 quibuscunque
1002 2027 1284 2099 personis,
1338 2027 1482 2091 loce,
1534 2026 1630 2081 vel
1665 2026 2065 2092 universitate,
2108 2033 2169 2083 et
2202 2045 2546 2099 quocunque

442 2115 480 2140 “
517 2112 747 2168 nomine
784 2111 889 2166 illa
933 2110 1073 2184 jura
1123 2116 1498 2175 censeantur3
1551 2115 1612 2164 et
1660 2107 1736 2163 ad
1787 2108 1983 2163 omnia
2034 2108 2151 2165 alia
2201 2117 2263 2165 et
2313 2111 2549 2182 singula

441 2198 478 2222 ‘¹
515 2195 795 2259 facienda,
836 2213 967 2267 qnae
1001 2194 1128 2250 veri
1165 2199 1226 2249 et
1257 2193 1513 2265 legitimi
1560 2193 1835 2248 attornati
1873 2209 1978 2248 seu
2013 2199 2432 2265 procuratores,
2485 2200 2549 2250 et

442 2282 479 2307 ‘⁴
500 2280 733 2350 nuncii,
761 2280 952 2334 facere
975 2285 1214 2350 possent
1238 2278 1302 2333 in
1335 2277 1675 2349 praemissis,
1716 2282 1777 2332 et
1812 2276 2062 2347 quilibet
2086 2278 2541 2349 praemissorum,

442 2366 481 2390 ‘⁴
519 2365 571 2420 si
604 2362 942 2418 mandatum
978 2362 1154 2418 etiam
1191 2361 1493 2432 exegerint
1527 2360 1798 2432 speciale,
1839 2366 1901 2416 et
1936 2377 2066 2432 quoe
2101 2369 2330 2417 nosmet
2352 2363 2543 2418 facere

442 2449 480 2474 ‘⁸
518 2464 839 2519 possemus,
868 2448 920 2502 si
944 2452 1260 2519 praesentes
1285 2462 1579 2510 essemus;
1617 2444 2024 2516 promittentes
2051 2443 2158 2500 snb
2177 2443 2199 2475 ²
2220 2443 2546 2517 hypotheca

443 2533 481 2558 “
520 2536 580 2586 et
613 2530 964 2603 obligatione
1000 2531 1260 2585 omnium
1300 2529 1581 2584 bonorum
1629 2534 1981 2595 nostrorum,
2037 2534 2272 2600 pactum
2306 2530 2544 2584 firmum

440 2616 481 2642 ‘⁸
519 2621 581 2670 et
613 2621 848 2686 gratum
897 2614 1112 2670 habere
1149 2619 1211 2669 et
1242 2619 1439 2669 tenere
1480 2618 1781 2685 perpetuo,
1847 2618 1909 2668 et
1975 2629 2090 2667 non
2146 2614 2544 2669 contravenire

442 2701 481 2726 “
519 2698 715 2771 aliquo
752 2698 990 2770 ingenio
1023 2698 1122 2754 vel
1155 2695 1347 2761 modo,
1395 2695 1679 2768 quicquid
1726 2713 1832 2767 per
1876 2695 2186 2767 praedictos
2226 2703 2543 2753 attornatos

442 2785 481 2810 ‘⁴
521 2800 627 2839 seu
671 2787 1076 2854 procuratores
1124 2787 1374 2846 nostros,
1434 2779 1536 2836 vel
1588 2779 1735 2835 duos
1784 2778 1993 2835 saltem
2046 2798 2118 2835 ex
2176 2782 2283 2847 eis,
2345 2787 2543 2837 actum

443 2871 482 2895 ‘⁸
519 2868 614 2923 vel
683 2872 1058 2939 procuratum
1129 2866 1310 2921 fuerit
1365 2866 1429 2921 in
1485 2865 1826 2937 praemissis,
1901 2864 2000 2919 vel
2058 2865 2320 2936 quolibet
2397 2883 2544 2938 prae-

442 2954 482 2979 “
518 2951 849 3008 missorum.
926 2950 1079 3007 Data
1110 2949 1507 3020 Tonsborgioe,
1546 2966 1695 3004 anno
1728 2948 1987 3014 Domini,
2026 2955 2159 3015 etc„
2187 2967 2336 3005 anno
2369 2951 2542 3022 regni

443 3036 483 3062 ‘⁴
517 3036 703 3091 nostri
740 3034 1159 3091 tertiodecimo,
1269 3033 1345 3088 In
1379 3033 1547 3105 cujus
1582 3033 1673 3088 rei
1711 3032 2128 3098 testimonium,
2169 3033 2275 3089 has
2315 3033 2542 3090 litteras

444 3121 485 3146 “
521 3119 649 3174 fleri
674 3119 942 3185 fecimus,
983 3124 1044 3174 et
1064 3116 1252 3174 nostri
1277 3118 1465 3188 sigilli
1487 3116 1808 3172 munimine
1831 3115 2152 3171 roborari.”

772 3311 969 3395 Quod
1013 3308 1161 3379 dies
1205 3308 1411 3379 datus
1455 3314 1547 3376 est
1588 3306 1764 3395 Reyi
1806 3306 1885 3375 N
1879 3307 2208 3395 orwayioe.

514 3452 887 3529 Requisitum
937 3458 1055 3514 fuit
1093 3457 1167 3512 de
1215 3455 1437 3513 eisdem
1483 3454 1811 3520 attornatis,
1864 3453 2007 3525 quid
2059 3454 2250 3510 voluit
2308 3455 2540 3522 addere,
2567 3471 2621 3520 A
2646 3473 2744 3538 <¹⁸5

444 3540 723 3604 minuere,
748 3540 848 3596 vel
870 3546 1117 3606 mutare,
1146 3546 1207 3596 et
1230 3538 1385 3611 qnod
1408 3540 1470 3594 in
1492 3539 1774 3611 petitione
1799 3555 1908 3594 sua
1930 3537 2119 3593 danda
2140 3537 2544 3596 declararent?
2567 3537 2719 3603 given
2743 3547 2796 3590 to

444 3623 557 3693 Qui
615 3624 835 3690 dicunt,
889 3624 1045 3697 quod
1089 3624 1297 3681 nolunt
1341 3621 1658 3688 declarare,
1709 3629 2022 3694 antequam
2069 3623 2383 3680 habuerint
2428 3624 2544 3681 col·
2567 3604 2653 3655 ὼε
2668 3621 2860 3684 “n'‘’.Y‘

445 3708 706 3781 loquium
756 3728 892 3765 cum
938 3708 1095 3766 dicto
1144 3708 1395 3764 Domino
1441 3706 1607 3779 Rege
1654 3705 1907 3778 Angliae,
1963 3708 2250 3780 superiori
2310 3708 2544 3763 domino
2568 3670 2877 3804 3ξὲἓέἒέ

444 3794 611 3864 reg-ni
664 3792 909 3861 Scotiae3
961 3812 1070 3850 nec
1105 3792 1332 3865 aliquid
1368 3790 1530 3847 aliud
1570 3806 1892 3863 proponere
1926 3791 2023 3846 vel
2059 3791 2252 3847 dicere
2289 3810 2360 3847 ea
2392 3793 2540 3848 vice.

444 3876 524 3933 Et
554 3877 680 3933 haec
716 3878 1025 3949 requisitio
1061 3879 1178 3934 fuit
1224 3878 1400 3942 sacta,
1455 3876 1596 3947 quia
1636 3875 1784 3930 alias
1824 3875 1886 3930 in
1925 3875 2205 3947 petitione
2245 3894 2369 3943 sua,
2415 3893 2545 3948 quae

443 3977 638 4015 coram
687 3961 835 4032 ipsis
882 3961 999 4017 fuit
1041 3960 1262 4016 ibidem
1309 3959 1481 4026 lecta,
1531 3959 1858 4015 reservavit
1904 3958 2017 4014 sibi
2065 3959 2410 4015 beneficium
2447 3960 2546 4015 ad-

443 4042 636 4109 dendi,
687 4044 1004 4108 minuendi,
1059 4050 1120 4100 et
1165 4043 1464 4110 mutandi;
1514 4048 1691 4115 prout
1735 4041 1964 4114 plenius
2003 4060 2071 4097 ex
2108 4050 2307 4098 tenore
2358 4044 2545 4116 ipsius

443 4127 741 4199 petitionis
777 4133 1034 4200 apparet.
1110 4127 1190 4183 Et
1236 4127 1408 4183 datus
1445 4131 1538 4182 est
1571 4127 1659 4182 eis
1695 4125 1822 4182 dies
1858 4144 2045 4197 usque
2082 4126 2157 4181 ad
2192 4127 2351 4184 diem
2385 4128 2544 4183 Mer-

444 4212 593 4266 curii
627 4211 958 4283 proximum
993 4218 1353 4283 sequentem,
1394 4210 1470 4266 ad
1518 4209 1874 4266 audiendum
1909 4210 2272 4268 voluntatem
2308 4212 2546 4270 Domini

444 4293 650 4366 Regis.

514 4379 745 4444 Postea,
797 4377 891 4435 die
950 4377 1232 4436 Mercurii
1292 4378 1552 4451 proximo
1602 4383 1740 4449 post
1786 4378 2004 4434 festum
2059 4378 2229 4436 Beati
2280 4378 2543 4446 Martini,

446 4470 732 4520 venerunt
778 4463 1045 4535 praedicti
1094 4463 1371 4520 attornati
1417 4463 1602 4534 Regis
1648 4461 1983 4534 Norwagiae
2041 4481 2237 4520 coram
2288 4464 2549 4521 Consilio

517 4733 802 4802 ¹assiqnari
832 4735 891 4786 in
928 4734 1071 4804 orig„
1104 4733 1346 4802 assignati
1382 4731 1436 4783 in
1609 4746 1844 4815 2,γροτκκι
1865 4747 1920 4798 in
1943 4746 2069 4815 orig.

454 4815 542 4866 the
561 4815 764 4882 printed
785 4823 934 4868 texts.
