3300 5617
1106 758 1434 813 msronu.
1461 758 1872 812 Ausucum
2407 744 2540 815 367

54 934 221 990 MS.
241 934 379 989 Bibl.
443 939 734 1005 vagantur
768 935 965 1000 vicos3
1017 951 1162 1005 quos
1190 935 1401 1006 dignos
1438 935 1780 1008 captivitate
1805 933 2090 1006 judicant,
2129 950 2230 989 eos
2264 934 2542 989 videlicet
2568 936 2710 989 A.D.
2732 942 2879 996 1378.

54 1002 238 1083 Reg.
265 1010 328 1056 ¹3
447 1020 549 1090 qui
573 1019 813 1089 dignam
832 1034 1121 1073 summam
1144 1020 1407 1090 pecuniae
1430 1035 1538 1091 pro
1560 1019 1960 1090 redemptione
1974 1017 2226 1089 pendere
2250 1022 2537 1089 poterant,

56 1069 146 1121 E·
178 1086 271 1123 ¹¹·
445 1101 774 1157 vinculatos
810 1101 883 1156 ad
920 1117 1064 1157 vasa
1110 1101 1409 1159 deducunt
1434 1123 1451 1170 ς
1501 1102 1724 1169 domos,
1755 1118 1892 1159 cum
1927 1102 2213 1167 ecclesiia,
2265 1100 2539 1173 spoliant,

448 1187 511 1241 in
558 1185 827 1241 omnibus
878 1185 1254 1242 remetientes
1305 1187 1393 1242 eis
1447 1185 1466 1220 ¹
1480 1188 1725 1242 eandem
1777 1202 2112 1242 mensuram
2153 1203 2331 1258 quam
2377 1186 2543 1257 prius

449 1270 636 1325 mensi
694 1271 926 1326 fuerant
983 1270 1139 1341 apud
1198 1270 1426 1342 Ryam3
1499 1271 1603 1326 ubi
1663 1271 1900 1327 tandem
1956 1271 2302 1327 invenerunt
2358 1268 2546 1324 multa
2572 1277 2696 1326 And
2716 1290 2857 1327 reco-

451 1354 638 1425 spolia
660 1370 791 1425 quae
827 1353 1187 1409 abduxerant
1221 1352 1295 1409 de
1328 1353 1474 1410 villa
1506 1354 1581 1410 de
1616 1355 1765 1427 Rya,
1816 1361 1879 1411 et
1909 1356 2203 1427 praecipue
2235 1371 2544 1426 campanas
2572 1359 2663 1393 ver
2678 1359 2832 1407 many

452 1456 597 1510 quas
632 1437 888 1493 tulerant
923 1438 996 1492 de
1032 1438 1299 1503 ecclesia,
1326 1454 1463 1494 cum
1498 1438 1738 1510 plumbo
1773 1440 1951 1494 etiam
1986 1438 2141 1511 quod
2175 1438 2548 1495 detraxerant,
2572 1411 2732 1527 (ἓξὲξ
2745 1475 2853 1525 that

452 1522 723 1577 infaustis
758 1521 1027 1577 manibus
1064 1522 1139 1577 de
1172 1522 1395 1577 eadem.
1470 1520 1729 1578 Tandem
1770 1522 2237 1579 commendantes
2272 1523 2549 1578 universa
2575 1493 2679 1593 hlzd
2701 1544 2826 1594 been

452 1606 735 1671 Vulcano,
761 1605 1139 1672 descendunt,
1165 1604 1190 1637 ²
1206 1606 1307 1676 [ad
1327 1604 1555 1678 villam]
1582 1606 1655 1662 de
1679 1605 1896 1678 Wylet,
1923 1624 2038 1662 non
2060 1606 2262 1678 procul
2275 1607 2545 1679 positam,
2577 1611 2730 1660 taken
2755 1611 2886 1659 from

453 1694 848 1762 properantes,
888 1695 966 1757 et,
1017 1688 1239 1745 similia
1273 1690 1551 1747 facientes
1600 1688 1838 1757 ibidem,
1885 1690 2122 1747 domum
2171 1706 2306 1747 cum
2353 1686 2551 1763 praeda
2579 1678 2703 1741 Rye.

455 1773 897 1845 opulentissima
917 1778 1058 1831 sunt
1090 1772 1401 1845 ’regressi.

1014 1992 1272 2061 Potitio
1302 1991 1520 2060 Ducis
1549 1989 1991 2059 Lamoemoe.

527 2157 643 2213 Per
677 2157 836 2213 idem
869 2163 1100 2230 tempus
1125 2157 1167 2213 J
1168 2156 1421 2213 ohannes
1446 2156 1582 2212 Dux
1604 2155 1960 2213 Lancastriae
1996 2154 2280 2210 instanter
2314 2155 2556 2227 expetiit
2585 2156 2695 2206 The
2717 2154 2868 2207 Duke

458 2247 527 2298 ut
549 2243 814 2314 pecunia,
852 2259 1250 2313 praeconcessit
1272 2241 1425 2313 Regi
1462 2240 1525 2296 in
1560 2241 1770 2296 ultimo
1805 2238 2199 2294 Parliamento
2233 2256 2271 2294 a
2303 2239 2461 2295 clero
2495 2245 2557 2295 et
2584 2223 2644 2272 ⁰¹⁰
2661 2224 2878 2273 Lan‘ffiss·

458 2325 644 2391 laicis,
689 2325 709 2354 ⁴
727 2344 833 2382 suo
869 2325 1110 2381 arbitrio
1144 2324 1495 2390 traderetur,
1534 2323 1827 2379 affirmans
1865 2342 1929 2379 se
1965 2323 2235 2379 inimicos
2272 2341 2309 2378 a
2343 2323 2555 2379 finibus
2585 2296 2892 2406 ξζζῖῖὲἓωω

459 2410 693 2480 Angliae
739 2428 846 2482 per
891 2428 1107 2465 annum
1153 2410 1453 2481 integrum
1499 2426 1633 2463 cum
1670 2409 1799 2480 ipsa
1832 2408 2082 2479 pecunia
2115 2412 2459 2473 artatum,
2499 2413 2560 2463 et
2586 2438 2771 2486 money

461 2493 700 2566 insuper
734 2492 973 2565 aliquod
1006 2492 1352 2566 praegrande
1405 2491 1773 2547 commodum
1820 2491 2154 2547 allaturum.
2231 2490 2416 2562 Cujus
2452 2492 2558 2546 im·
2586 2491 2795 2553 granted
2815 2488 2896 2539 for

460 2583 723 2648 portunoe
776 2576 1063 2648 petitioni,
1117 2576 1257 2631 lioet
1306 2575 1498 2641 inviti,
1551 2580 1853 2646 magnates
1903 2592 2226 2639 assensum,
2281 2593 2398 2630 non
2433 2576 2558 2630 sine
2587 2558 2670 2605 the
2693 2558 2778 2605 de-

461 2659 653 2716 cordis
701 2656 1109 2726 amaritudide,
1159 2666 1337 2731 prout
1391 2659 1625 2724 dicitur,
1677 2659 2094 2731 praebuerunt3
2132 2664 2558 2730 praenoscentes
2586 2624 2842 2738 {2¹33}ss

462 2743 753 2799 fortunam
777 2742 1081 2800 adversam
1111 2743 1243 2809 sibi,
1275 2749 1337 2798 et
1366 2742 1562 2814 ipsum
1590 2742 1769 2798 etiam
1791 2748 2018 2798 tantum
2040 2743 2104 2797 in
2133 2759 2318 2814 regno
2339 2742 2556 2808 valere,
2585 2763 2639 2805 to
2663 2755 2743 2805 his

462 2832 533 2881 ut
554 2827 786 2882 omnino
820 2844 937 2881 non
961 2826 1261 2898 expediret
1295 2826 1315 2858 ⁶
1331 2825 1418 2882 eis
1455 2827 1584 2898 ejus
1620 2826 2017 2882 contradicere
2052 2826 2355 2883 voluntati.
2432 2825 2559 2881 Pri·
2588 2821 2784 2888 charge·

464 2927 627 2965 mum
676 2927 819 2982 ergo
855 2909 1012 2964 diem
1061 2909 1279 2965 mensis
1333 2908 1539 2965 Martii
1594 2914 1877 2975 statuunt,
1918 2910 2164 2966 diffinito
2199 2909 2461 2975 consili0,
2501 2910 2564 2965 in

472 3010 587 3064 quo
623 3009 822 3049 omnes
859 2998 920 3048 et
954 2992 1177 3064 singuli
1215 2993 1317 3064 qui
1352 2992 1491 3049 huic
1526 2993 1872 3065 profectioni
1908 2994 2274 3059 interessent,
2296 2993 2372 3049 ad
2406 3010 2566 3048 mare

468 3075 657 3148 parati
710 3093 816 3148 per
868 3076 1062 3131 omnia
1110 3076 1502 3132 convenirent.
1577 3076 1658 3132 Et
1703 3094 1776 3131 ne
1813 3077 2051 3133 interim
2095 3077 2362 3134 custodia
2405 3094 2567 3132 mare

472 3165 715 3225 careret,
778 3158 1079 3215 conductoe
1136 3165 1277 3216 sunt
1332 3176 1545 3215 novem
1601 3177 1782 3216 naves
1819 3159 1892 3215 de
1928 3160 2371 3225 Baionensibus,
2435 3177 2567 3231 qnae

472 3261 633 3299 mare
668 3248 730 3299 et
763 3244 989 3299 aridam
1032 3248 1339 3299 tuerentur
1373 3242 1447 3298 ab
1482 3242 1815 3299 incursibus
1857 3249 1918 3299 et
1956 3244 2277 3301 latrociniis
2316 3243 2567 3299 Gallico·

474 3345 625 3382 rum.
700 3326 843 3397 Quae
878 3328 1181 3383 instructae
1217 3326 1530 3383 sufficienti
1575 3344 1756 3382 manu
1802 3332 2044 3393 armata,
2096 3328 2160 3383 in
2204 3328 2372 3383 brevi
2407 3345 2569 3383 mare
2594 3341 2810 3406 victory

473 3410 783 3476 sulcantes,
810 3411 1050 3468 obviant
1085 3410 1325 3482 navigio
1367 3415 1429 3466 et
1474 3410 1874 3466 mercimoniis
1909 3410 2348 3482 Hispanorum3
2400 3411 2569 3466 'mito-
2594 3409 2780 3475 gained

476 3512 588 3567 que
625 3495 914 3562 conflictu,
964 3495 1211 3551 classem
1246 3494 1622 3550 vehementer
1657 3493 1944 3550 invadunt
1975 3494 2374 3566 Hispanicam,
2415 3500 2476 3550 et
2508 3494 2570 3549 in
2594 3490 2760 3555 ‘’Yet“
2776 3474 2902 3540 31³⁸*

475 3578 639 3637 brevi
675 3579 861 3651 captis
897 3579 1101 3635 decem
1134 3585 1198 3634 et
1233 3584 1486 3650 quatuor
1508 3578 1761 3644 ratibus,
1800 3578 2028 3633 onustis
2064 3577 2296 3633 Baccho
2319 3578 2574 3637 caeteris-1
2595 3542 2710 3594 mh
2726 3540 2855 3593 flea*

476 3681 591 3734 que
649 3664 1012 3729 necessariis,
1074 3663 1213 3719 laeta
1277 3679 1431 3719 nova
1487 3667 1849 3719 revertentes
1908 3661 2143 3733 Angliae
2202 3663 2566 3717 nunciarunt.

476 3746 725 3801 Domino
761 3753 958 3802 tamen
980 3746 1236 3802 Roberto
1260 3746 1528 3812 Knolles,
1557 3746 1803 3802 Custodi
1828 3746 2135 3816 municipii
2158 3745 2230 3801 de
2267 3746 2459 3810 Brest,
2499 3743 2572 3799 de

479 3830 602 3886 suis
640 3830 840 3901 spoliis
876 3830 1088 3886 dedere
1123 3830 1413 3903 primitias
1462 3836 1698 3886 centum
1745 3820 1903 3885 dolia
1935 3829 2059 3885 vini
2093 3829 2392 3900 praecipui,
2432 3828 2572 3885 dum

478 3914 790 3971 transitum
824 3931 930 3986 per
964 3931 1100 3969 eum
1134 3915 1391 3971 facerent
1422 3930 1629 3971 versus
1666 3919 1884 3985 terram
1919 3912 2112 3969 istam.

820 4107 901 4174 H
895 4105 1172 4174 cariem
1201 4106 1586 4174 Bastardue
1615 4105 1986 4193 ‘rmiyium
2003 4112 2234 4195 parat·

552 4248 844 4311 Henricus
870 4246 1095 4311 interea
1116 4252 1459 4322 Bastardus,
1488 4255 1592 4327 qui
1626 4274 1693 4312 se
1728 4252 1875 4311 dicit
1899 4256 1939 4282 ¹⁸
1955 4250 2182 4327 Regem
2205 4248 2571 4326 Hispanioe,”
2598 4250 2777 4315 Hem-y
2798 4249 2883 4300 the

482 4339 680 4395 audito
718 4338 872 4412 quod
906 4339 1260 4395 Baionenses
1296 4344 1385 4395 tot
1418 4339 1629 4395 damna
1677 4339 1800 4395 suis
1849 4338 2180 4394 hominibus
2221 4336 2572 4403 intulissent,
2596 4318 2828 4438 affl

551 4558 565 4589 ¹
593 4556 780 4608 taudem
800 4557 855 4607 in
879 4557 1147 4609 camden’s
1167 4561 1291 4607 text.
1661 4556 1680 4586 ⁸
1701 4554 1791 4606 sub
1829 4555 2033 4606 arbitrio
2071 4572 2160 4605 suo
2181 4555 2237 4605 in
2268 4556 2354 4607 the
2377 4556 2574 4622 printed

547 4639 569 4669 ²
591 4636 829 4701 Supplied
872 4637 1003 4687 stom
1051 4632 1186 4685 Bibl.
1235 4635 1362 4700 Reg.
1419 4640 1480 4685 13
1516 4637 1525 4646 ‘
1580 4640 1732 4688 tem.

483 4717 545 4770 Ε.
570 4717 663 4772 ix.:
691 4716 968 4767 omittedin
990 4714 1078 4765 the
1104 4713 1305 4779 printed
1329 4719 1479 4765 texts.
1647 4716 1669 4745 ⁸
1688 4716 1759 4766 eis
1781 4713 1990 4767 omitted
2009 4715 2065 4766 in
2087 4713 2173 4767 the
2193 4714 2393 4781 printed
2412 4721 2561 4768 texts.

550 4800 571 4831 ⁸
602 4798 780 4867 cyre-sm·
798 4796 854 4847 in
870 4796 958 4848 the
978 4792 1184 4859 printed
1204 4799 1352 4845 texts.
