3300 5617
1129 811 1458 863 msronu
1502 814 1927 865 momorum.
2080 830 2087 837 ·
2423 808 2540 870 32]

39 994 197 1050 MS,
233 1000 387 1056 Bibl,
453 993 735 1050 Doctores
784 1013 848 1050 se
894 995 1243 1062 collocando,
1295 1016 1402 1069 pro
1443 998 1775 1055 defensione
1837 1014 2145 1055 causarum
2194 1001 2437 1056 suadere
2486 1020 2552 1058 ac
2577 1013 2712 1066 ΑΛ),
2741 1020 2883 1069 1375,

41 1063 214 1178 geff-
265 1073 333 1118 ¹³
449 1079 630 1133 etiam
666 1085 867 1136 contra
899 1080 1039 1151 jura
1083 1082 1399 1152 postulare,
1449 1084 1690 1138 minime
1732 1085 2078 1151 verebatur3
2119 1085 2271 1140 unde
2318 1094 2553 1158 propter

49 1147 254 1249 02³2}
451 1163 789 1218 scandalum
830 1170 891 1220 et
938 1182 1118 1236 grave
1166 1165 1418 1221 dedecus
1469 1184 1599 1238 quae
1642 1168 1848 1223 exinde
1887 1168 2040 1240 Regi
2088 1169 2392 1233 Edwardo,
2438 1189 2551 1226 non

49 1262 421 1332 Mag-imum,
449 1246 640 1302 solum
663 1248 724 1302 in
747 1248 856 1303 hac
880 1253 1039 1304 terra
1061 1249 1165 1304 sed
1188 1251 1251 1304 in
1275 1250 1488 1305 exteris
1511 1251 1871 1322 regionibus,
1899 1252 2147 1308 nimium
2169 1254 2547 1321 resultabant,

51 1345 162 1394 pp.
187 1338 320 1397 219,
446 1331 664 1387 milites
699 1332 995 1403 petierunt
1027 1333 1175 1388 hanc
1212 1334 1285 1388 ab
1321 1333 1425 1389 illo
1458 1336 1693 1406 penitus
1730 1337 2006 1392 amoveri.

55 1402 201 1449 220.
517 1416 689 1482 Item,
708 1417 770 1471 in
790 1418 902 1472 hoc
918 1417 1311 1472 Parliamento
1336 1417 1573 1489 quidam
1597 1419 1860 1475 defectus
1882 1422 2166 1477 notabiles
2190 1421 2263 1476 de
2282 1421 2549 1494 Ryoardo
2575 1426 2799 1493 charges

447 1500 682 1570 Lyouns
725 1519 793 1556 ao
831 1499 1021 1556 Adam
1064 1500 1135 1555 de
1177 1501 1361 1573 Bury,
1415 1502 1846 1559 Londoniarum
1895 1505 2121 1561 civibus
2169 1511 2231 1562 et
2270 1512 2550 1561 mercato-
2571 1494 2769 1573 ⁸ss⁸i¹¹3⁵²

445 1584 628 1649 ribus,
679 1584 742 1639 in
796 1584 986 1640 lucem
1054 1585 1217 1640 fuere
1273 1585 1526 1643 deducti.
1626 1586 1889 1657 Quorum
1949 1590 2192 1661 primus,
2257 1589 2547 1645 mediante
2572 1568 2865 1679 mazam

444 1669 707 1739 pecunia,
749 1668 822 1723 'a
857 1669 1116 1725 vindicta
1161 1669 1359 1725 debita
1409 1670 1580 1726 valde
1629 1673 1938 1743 sagaciter,
1989 1674 2169 1729 immo
2209 1673 2543 1745 prudenter,
2571 1693 2633 1744 ος
2649 1695 2881 1747 hadom

444 1754 649 1808 evasit.
742 1753 1063 1820 Secundae,
1116 1756 1474 1826 stupefactus
1529 1754 1605 1810 ad
1654 1756 1768 1811 sibi
1815 1756 2107 1828 imposita,
2159 1758 2426 1828 protinus
2473 1758 2547 1812 de

444 1854 627 1907 regno
663 1838 928 1909 profugit
966 1839 1028 1893 in
1068 1838 1422 1903 Flandriam,
1452 1845 1520 1895 ut
1557 1845 1744 1895 semet
1780 1841 1863 1895 ibi
1906 1841 2131 1897 salvare
2168 1842 2409 1898 valeret.

514 1920 628 1990 Qui
653 1927 851 1977 autem
881 1923 1142 1977 omnium
1179 1921 1436 1978 militum
1472 1921 1817 1979 Prolocutor
1840 1923 2220 1979 Parliamenti
2253 1927 2540 1990 extiterat,
2567 1929 2814 1996 Disgrace
2827 1931 2889 1982 of

442 2012 502 2060 et
547 2006 672 2061 haec
711 2006 986 2063 universa
1030 2008 1353 2079 proposuit,
1396 2010 1434 2034 ‘⁴
1453 2007 1669 2062 Petrus
1718 2007 1791 2062 de
1840 2007 1900 2063 la
1944 2008 2109 2062 Mare
2130 2008 2164 2032 '⁹
2202 2009 2395 2064 fuerat
2443 2028 2540 2081 ap·
2568 1997 2717 2047 Pete?
2737 1999 2881 2048 ‘1⁸¹⁸

439 2090 722 2161 pellatus;
748 2091 843 2147 vir
865 2093 1070 2162 utique
1096 2092 1380 2146 facundus
1414 2097 1475 2148 et
1506 2092 1756 2163 sapiens,
1784 2092 1881 2147 cui
1906 2110 2011 2164 pro
2051 2093 2144 2147 sui
2182 2093 2536 2158 maturitate,
2566 2063 2874 2193 ἕᾶῗίξίἰ

440 2175 807 2240 discretione,
861 2176 985 2231 sivo
1033 2176 1361 2247 prudentia,
1415 2176 1559 2232 talia
1603 2177 1844 2247 negotia
1890 2177 2101 2232 merito
2148 2194 2270 2248 proe
2317 2179 2542 2233 cunctis
2564 2196 2887 2249 Pal-liamem,

438 2259 570 2314 aliis
595 2260 985 2316 crederentur.
1062 2261 1197 2324 Hic,
1224 2266 1400 2332 prout
1423 2269 1550 2314 erat
1573 2261 1938 2325 informatae,
1967 2267 2169 2315 contra
2203 2262 2541 2332 praedictam

436 2342 708 2408 Aliciam,
751 2349 813 2399 et
850 2345 1132 2416 quosdam
1168 2344 1314 2399 alios
1353 2344 1425 2399 de
1462 2344 1699 2398 Domini
1726 2344 1909 2416 Regis
1946 2343 2221 2400 Edwardi
2260 2343 2537 2409 ConsiliO,

434 2427 614 2482 verba
648 2428 805 2484 fecit.
884 2428 1290 2497 Quamobrem,
1337 2428 1413 2482 ad
1453 2428 1794 2483 instantiam
1830 2428 2091 2499 praefatae
2114 2427 2342 2492 Alicioe,
2384 2428 2540 2500 idem

435 2509 647 2567 Petrus
684 2518 887 2585 expost
927 2513 1041 2568 fuit
1087 2512 1242 2584 apud
1282 2511 1688 2582 Nothingham
1728 2518 2010 2584 perpetuo
2056 2512 2277 2567 carceri
2314 2513 2540 2584 adjudi-

434 2601 633 2662 catus3
671 2598 736 2652 in
761 2616 893 2668 quo,
929 2597 1070 2653 licet
1094 2596 1221 2669 ejus
1256 2595 1431 2651 amici
1466 2613 1572 2666 pro
1607 2595 1737 2667 ejus
1774 2595 2115 2653 liberatione
2153 2596 2367 2668 saepius
2404 2616 2539 2669 sup·

432 2678 764 2750 plicassent,
809 2681 1042 2736 biennio
1079 2698 1303 2735 moram
1338 2679 1533 2735 traxit.

504 2762 722 2820 Octavo
769 2764 865 2819 die
905 2765 946 2820 J
947 2764 1074 2829 ulii,
1118 2765 1363 2820 durante
1408 2764 1595 2819 adhuc
1625 2764 2020 2820 Parliamento
2057 2763 2211 2835 apud
2248 2764 2535 2819 Westmo·
2562 2776 2728 2828 Πρωὶ,
2750 2778 2812 2828 of

432 2848 769 2911 nasterium,
809 2849 872 2903 in
907 2848 1095 2920 regali
1134 2848 1362 2903 Palatio
1400 2847 1708 2903 defunctus
1747 2854 1840 2903 est
1881 2847 2165 2903 Dominus
2213 2847 2535 2903 Edwardus
2562 2844 2795 2922 Edyard,

433 2930 712 3003 Princeps
735 2932 984 2997 walliae,
1012 2932 1197 3004 Regis
1221 2932 1494 2989 Edwardi
1528 2931 1974 3004 primogenitus,
2002 2931 2065 2986 in
2088 2932 2238 2987 festo
2260 2931 2538 2986 videlicet
2559 2910 2744 3027 &¹¹¹3
2761 2912 2822 2959 ⁰f

431 3015 753 3070 Trinitatis.
828 3015 955 3085 Quo
996 3016 1110 3080 die,
1149 3017 1307 3072 idem
1341 3016 1641 3088 Princeps,
1671 3017 1744 3071 ob
1767 3014 2155 3072 reverentiam
2189 3016 2338 3071 tanti
2376 3017 2532 3079 festi,
2736 3016 2746 3027 ’

431 3099 494 3153 in
526 3117 892 3170 quocumque
921 3100 1047 3156 loco
1084 3101 1294 3165 fuerat,
1335 3118 1563 3171 semper
1588 3100 1813 3157 solebat
1835 3099 2097 3171 quolibet
2134 3117 2283 3154 anno
2326 3098 2532 3154 solem·

429 3182 673 3237 nitatem
700 3183 1011 3238 maximam
1035 3185 1347 3240 celebrare.
1426 3183 1610 3256 Cujus
1654 3186 1948 3239 fortunam
1982 3182 2229 3247 militiae,
2256 3188 2532 3254 tanquam

431 3266 672 3322 alterius
711 3267 1004 3331 Hectoris,
1033 3285 1230 3322 omnes
1274 3274 1498 3340 gentes,
1537 3272 1660 3323 tam
1703 3268 2023 3323 Christiani
2067 3284 2243 3337 quam
2284 3265 2530 3336 Pagani,

91 3352 214 3405 MS.
237 3354 371 3409 Bibl.
431 3349 572 3405 dum
589 3350 738 3406 vixit
760 3350 1084 3416 incolumis,
1111 3351 1432 3423 plurimum
1453 3351 1861 3407 formidabant.
1937 3350 2025 3404 Eo
2049 3350 2236 3421 igitur
2260 3349 2528 3413 obeunte,

95 3420 230 3499 Re&-
260 3428 318 3472 13
430 3435 618 3490 omnis
642 3434 789 3491 obiit
810 3453 942 3507 spes
966 3433 988 3467 ²
1006 3454 1226 3491 eorum.
1302 3435 1429 3505 Quo
1466 3436 1705 3507 quidem
1742 3435 2057 3508 superstite
2091 3434 2312 3489 nullius
2343 3434 2531 3489 hostis

429 3518 748 3584 incursum,
813 3537 928 3591 quo
990 3525 1275 3590 praesente
1339 3519 1561 3575 nullius
1622 3519 1765 3574 belli
1824 3535 2224 3590 congressum,
2287 3516 2527 3588 Anglici

426 3601 784 3670 timuerunt;
825 3604 927 3675 qui
961 3622 1277 3675 nunquam,
1306 3621 1375 3659 eo
1407 3609 1713 3675 praesente,
1754 3603 1913 3674 passi
1952 3608 2090 3658 sunt
2121 3601 2335 3673 probra
2375 3602 2527 3655 male

426 3695 609 3756 gestae
657 3688 782 3742 sive
829 3687 1075 3744 desertae
1122 3687 1389 3753 militiae;
1446 3687 1548 3758 qui
1595 3686 1820 3741 nullam
1869 3695 2106 3756 gentem
2154 3684 2302 3740 adiit
2350 3702 2522 3755 quam
2597 3698 2601 3703 ·

424 3788 540 3825 non
586 3771 749 3835 vicit,
799 3771 1022 3827 nullam
1064 3772 1362 3827 civitatem
1400 3770 1630 3827 obsedit
1669 3788 1844 3840 quam
1890 3787 2007 3824 non
2054 3769 2227 3840 cepit.
2304 3768 2519 3838 Igitur,

425 3855 679 3915 extincto
729 3855 1023 3927 Principe,
1076 3856 1365 3912 extinctus
1413 3862 1505 3911 est
1549 3872 1686 3909 cum
1731 3871 1803 3909 eo
1849 3854 2108 3925 profecto
2144 3852 2520 3907 Parliamenti

422 3939 728 4008 praesentis
770 3939 1029 3996 effectus.
1101 3940 1258 3995 Nam
1294 3955 1665 4003 communes„
1680 3955 1813 3992 cum
1851 3937 2065 4008 quibus
2097 3937 2223 4007 ipse
2265 3934 2516 3999 tenebat,

423 4021 567 4076 dicti
613 4022 992 4079 Parliamenti
1038 4024 1233 4079 sortiti
1283 4041 1399 4079 non
1445 4028 1583 4078 sunt
1626 4022 1807 4078 talem
1848 4020 2067 4075 exitum
2116 4018 2348 4090 qualem
2410 4034 2518 4087 pro
2542 4031 2643 4081 1113
2663 4046 2771 4093 son,

422 4104 652 4159 meliori
675 4105 948 4162 habuisse
974 4107 1300 4179 sperabant.
1376 4106 1664 4162 Dominus
1701 4104 1987 4160 Ricardus
2028 4103 2101 4158 de
2137 4100 2513 4170 Burdegalia,
2543 4098 2765 4150 Riehard
2786 4102 2848 4151 of

423 4187 580 4242 filius
605 4188 876 4244 edwardi
912 4190 1204 4263 Principis
1228 4190 1478 4255 waniae,
1521 4191 1583 4245 in
1619 4189 1731 4244 hoo
1769 4188 2159 4243 Parliamento
2195 4186 2383 4240 faetus
2426 4190 2518 4238 est
2541 4167 2824 4228 Boffioew»

424 4272 633 4327 Comes
683 4272 944 4338 Oestriae,
995 4278 1058 4329 et
1094 4293 1211 4330 non
1255 4280 1391 4348 post
1443 4274 1659 4329 multos
1702 4272 1828 4328 dies
1873 4270 2092 4344 'patrie
2129 4268 2221 4324 81¹1
2258 4268 2517 4339 81¹*lwpiss
2539 4235 2743 4351 {1321}

420 4355 719 4427 integrum
753 4356 1173 4430 Principatmn.
2542 4369 2765 4421 chester.

488 4662 583 4711 ἀι·
604 4661 660 4711 in
682 4663 811 4729 orig.
832 4683 849 4724 3
886 4665 1142 4714 corrected
1172 4664 1302 4714 stom
1335 4663 1420 4715 the
1587 4664 1608 4693 ²
1629 4658 1890 4726 Anqlormn
1906 4659 1961 4709 iu
1982 4659 2069 4709 the
2090 4657 2287 4723 printed
2303 4664 2450 4709 texts.

423 4740 617 4804 printed
637 4748 788 4792 texts.
1585 4743 1606 4770 ³
1619 4741 1802 4807 patria
1821 4754 1923 4788 σιω
1945 4738 2001 4788 in
2020 4737 2109 4788 the
2130 4736 2328 4801 printed
2347 4744 2497 4788 texts.

2200 4833 2249 4880 X
