3300 5617
418 997 556 1050 AD.
581 996 725 1048 1377.

423 3258 608 3311 Alleged
626 3272 732 3303 con·

502 3321 666 3354 uences

423 3361 475 3401 or
574 3373 677 3404 oon·

422 3411 586 3453 nexion
603 3412 718 3455 with

420 3460 547 3504 Alica
560 3462 733 3507 Perers.

421 3593 536 3643 The
556 3595 676 3645 mis·

752 783 884 847 328
1421 795 1684 844 ‘monis
1730 785 2198 845 wsmmonsu

750 982 1150 1054 indigentibus
1197 981 1535 1054 impendens
1588 981 1807 1037 auxilia
1861 976 2200 1054 opportuna.
2275 981 2505 1054 Nempe
2553 982 2617 1037 in
2660 982 2858 1037 confe-
2883 989 3013 1042 MS.
3039 990 3174 1042 Bm.

751 1068 948 1124 rendis
990 1064 1283 1122 beneficiis
1331 1065 1487 1121 ultra
1522 1084 1723 1122 omnes
1759 1065 2023 1122 viventes
2061 1065 2177 1121 fuit
2217 1082 2448 1137 semper
2484 1066 2760 1137 profusus
2798 1072 2862 1121 et
2883 1059 3026 1136 Beg-
3059 1063 3122 1108 ¹³

750 1158 1097 1224 promptus3
1170 1151 1233 1205 in
1291 1167 1490 1205 rerum
1550 1149 1567 1182 ¹
1591 1150 1887 1205 modestus
1948 1149 2260 1213 affluentia,
2329 1167 2444 1205 non
2503 1149 2694 1206 elatus
2755 1156 2862 1206 aut
2881 1126 2952 1176 Ε·
2978 1140 3058 1175 ¹²

753 1236 1056 1309 superbus,
1113 1234 1218 1290 sed
1277 1252 1339 1289 se
1389 1252 1617 1306 semper
1667 1235 1823 1290 intra
1883 1251 1945 1289 se
1993 1234 2309 1298 continens,
2361 1239 2423 1290 et
2479 1234 2857 1289 inferioribus

754 1322 924 1393 quasi
961 1336 1162 1392 parem
1203 1337 1265 1374 se
1305 1318 1574 1389 praebuit,
1621 1324 1683 1374 et
1722 1319 1878 1374 inter
1925 1317 2082 1373 orbis
2138 1317 2423 1390 prim0res
2462 1322 2524 1374 et
2558 1318 2854 1390 principes

753 1425 816 1464 se
858 1406 1158 1461 dominum
1193 1403 1626 1458 demonstravit.
1705 1402 1778 1457 In
1824 1401 2088 1458 aedificiis
2136 1402 2539 1458 construendis
2587 1403 2855 1458 curiosus

753 1497 813 1546 et
862 1489 1167 1552 sollicitus,
1221 1488 1284 1542 in
1331 1488 1501 1558 regni
1553 1488 1646 1542 sui
1700 1487 1844 1542 locis
1905 1486 2154 1542 diversis
2216 1487 2389 1558 plura
2428 1487 2856 1543 consummavit

753 1574 1015 1637 aedificia,
1094 1577 1218 1627 arte
1283 1571 1760 1642 exquisitissima,
1830 1578 2131 1627 structura
2203 1570 2658 1642 elegantissima,
2735 1572 2856 1627 situ

753 1657 1163 1730 pulcherrima,
1246 1660 1307 1711 et
1380 1655 1709 1727 sumptibus
1780 1655 2076 1727 pretiosa3
2139 1655 2434 1714 moderate
2507 1662 2856 1728 supportans

751 1739 985 1813 gaudia,
1025 1740 1238 1795 leviter
1271 1738 1463 1794 ferens
1506 1738 1733 1793 damna.
1804 1738 2252 1794 Recreationum
2312 1744 2479 1795 erant
2536 1739 2592 1794 ei
2648 1739 2857 1795 solatia

752 1824 1059 1896 aucupatio
1108 1829 1170 1880 et
1221 1823 1471 1887 venatio,
1532 1822 1745 1894 quibus
1797 1822 2064 1893 quotiens
2105 1824 2355 1889 vacavit,
2395 1830 2573 1895 prout
2623 1830 2855 1895 tempus

752 1910 887 1965 anni
927 1907 1157 1971 obtulit,
1197 1907 1451 1963 multum
1488 1906 1749 1962 indulsit.
1825 1907 2055 1978 Largus
2086 1914 2213 1963 erat
2242 1909 2304 1962 in
2341 1907 2507 1964 donis
2540 1915 2600 1965 et
2626 1907 2851 1973 hilar-ie,

751 1993 1034 2065 prodigus
1076 1992 1139 2046 in
1179 1991 1465 2063 expensis.
1558 1990 1815 2062 Corpore
1847 1991 1964 2047 fuit
2018 1992 2273 2063 elegans,
2323 1998 2548 2048 statura
2585 2011 2716 2064 quoe
2746 2010 2856 2047 nec

744 2077 974 2147 justum
1010 2075 1330 2139 excederet,
1373 2091 1482 2129 neo
1522 2074 1699 2129 nimis
1738 2074 2098 2146 depressioni
2142 2076 2584 2145 succumberet;
2625 2077 2856 2132 vultum

751 2160 969 2215 habens
1005 2158 1258 2214 humana
1284 2158 1638 2214 mortalitate
1671 2160 1863 2229 magis
1891 2160 2301 2225 venerabilem,
2322 2161 2576 2217 similem
2608 2162 2814 2233 angelo
2836 2175 2882 2227 ς·

752 2245 815 2298 in
851 2261 966 2315 quo
1000 2242 1297 2298 relucebat
1332 2236 1454 2298 tam
1489 2242 1738 2298 mirifica
1769 2243 1979 2314 gratia,
2019 2250 2087 2300 ut
2118 2245 2170 2299 si
2204 2246 2337 2316 quis
2373 2246 2436 2300 in
2472 2245 2601 2317 ejus
2645 2245 2857 2300 faciem

752 2328 946 2399 palam
1004 2327 1371 2399 respexisset,
1434 2327 1529 2382 vel
1579 2333 1750 2382 nocte
1810 2328 1882 2383 de
1927 2327 2033 2384 illo
2091 2330 2455 2395 somniasset,
2507 2347 2578 2385 eo
2623 2330 2854 2402 procul·
2938 2394 2952 2408 .

755 2411 932 2467 dubio
979 2411 1075 2467 die
1124 2411 1395 2483 sperabat
1440 2410 1555 2466 sibi
1597 2412 1855 2482 jocunda
1888 2412 2097 2468 solatia
2135 2419 2507 2486 proventura.
2583 2414 2856 2486 Regnum
2880 2424 3006 2474 MS.
3033 2424 3167 2474 Bibl.

755 2513 897 2551 vcro
936 2513 1109 2550 suum
1158 2512 1343 2567 usque
1391 2495 1454 2550 in
1502 2495 1731 2550 senium
1779 2502 2032 2562 strenue,
2079 2500 2390 2569 sapienter,
2450 2504 2511 2554 et
2549 2500 2859 2570 magnifice
2884 2492 3023 2568 Reg-
3052 2496 3116 2541 1³

756 2580 1122 2649 gubernavit.
1197 2579 1277 2636 Et
1308 2579 1448 2651 quia
1481 2579 1675 2635 fuerat
1703 2580 1768 2634 in
1802 2581 2079 2636 universa
2112 2599 2342 2637 morum
2373 2582 2675 2638 honestate
2711 2601 2859 2655 prae·
2885 2558 2950 2606 Β·
2979 2573 3057 2607 ¹¹⁶

755 2663 966 2728 clarus,
987 2663 1094 2719 sub
1128 2680 1196 2718 eo
1223 2663 1423 2719 vivere
1455 2681 1704 2734 regnare
1732 2664 1863 2729 fuit,
1891 2672 2067 2736 prout
2094 2665 2217 2721 suis
2251 2666 2501 2722 subditis
2532 2666 2860 2723 videbatur.
2889 2624 3178 2741 goffia&

755 2747 828 2801 In
859 2753 1085 2803 tantum
1122 2764 1328 2819 nempe
1357 2748 1484 2820 ejus
1522 2749 1680 2803 fama
1724 2748 2091 2819 percrebruit
2136 2749 2291 2821 apud
2332 2751 2597 2806 nationes
2652 2751 2857 2806 barba·
2889 2774 2980 2824 pp.
3005 2765 3124 2820 226,
3143 2731 3195 2811 ἰζ’

754 2849 851 2886 ras
899 2837 959 2886 et
1012 2837 1281 2896 remotas,
1336 2838 1405 2887 ut
1458 2832 1817 2887 aestimarent
1851 2849 1914 2887 se
1950 2832 2172 2898 felices,
2226 2834 2327 2905 qui
2365 2834 2462 2889 vel
2506 2834 2634 2906 ejus
2690 2844 2858 2892 erant

758 2915 1017 2970 dominio
1060 2915 1318 2982 subditi3
1380 2916 1476 2971 vel
1513 2917 1569 2970 ei
1608 2917 1978 2988 aliquatenus
2034 2917 2321 2973 foederati.
2413 2917 2663 2973 Nullum
2698 2921 2856 2975 enim

755 2999 1070 3056 credebant
1121 3000 1246 3055 fore
1309 2999 1418 3054 sub
1477 3000 1626 3055 coelo
1687 3018 1956 3071 regnum,
2021 3001 2177 3072 quod
2235 3007 2356 3056 tam
2415 3002 2692 3068 nobilem,
2729 3010 2855 3059 tam

756 3100 1124 3153 generosum,
1153 3091 1213 3140 et
1238 3084 1468 3139 felicem
1492 3084 1768 3156 produxit
1788 3102 2010 3156 regem,
2037 3091 2158 3150 aut,
2187 3103 2255 3141 eo
2277 3084 2301 3118 ²
2324 3104 2557 3159 qnoque
2581 3089 2854 3153 extincto,

754 3167 818 3221 in
851 3174 1151 3237 posterum
1193 3144 1516 3223 susffltabit.

824 3250 1058 3307 ⁸Luxus
1093 3258 1287 3307 tamen
1312 3258 1373 3308 et
1408 3257 1602 3307 motus
1642 3270 1765 3307 suae
1796 3253 1988 3308 carnis
2020 3253 2296 3321 lubricos,
2337 3256 2514 3313 etiam
2555 3256 2616 3312 in
2655 3264 2858 3314 testate

756 3334 945 3399 senili,
972 3354 1086 3390 non
1126 3337 1403 3400 cohibuit,
1436 3336 1728 3391 alliciente
1761 3353 1896 3391 eum
1934 3338 2074 3394 satis
2104 3339 2510 3406 inverecunde,
2548 3348 2618 3397 ut
2648 3343 2855 3405 fertur,

757 3417 914 3474 dicta
953 3420 1326 3478 meretricula
1359 3420 1432 3475 A.
1460 3420 1567 3486 P.;
1614 3421 1768 3475 unde
1800 3421 1993 3487 citius,
2030 3428 2095 3479 ut
2123 3429 2379 3495 putatur,
2418 3433 2655 3498 propter
2691 3427 2856 3482 illius

757 3502 1254 3558 immoderantiam
1289 3504 1472 3560 vitam
1514 3504 1722 3560 finivit.

827 3586 901 3640 In
932 3587 1043 3641 hoc
1077 3586 1204 3641 loco
1251 3605 1474 3642 summe
1520 3589 1837 3644 notandum
1884 3595 1992 3653 est,
2045 3592 2200 3661 quod
2246 3593 2400 3648 sicut
2445 3594 2508 3649 in
2553 3595 2681 3666 ejus
2729 3598 2848 3669 pri·

424 3661 725 3741 fqrtunfflpf
756 3670 1000 3726 moi-diis
1047 3676 1254 3726 cuncta
1301 3678 1471 3742 grata
1516 3678 1577 3728 et
1623 3691 1902 3745 prospera
1949 3677 2276 3732 successive
2318 3677 2514 3749 ipsum
2559 3679 2858 3736 illustrem

422 3727 504 3776 ¹¹¹⁸
537 3729 733 3796 0¹⁰⁶¹¹¹8
756 3755 1152 3818 reddiderunt,
1205 3762 1266 3811 et
1311 3756 1609 3826 inclytum,
1649 3758 1752 3821 ita,
1803 3775 1873 3812 eo
1920 3758 1995 3813 ad
2031 3760 2273 3815 senilem
2309 3768 2540 3818 {etatem
2575 3773 2858 3836 vergente

425 3808 582 3857 years.

757 3846 819 3894 et
857 3838 932 3893 ad
974 3856 1243 3894 occasum
1292 3838 1635 3905 declinante,
1689 3841 1941 3913 peccatis
1985 3843 2370 3914 exigentibus,
2421 3848 2706 3918 paulatim
2753 3850 2861 3905 illa

755 3922 952 3978 felicia
985 3922 1411 3989 decrescebant,
1452 3932 1513 3981 et
1546 3925 1864 3981 infortunia
1899 3926 2086 3982 multa
2116 3928 2371 3984 infausta
2398 3937 2459 3987 et
2493 3933 2860 3990 incommoda

758 4008 1228 4073 succrescebant3
1272 4026 1402 4079 quae
1437 4008 1719 4075 minuere,
1759 4010 1904 4082 proh
1940 4010 2140 4066 dolor!
2181 4011 2394 4068 famam
2431 4015 2578 4087 ejus.

825 4226 839 4255 ¹
864 4224 1103 4275 modestius
1124 4225 1179 4275 in
1219 4226 1343 4292 orig.
1370 4247 1384 4287 ς
1421 4228 1491 4292 by
1531 4227 1764 4279 inadver-
1844 4229 2070 4281 “Lus-1⁸
2092 4239 2246 4283 tamen
2272 4241 2321 4284 et
2357 4244 2510 4286 mom
2547 4255 2649 4289 *ιω
2679 4244 2851 4293 earnis

759 4310 924 4356 tenco.
1844 4313 1875 4337 “
1899 4311 2042 4360 etiam
2075 4312 2126 4360 ὑι
2148 4312 2292 4365 senili
2311 4322 2454 4367 oetate
2475 4334 2568 4367 non
2606 4318 2848 4382 cohibui&

825 4385 844 4413 ⁸
876 4401 1058 4449 quoque
1079 4386 1287 4437 omitted
1311 4386 1363 4435 in
1388 4387 1524 4438 Bibl.
1542 4387 1672 4453 Reg.
1701 4394 1759 4439 13
1841 4392 1873 4417 “
1898 4389 2023 4439 unde
2073 4392 2237 4455 citius,
2276 4405 2332 4446 ut
2375 4397 2608 4459 creditur,
2644 4410 2853 4468 propter

760 4463 820 4512 E.
839 4463 911 4513 ix.
938 4467 1039 4514 and
1060 4465 1147 4515 the
1168 4465 1365 4530 printed
1388 4474 1537 4517 texts.
1841 4474 1873 4499 ‘⁴
1896 4468 2028 4519 iuius
2050 4472 2632 4541 immoderaneiamfinivit
2653 4483 2853 4541 vitan,’'

827 4546 847 4574 ³
869 4544 1073 4593 Instead
1128 4544 1190 4593 of
1238 4544 1340 4595 this
1391 4561 1618 4611 passage,
1675 4548 1763 4597 the
1840 4557 1998 4600 —not
2017 4566 2049 4601 a
2071 4555 2210 4603 word
2233 4553 2279 4604 is
2300 4555 2414 4606 said
2435 4556 2490 4607 in
2517 4560 2776 4613 reference
2800 4571 2855 4613 to

762 4623 1117 4674 Continuation
1186 4624 1247 4673 of
1304 4624 1586 4675 Murimuth
1654 4626 1762 4687 has,
1840 4628 1992 4681 Alice
2013 4632 2212 4684 Petere.
