<?xml version="1.0" encoding="UTF-8"?>
<!DOCTYPE html PUBLIC "-//W3C//DTD XHTML 1.0 Transitional//EN"
    "http://www.w3.org/TR/xhtml1/DTD/xhtml1-transitional.dtd">
<html xmlns="http://www.w3.org/1999/xhtml" xml:lang="en" lang="en">
 <head>
  <title>
</title>
<meta http-equiv="Content-Type" content="text/html;charset=utf-8" />
  <meta name='ocr-system' content='tesseract 3.04.00' />
  <meta name='ocr-capabilities' content='ocr_page ocr_carea ocr_par ocr_line ocrx_word'/>
</head>
<body>
  <div class='ocr_page' id='page_1' title='image "./thomaewalsingha00unkngoog_0181.png"; bbox 0 0 3300 5617; ppageno 0'>
   <div class='ocr_carea' id='block_1_1' title="bbox 1068 788 2500 864">
    <p class='ocr_par' dir='ltr' id='par_1_1' title="bbox 1068 788 2500 864">
     <span class='ocr_line' id='line_1_1' title="bbox 1068 788 2500 864; baseline -0.004 -4"><span class='ocrx_word' id='word_1_1' title='bbox 1068 807 1397 864; x_wconf 64' lang='lat' dir='ltr'><strong>msa-oms</strong></span> <span class='ocrx_word' id='word_1_2' title='bbox 1424 806 1845 862; x_wconf 69' lang='lat' dir='ltr'><strong>ANcchNA.</strong></span> <span class='ocrx_word' id='word_1_3' title='bbox 2373 788 2500 855; x_wconf 88' lang='grc'><strong>139</strong></span> 
     </span>
    </p>
   </div>
   <div class='ocr_carea' id='block_1_2' title="bbox 87 993 2871 3766">
    <p class='ocr_par' dir='ltr' id='par_1_2' title="bbox 87 993 2871 3766">
     <span class='ocr_line' id='line_1_2' title="bbox 87 993 2837 1068; baseline 0 -16"><span class='ocrx_word' id='word_1_4' title='bbox 87 1000 182 1052; x_wconf 78' lang='lat' dir='ltr'><strong>MS.</strong></span> <span class='ocrx_word' id='word_1_5' title='bbox 205 1001 334 1054; x_wconf 83' lang='lat' dir='ltr'><strong>Bibl.</strong></span> <span class='ocrx_word' id='word_1_6' title='bbox 392 996 566 1051; x_wconf 84' lang='lat' dir='ltr'><strong>Prior</strong></span> <span class='ocrx_word' id='word_1_7' title='bbox 621 997 812 1054; x_wconf 85' lang='lat' dir='ltr'><strong>factus</strong></span> <span class='ocrx_word' id='word_1_8' title='bbox 864 1002 957 1054; x_wconf 85' lang='lat' dir='ltr'><strong>est</strong></span> <span class='ocrx_word' id='word_1_9' title='bbox 1005 995 1168 1052; x_wconf 90' lang='lat' dir='ltr'><strong>illius</strong></span> <span class='ocrx_word' id='word_1_10' title='bbox 1221 996 1518 1063; x_wconf 59' lang='lat' dir='ltr'><strong>ecclesian</strong></span> <span class='ocrx_word' id='word_1_11' title='bbox 1576 997 1681 1068; x_wconf 90' lang='lat' dir='ltr'><strong>qui</strong></span> <span class='ocrx_word' id='word_1_12' title='bbox 1730 1004 1793 1053; x_wconf 84' lang='lat' dir='ltr'><strong>et</strong></span> <span class='ocrx_word' id='word_1_13' title='bbox 1844 997 1970 1068; x_wconf 88' lang='lat' dir='ltr'><strong>ipse</strong></span> <span class='ocrx_word' id='word_1_14' title='bbox 2019 995 2246 1066; x_wconf 86' lang='lat' dir='ltr'><strong>peritus</strong></span> <span class='ocrx_word' id='word_1_15' title='bbox 2282 999 2411 1048; x_wconf 83' lang='lat' dir='ltr'><strong>erat</strong></span> <span class='ocrx_word' id='word_1_16' title='bbox 2444 993 2506 1047; x_wconf 86' lang='lat' dir='ltr'><strong>in</strong></span> <span class='ocrx_word' id='word_1_17' title='bbox 2531 997 2837 1052; x_wconf 72' lang='lat' dir='ltr'><strong>A.D.1314.</strong></span> 
     </span>
     <span class='ocr_line' id='line_1_3' title="bbox 89 1069 2502 1152; baseline -0.001 -17"><span class='ocrx_word' id='word_1_18' title='bbox 89 1069 194 1144; x_wconf 62' lang='lat'><strong>¹³⁸3·</strong></span> <span class='ocrx_word' id='word_1_19' title='bbox 225 1073 279 1117; x_wconf 81' lang='lat'><strong>13</strong></span> <span class='ocrx_word' id='word_1_20' title='bbox 391 1097 567 1152; x_wconf 89' lang='lat' dir='ltr'><strong>opere</strong></span> <span class='ocrx_word' id='word_1_21' title='bbox 602 1080 953 1146; x_wconf 77' lang='lat' dir='ltr'><strong>aurifabrili,</strong></span> <span class='ocrx_word' id='word_1_22' title='bbox 995 1087 1057 1137; x_wconf 86' lang='lat' dir='ltr'><strong>et</strong></span> <span class='ocrx_word' id='word_1_23' title='bbox 1088 1080 1222 1136; x_wconf 91' lang='lat' dir='ltr'><strong>ideo</strong></span> <span class='ocrx_word' id='word_1_24' title='bbox 1257 1080 1334 1137; x_wconf 84' lang='lat' dir='ltr'><strong>ad</strong></span> <span class='ocrx_word' id='word_1_25' title='bbox 1372 1081 1716 1137; x_wconf 84' lang='lat' dir='ltr'><strong>solvendum</strong></span> <span class='ocrx_word' id='word_1_26' title='bbox 1751 1082 2034 1137; x_wconf 75' lang='lat' dir='ltr'><strong>feretrum</strong></span> <span class='ocrx_word' id='word_1_27' title='bbox 2067 1085 2209 1136; x_wconf 89' lang='lat' dir='ltr'><strong>tunc</strong></span> <span class='ocrx_word' id='word_1_28' title='bbox 2243 1082 2502 1133; x_wconf 77' lang='lat' dir='ltr'><strong>vocatus.</strong></span> 
     </span>
     <span class='ocr_line' id='line_1_4' title="bbox 89 1135 2617 1236; baseline -0.002 -16"><span class='ocrx_word' id='word_1_29' title='bbox 89 1135 136 1185; x_wconf 73' lang='lat' dir='ltr'><strong>E·</strong></span> <span class='ocrx_word' id='word_1_30' title='bbox 156 1149 223 1186; x_wconf 80' lang='lat'><strong>¹¹·</strong></span> <span class='ocrx_word' id='word_1_31' title='bbox 392 1165 519 1220; x_wconf 82' lang='lat' dir='ltr'><strong>Rex</strong></span> <span class='ocrx_word' id='word_1_32' title='bbox 554 1183 715 1230; x_wconf 80' lang='lat' dir='ltr'><strong>vero,</strong></span> <span class='ocrx_word' id='word_1_33' title='bbox 753 1183 891 1221; x_wconf 90' lang='lat' dir='ltr'><strong>cum</strong></span> <span class='ocrx_word' id='word_1_34' title='bbox 941 1164 1189 1222; x_wconf 84' lang='lat' dir='ltr'><strong>vidisset</strong></span> <span class='ocrx_word' id='word_1_35' title='bbox 1239 1169 1480 1221; x_wconf 83' lang='lat' dir='ltr'><strong>cunctos</strong></span> <span class='ocrx_word' id='word_1_36' title='bbox 1533 1166 1731 1222; x_wconf 85' lang='lat' dir='ltr'><strong>clavos</strong></span> <span class='ocrx_word' id='word_1_37' title='bbox 1778 1171 2085 1230; x_wconf 72' lang='lat' dir='ltr'><strong>exta-actos,</strong></span> <span class='ocrx_word' id='word_1_38' title='bbox 2112 1167 2193 1219; x_wconf 83' lang='lat' dir='ltr'><strong>’et</strong></span> <span class='ocrx_word' id='word_1_39' title='bbox 2226 1162 2509 1217; x_wconf 78' lang='lat' dir='ltr'><strong>feretrum</strong></span> <span class='ocrx_word' id='word_1_40' title='bbox 2614 1227 2617 1236; x_wconf 23' lang='grc' dir='ltr'>ι</span> 
     </span>
     <span class='ocr_line' id='line_1_5' title="bbox 389 1246 2514 1322; baseline -0.002 -16"><span class='ocrx_word' id='word_1_41' title='bbox 389 1250 877 1322; x_wconf 78' lang='lat' dir='ltr'><strong>patefaciendum,</strong></span> <span class='ocrx_word' id='word_1_42' title='bbox 920 1249 1169 1306; x_wconf 84' lang='lat' dir='ltr'><strong>accessit</strong></span> <span class='ocrx_word' id='word_1_43' title='bbox 1219 1255 1283 1305; x_wconf 91' lang='lat' dir='ltr'><strong>et</strong></span> <span class='ocrx_word' id='word_1_44' title='bbox 1332 1248 1568 1313; x_wconf 73' lang='lat' dir='ltr'><strong>levavit,</strong></span> <span class='ocrx_word' id='word_1_45' title='bbox 1599 1250 1941 1322; x_wconf 79' lang='lat' dir='ltr'>operculum</span> <span class='ocrx_word' id='word_1_46' title='bbox 1988 1267 2167 1305; x_wconf 89' lang='lat' dir='ltr'><strong>manu</strong></span> <span class='ocrx_word' id='word_1_47' title='bbox 2203 1265 2328 1305; x_wconf 87' lang='lat' dir='ltr'><strong>sua.</strong></span> <span class='ocrx_word' id='word_1_48' title='bbox 2433 1246 2514 1302; x_wconf 82' lang='lat' dir='ltr'><strong>Et</strong></span> 
     </span>
     <span class='ocr_line' id='line_1_6' title="bbox 391 1331 2507 1406; baseline -0.002 -16"><span class='ocrx_word' id='word_1_49' title='bbox 391 1334 560 1390; x_wconf 79' lang='lat' dir='ltr'><strong>ecce!</strong></span> <span class='ocrx_word' id='word_1_50' title='bbox 598 1335 803 1392; x_wconf 81' lang='lat' dir='ltr'><strong>vident</strong></span> <span class='ocrx_word' id='word_1_51' title='bbox 834 1334 1110 1390; x_wconf 85' lang='lat' dir='ltr'><strong>locellum</strong></span> <span class='ocrx_word' id='word_1_52' title='bbox 1145 1332 1334 1399; x_wconf 90' lang='lat' dir='ltr'><strong>illum,</strong></span> <span class='ocrx_word' id='word_1_53' title='bbox 1373 1352 1410 1389; x_wconf 90' lang='lat' dir='ltr'><strong>a</strong></span> <span class='ocrx_word' id='word_1_54' title='bbox 1444 1351 1673 1390; x_wconf 89' lang='lat' dir='ltr'><strong>summo</strong></span> <span class='ocrx_word' id='word_1_55' title='bbox 1708 1353 1897 1406; x_wconf 88' lang='lat' dir='ltr'><strong>usque</strong></span> <span class='ocrx_word' id='word_1_56' title='bbox 1933 1335 2226 1398; x_wconf 89' lang='lat' dir='ltr'><strong>deorsum,</strong></span> <span class='ocrx_word' id='word_1_57' title='bbox 2255 1331 2507 1404; x_wconf 89' lang='lat' dir='ltr'><strong>quodam</strong></span> 
     </span>
     <span class='ocr_line' id='line_1_7' title="bbox 393 1416 2509 1490; baseline -0.002 -16"><span class='ocrx_word' id='word_1_58' title='bbox 393 1437 584 1490; x_wconf 83' lang='lat' dir='ltr'><strong>panno</strong></span> <span class='ocrx_word' id='word_1_59' title='bbox 617 1418 829 1474; x_wconf 84' lang='lat' dir='ltr'><strong>villoso</strong></span> <span class='ocrx_word' id='word_1_60' title='bbox 880 1419 967 1476; x_wconf 80' lang='lat' dir='ltr'><strong>ita</strong></span> <span class='ocrx_word' id='word_1_61' title='bbox 1017 1422 1383 1489; x_wconf 84' lang='lat' dir='ltr'><strong>occupatum,</strong></span> <span class='ocrx_word' id='word_1_62' title='bbox 1423 1423 1492 1473; x_wconf 89' lang='lat' dir='ltr'><strong>ut</strong></span> <span class='ocrx_word' id='word_1_63' title='bbox 1537 1418 1688 1473; x_wconf 80' lang='lat' dir='ltr'><strong>nihil</strong></span> <span class='ocrx_word' id='word_1_64' title='bbox 1736 1425 1936 1490; x_wconf 88' lang='lat' dir='ltr'><strong>posset</strong></span> <span class='ocrx_word' id='word_1_65' title='bbox 1982 1418 2145 1475; x_wconf 89' lang='lat' dir='ltr'><strong>aliud</strong></span> <span class='ocrx_word' id='word_1_66' title='bbox 2194 1416 2509 1473; x_wconf 87' lang='lat' dir='ltr'><strong>continere.</strong></span> 
     </span>
     <span class='ocr_line' id='line_1_8' title="bbox 393 1498 2517 1576; baseline -0.002 -17"><span class='ocrx_word' id='word_1_67' title='bbox 393 1504 466 1558; x_wconf 87' lang='lat' dir='ltr'><strong>In</strong></span> <span class='ocrx_word' id='word_1_68' title='bbox 501 1503 791 1576; x_wconf 78' lang='lat' dir='ltr'><strong>superiori</strong></span> <span class='ocrx_word' id='word_1_69' title='bbox 827 1520 967 1565; x_wconf 85' lang='lat' dir='ltr'><strong>vero</strong></span> <span class='ocrx_word' id='word_1_70' title='bbox 1001 1507 1169 1575; x_wconf 80' lang='lat' dir='ltr'><strong>parte</strong></span> <span class='ocrx_word' id='word_1_71' title='bbox 1202 1501 1558 1565; x_wconf 75' lang='lat' dir='ltr'><strong>vestimenti,</strong></span> <span class='ocrx_word' id='word_1_72' title='bbox 1600 1502 1968 1574; x_wconf 86' lang='lat' dir='ltr'><strong>conspiciunt</strong></span> <span class='ocrx_word' id='word_1_73' title='bbox 1998 1501 2227 1557; x_wconf 87' lang='lat' dir='ltr'><strong>cruoris</strong></span> <span class='ocrx_word' id='word_1_74' title='bbox 2264 1498 2517 1572; x_wconf 82' lang='lat' dir='ltr'><strong>coagula</strong></span> 
     </span>
     <span class='ocr_line' id='line_1_9' title="bbox 393 1585 2518 1660; baseline -0.002 -17"><span class='ocrx_word' id='word_1_75' title='bbox 393 1588 572 1643; x_wconf 86' lang='lat' dir='ltr'><strong>dense</strong></span> <span class='ocrx_word' id='word_1_76' title='bbox 622 1605 908 1660; x_wconf 87' lang='lat' dir='ltr'><strong>respersa,</strong></span> <span class='ocrx_word' id='word_1_77' title='bbox 965 1587 1050 1644; x_wconf 84' lang='lat' dir='ltr'><strong>ita</strong></span> <span class='ocrx_word' id='word_1_78' title='bbox 1099 1603 1269 1650; x_wconf 85' lang='lat' dir='ltr'><strong>nova,</strong></span> <span class='ocrx_word' id='word_1_79' title='bbox 1323 1586 1409 1643; x_wconf 80' lang='lat' dir='ltr'><strong>ita</strong></span> <span class='ocrx_word' id='word_1_80' title='bbox 1458 1585 1475 1620; x_wconf 83' lang='lat'>¹</span> <span class='ocrx_word' id='word_1_81' title='bbox 1493 1586 1770 1652; x_wconf 86' lang='lat' dir='ltr'><strong>recentia,</strong></span> <span class='ocrx_word' id='word_1_82' title='bbox 1810 1587 1979 1657; x_wconf 86' lang='lat' dir='ltr'><strong>quasi</strong></span> <span class='ocrx_word' id='word_1_83' title='bbox 2027 1586 2218 1658; x_wconf 78' lang='lat' dir='ltr'><strong>pridie</strong></span> <span class='ocrx_word' id='word_1_84' title='bbox 2267 1585 2518 1640; x_wconf 81' lang='lat' dir='ltr'><strong>fuissent</strong></span> 
     </span>
     <span class='ocr_line' id='line_1_10' title="bbox 394 1670 2516 1742; baseline -0.001 -16"><span class='ocrx_word' id='word_1_85' title='bbox 394 1673 598 1727; x_wconf 82' lang='lat' dir='ltr'><strong>effusa.</strong></span> <span class='ocrx_word' id='word_1_86' title='bbox 692 1672 938 1728; x_wconf 80' lang='lat' dir='ltr'><strong>Constat</strong></span> <span class='ocrx_word' id='word_1_87' title='bbox 969 1672 1119 1727; x_wconf 88' lang='lat' dir='ltr'><strong>hanc</strong></span> <span class='ocrx_word' id='word_1_88' title='bbox 1154 1676 1380 1728; x_wconf 84' lang='lat' dir='ltr'><strong>vestem</strong></span> <span class='ocrx_word' id='word_1_89' title='bbox 1415 1670 1598 1726; x_wconf 86' lang='lat' dir='ltr'><strong>fuisse</strong></span> <span class='ocrx_word' id='word_1_90' title='bbox 1651 1671 1997 1726; x_wconf 75' lang='lat' dir='ltr'><strong>caracallam</strong></span> <span class='ocrx_word' id='word_1_91' title='bbox 2034 1688 2210 1742; x_wconf 86' lang='lat' dir='ltr'><strong>quam</strong></span> <span class='ocrx_word' id='word_1_92' title='bbox 2266 1670 2516 1726; x_wconf 85' lang='lat' dir='ltr'><strong>Sanctus</strong></span> 
     </span>
     <span class='ocr_line' id='line_1_11' title="bbox 393 1753 2515 1827; baseline -0.001 -15"><span class='ocrx_word' id='word_1_93' title='bbox 393 1757 677 1820; x_wconf 84' lang='lat' dir='ltr'><strong>Albanus,</strong></span> <span class='ocrx_word' id='word_1_94' title='bbox 734 1757 798 1811; x_wconf 90' lang='lat' dir='ltr'><strong>in</strong></span> <span class='ocrx_word' id='word_1_95' title='bbox 850 1755 1245 1820; x_wconf 74' lang='lat' dir='ltr'><strong>conversione,</strong></span> <span class='ocrx_word' id='word_1_96' title='bbox 1291 1760 1595 1826; x_wconf 81' lang='lat' dir='ltr'><strong>acceperat</strong></span> <span class='ocrx_word' id='word_1_97' title='bbox 1628 1773 1667 1810; x_wconf 89' lang='lat' dir='ltr'><strong>a</strong></span> <span class='ocrx_word' id='word_1_98' title='bbox 1702 1755 1915 1811; x_wconf 87' lang='lat' dir='ltr'><strong>Sancto</strong></span> <span class='ocrx_word' id='word_1_99' title='bbox 1966 1753 2338 1827; x_wconf 81' lang='lat' dir='ltr'><strong>Amphibalo‚</strong></span> <span class='ocrx_word' id='word_1_100' title='bbox 2393 1771 2515 1809; x_wconf 87' lang='lat' dir='ltr'><strong>ma·</strong></span> 
     </span>
     <span class='ocr_line' id='line_1_12' title="bbox 392 1839 2512 1911; baseline -0.001 -15"><span class='ocrx_word' id='word_1_101' title='bbox 392 1841 582 1910; x_wconf 81' lang='lat' dir='ltr'><strong>gistro</strong></span> <span class='ocrx_word' id='word_1_102' title='bbox 633 1858 759 1905; x_wconf 90' lang='lat' dir='ltr'><strong>suo,</strong></span> <span class='ocrx_word' id='word_1_103' title='bbox 800 1839 863 1896; x_wconf 90' lang='lat' dir='ltr'><strong>in</strong></span> <span class='ocrx_word' id='word_1_104' title='bbox 898 1840 1137 1911; x_wconf 84' lang='lat' dir='ltr'><strong>signum</strong></span> <span class='ocrx_word' id='word_1_105' title='bbox 1170 1839 1515 1910; x_wconf 56' lang='lat' dir='ltr'><strong>religionum</strong></span> <span class='ocrx_word' id='word_1_106' title='bbox 1555 1839 1618 1894; x_wconf 86' lang='lat' dir='ltr'><strong>in</strong></span> <span class='ocrx_word' id='word_1_107' title='bbox 1654 1856 1772 1910; x_wconf 89' lang='lat' dir='ltr'><strong>quo</strong></span> <span class='ocrx_word' id='word_1_108' title='bbox 1806 1839 1965 1895; x_wconf 88' lang='lat' dir='ltr'><strong>idem</strong></span> <span class='ocrx_word' id='word_1_109' title='bbox 2014 1840 2245 1911; x_wconf 83' lang='lat' dir='ltr'><strong>Martyr</strong></span> <span class='ocrx_word' id='word_1_110' title='bbox 2282 1844 2512 1894; x_wconf 85' lang='lat' dir='ltr'><strong>senten·</strong></span> 
     </span>
     <span class='ocr_line' id='line_1_13' title="bbox 392 1923 2514 1997; baseline -0.001 -17"><span class='ocrx_word' id='word_1_111' title='bbox 392 1927 538 1980; x_wconf 88' lang='lat' dir='ltr'><strong>tiam</strong></span> <span class='ocrx_word' id='word_1_112' title='bbox 592 1924 775 1981; x_wconf 89' lang='lat' dir='ltr'><strong>subiit</strong></span> <span class='ocrx_word' id='word_1_113' title='bbox 826 1924 1156 1997; x_wconf 75' lang='lat' dir='ltr'><strong>capitalem.</strong></span> <span class='ocrx_word' id='word_1_114' title='bbox 1253 1924 1335 1979; x_wconf 84' lang='lat' dir='ltr'><strong>Et</strong></span> <span class='ocrx_word' id='word_1_115' title='bbox 1387 1923 1475 1978; x_wconf 87' lang='lat' dir='ltr'><strong>fas</strong></span> <span class='ocrx_word' id='word_1_116' title='bbox 1512 1929 1606 1980; x_wconf 87' lang='lat' dir='ltr'><strong>est</strong></span> <span class='ocrx_word' id='word_1_117' title='bbox 1639 1924 1878 1979; x_wconf 89' lang='lat' dir='ltr'><strong>credere</strong></span> <span class='ocrx_word' id='word_1_118' title='bbox 1915 1924 2072 1994; x_wconf 87' lang='lat' dir='ltr'><strong>quod</strong></span> <span class='ocrx_word' id='word_1_119' title='bbox 2112 1923 2187 1979; x_wconf 88' lang='lat' dir='ltr'><strong>ad</strong></span> <span class='ocrx_word' id='word_1_120' title='bbox 2235 1924 2514 1979; x_wconf 88' lang='lat' dir='ltr'><strong>honorem</strong></span> 
     </span>
     <span class='ocr_line' id='line_1_14' title="bbox 395 2006 2853 2077; baseline -0.002 -13"><span class='ocrx_word' id='word_1_121' title='bbox 395 2009 617 2073; x_wconf 78' lang='lat' dir='ltr'><strong>Sancti,</strong></span> <span class='ocrx_word' id='word_1_122' title='bbox 658 2008 860 2064; x_wconf 84' lang='lat' dir='ltr'><strong>divino</strong></span> <span class='ocrx_word' id='word_1_123' title='bbox 892 2007 1178 2063; x_wconf 88' lang='lat' dir='ltr'><strong>miraculo</strong></span> <span class='ocrx_word' id='word_1_124' title='bbox 1212 2007 1456 2077; x_wconf 84' lang='lat' dir='ltr'><strong>sanguis</strong></span> <span class='ocrx_word' id='word_1_125' title='bbox 1492 2006 1622 2077; x_wconf 88' lang='lat' dir='ltr'><strong>ejus</strong></span> <span class='ocrx_word' id='word_1_126' title='bbox 1660 2008 1746 2063; x_wconf 90' lang='lat' dir='ltr'><strong>sic</strong></span> <span class='ocrx_word' id='word_1_127' title='bbox 1782 2008 1845 2062; x_wconf 90' lang='lat' dir='ltr'><strong>in</strong></span> <span class='ocrx_word' id='word_1_128' title='bbox 1879 2007 1989 2063; x_wconf 86' lang='lat' dir='ltr'><strong>hac</strong></span> <span class='ocrx_word' id='word_1_129' title='bbox 2023 2013 2188 2065; x_wconf 84' lang='lat' dir='ltr'><strong>veste</strong></span> <span class='ocrx_word' id='word_1_130' title='bbox 2224 2012 2510 2071; x_wconf 84' lang='lat' dir='ltr'><strong>servatus,</strong></span> <span class='ocrx_word' id='word_1_131' title='bbox 2537 2011 2684 2062; x_wconf 84' lang='lat' dir='ltr'><strong>Relie</strong></span> <span class='ocrx_word' id='word_1_132' title='bbox 2698 2012 2760 2060; x_wconf 85' lang='lat' dir='ltr'><strong>of</strong></span> <span class='ocrx_word' id='word_1_133' title='bbox 2768 2011 2853 2061; x_wconf 84' lang='lat' dir='ltr'><strong>the</strong></span> 
     </span>
     <span class='ocr_line' id='line_1_15' title="bbox 394 2080 2848 2164; baseline -0.001 -16"><span class='ocrx_word' id='word_1_134' title='bbox 394 2093 550 2149; x_wconf 88' lang='lat' dir='ltr'><strong>sicut</strong></span> <span class='ocrx_word' id='word_1_135' title='bbox 584 2093 648 2147; x_wconf 88' lang='lat' dir='ltr'><strong>in</strong></span> <span class='ocrx_word' id='word_1_136' title='bbox 681 2091 925 2163; x_wconf 84' lang='lat' dir='ltr'><strong>pulvere</strong></span> <span class='ocrx_word' id='word_1_137' title='bbox 974 2091 1069 2147; x_wconf 88' lang='lat' dir='ltr'><strong>sui</strong></span> <span class='ocrx_word' id='word_1_138' title='bbox 1125 2090 1380 2163; x_wconf 82' lang='lat' dir='ltr'><strong>sepulcri</strong></span> <span class='ocrx_word' id='word_1_139' title='bbox 1433 2108 1540 2162; x_wconf 90' lang='lat' dir='ltr'><strong>per</strong></span> <span class='ocrx_word' id='word_1_140' title='bbox 1591 2090 1785 2146; x_wconf 85' lang='lat' dir='ltr'><strong>multa</strong></span> <span class='ocrx_word' id='word_1_141' title='bbox 1846 2091 2064 2148; x_wconf 81' lang='lat' dir='ltr'><strong>saecula</strong></span> <span class='ocrx_word' id='word_1_142' title='bbox 2111 2091 2333 2164; x_wconf 82' lang='lat' dir='ltr'><strong>legitur</strong></span> <span class='ocrx_word' id='word_1_143' title='bbox 2380 2109 2514 2146; x_wconf 86' lang='lat' dir='ltr'><strong>con·</strong></span> <span class='ocrx_word' id='word_1_144' title='bbox 2537 2080 2848 2157; x_wconf 64' lang='lat' dir='ltr'><strong>mmed⁰m</strong></span> 
     </span>
     <span class='ocr_line' id='line_1_16' title="bbox 395 2146 2855 2263; baseline -0.001 -31"><span class='ocrx_word' id='word_1_145' title='bbox 395 2183 682 2234; x_wconf 82' lang='lat' dir='ltr'><strong>servatus.</strong></span> <span class='ocrx_word' id='word_1_146' title='bbox 782 2174 969 2246; x_wconf 81' lang='lat' dir='ltr'><strong>Cujus</strong></span> <span class='ocrx_word' id='word_1_147' title='bbox 1045 2174 1306 2246; x_wconf 81' lang='lat' dir='ltr'><strong>pulveris</strong></span> <span class='ocrx_word' id='word_1_148' title='bbox 1380 2192 1653 2240; x_wconf 87' lang='lat' dir='ltr'><strong>massam,</strong></span> <span class='ocrx_word' id='word_1_149' title='bbox 1707 2175 1771 2231; x_wconf 90' lang='lat' dir='ltr'><strong>in</strong></span> <span class='ocrx_word' id='word_1_150' title='bbox 1830 2193 1948 2247; x_wconf 89' lang='lat' dir='ltr'><strong>qua</strong></span> <span class='ocrx_word' id='word_1_151' title='bbox 2004 2176 2252 2232; x_wconf 88' lang='lat' dir='ltr'><strong>rubebat</strong></span> <span class='ocrx_word' id='word_1_152' title='bbox 2326 2175 2515 2231; x_wconf 83' lang='lat' dir='ltr'><strong>adhuc</strong></span> <span class='ocrx_word' id='word_1_153' title='bbox 2539 2146 2855 2263; x_wconf 37' lang='lat' dir='ltr'><strong>{gaubur-</strong></span> 
     </span>
     <span class='ocr_line' id='line_1_17' title="bbox 395 2247 2729 2332; baseline -0.001 -15"><span class='ocrx_word' id='word_1_154' title='bbox 395 2261 640 2332; x_wconf 86' lang='lat' dir='ltr'><strong>sanguis</strong></span> <span class='ocrx_word' id='word_1_155' title='bbox 694 2259 995 2331; x_wconf 81' lang='lat' dir='ltr'><strong>Martyris,</strong></span> <span class='ocrx_word' id='word_1_156' title='bbox 1061 2259 1311 2316; x_wconf 82' lang='lat' dir='ltr'><strong>Sanctus</strong></span> <span class='ocrx_word' id='word_1_157' title='bbox 1362 2257 1708 2324; x_wconf 85' lang='lat' dir='ltr'><strong>Germanus,</strong></span> <span class='ocrx_word' id='word_1_158' title='bbox 1776 2258 2292 2316; x_wconf 78' lang='lat' dir='ltr'><strong>Altissiodorensis</strong></span> <span class='ocrx_word' id='word_1_159' title='bbox 2343 2258 2514 2330; x_wconf 84' lang='lat' dir='ltr'><strong>Epis·</strong></span> <span class='ocrx_word' id='word_1_160' title='bbox 2539 2278 2650 2329; x_wconf 66' lang='lat' dir='ltr'><strong>ried</strong></span> <span class='ocrx_word' id='word_1_161' title='bbox 2672 2247 2729 2329; x_wconf 62' lang='grc' dir='ltr'><strong>ω’</strong></span> 
     </span>
     <span class='ocr_line' id='line_1_18' title="bbox 395 2341 2791 2419; baseline -0.002 -19"><span class='ocrx_word' id='word_1_162' title='bbox 395 2363 597 2416; x_wconf 89' lang='lat' dir='ltr'><strong>copus,</strong></span> <span class='ocrx_word' id='word_1_163' title='bbox 637 2361 836 2400; x_wconf 88' lang='lat' dir='ltr'><strong>secum</strong></span> <span class='ocrx_word' id='word_1_164' title='bbox 872 2341 1134 2406; x_wconf 85' lang='lat' dir='ltr'><strong>abstulit,</strong></span> <span class='ocrx_word' id='word_1_165' title='bbox 1161 2348 1223 2398; x_wconf 94' lang='lat' dir='ltr'><strong>et</strong></span> <span class='ocrx_word' id='word_1_166' title='bbox 1257 2341 1472 2398; x_wconf 89' lang='lat' dir='ltr'><strong>detulit</strong></span> <span class='ocrx_word' id='word_1_167' title='bbox 1504 2343 1581 2419; x_wconf 76' lang='lat' dir='ltr'><strong>ad</strong></span> <span class='ocrx_word' id='word_1_168' title='bbox 1613 2343 1674 2399; x_wconf 84' lang='lat' dir='ltr'>N</span> <span class='ocrx_word' id='word_1_169' title='bbox 1677 2343 1830 2399; x_wconf 85' lang='lat' dir='ltr'><strong>atale</strong></span> <span class='ocrx_word' id='word_1_170' title='bbox 1867 2362 2068 2401; x_wconf 88' lang='lat' dir='ltr'><strong>secum</strong></span> <span class='ocrx_word' id='word_1_171' title='bbox 2102 2343 2514 2410; x_wconf 86' lang='lat' dir='ltr'><strong>Altissiodoro,</strong></span> <span class='ocrx_word' id='word_1_172' title='bbox 2540 2346 2791 2400; x_wconf 80' lang='lat' dir='ltr'><strong>Auxerre.</strong></span> 
     </span>
     <span class='ocr_line' id='line_1_19' title="bbox 396 2426 2159 2501; baseline 0.002 -17"><span class='ocrx_word' id='word_1_173' title='bbox 396 2428 684 2501; x_wconf 86' lang='lat' dir='ltr'><strong>capellam</strong></span> <span class='ocrx_word' id='word_1_174' title='bbox 719 2432 1061 2484; x_wconf 87' lang='lat' dir='ltr'><strong>construens</strong></span> <span class='ocrx_word' id='word_1_175' title='bbox 1097 2426 1160 2482; x_wconf 89' lang='lat' dir='ltr'><strong>in</strong></span> <span class='ocrx_word' id='word_1_176' title='bbox 1194 2426 1473 2482; x_wconf 87' lang='lat' dir='ltr'><strong>honorem</strong></span> <span class='ocrx_word' id='word_1_177' title='bbox 1507 2426 1795 2500; x_wconf 84' lang='lat' dir='ltr'><strong>Martyris</strong></span> <span class='ocrx_word' id='word_1_178' title='bbox 1830 2431 2159 2487; x_wconf 84' lang='lat' dir='ltr'><strong>memorati.</strong></span> 
     </span>
     <span class='ocr_line' id='line_1_20' title="bbox 469 2510 2516 2587; baseline 0 -19"><span class='ocrx_word' id='word_1_179' title='bbox 469 2514 597 2568; x_wconf 80' lang='lat' dir='ltr'><strong>Rex</strong></span> <span class='ocrx_word' id='word_1_180' title='bbox 632 2512 820 2583; x_wconf 87' lang='lat' dir='ltr'><strong>igitur</strong></span> <span class='ocrx_word' id='word_1_181' title='bbox 841 2517 903 2567; x_wconf 91' lang='lat' dir='ltr'><strong>et</strong></span> <span class='ocrx_word' id='word_1_182' title='bbox 924 2527 1125 2566; x_wconf 86' lang='lat' dir='ltr'><strong>omnes</strong></span> <span class='ocrx_word' id='word_1_183' title='bbox 1162 2510 1523 2576; x_wconf 71' lang='lat' dir='ltr'><strong>assistentes,</strong></span> <span class='ocrx_word' id='word_1_184' title='bbox 1551 2511 1625 2566; x_wconf 91' lang='lat' dir='ltr'><strong>de</strong></span> <span class='ocrx_word' id='word_1_185' title='bbox 1660 2518 1825 2570; x_wconf 87' lang='lat' dir='ltr'><strong>tanto</strong></span> <span class='ocrx_word' id='word_1_186' title='bbox 1860 2515 2147 2571; x_wconf 84' lang='lat' dir='ltr'><strong>miraculo</strong></span> <span class='ocrx_word' id='word_1_187' title='bbox 2182 2512 2516 2587; x_wconf 75' lang='lat' dir='ltr'><strong>stupefacti,</strong></span> 
     </span>
     <span class='ocr_line' id='line_1_21' title="bbox 399 2595 2521 2671; baseline 0 -18"><span class='ocrx_word' id='word_1_188' title='bbox 399 2598 566 2670; x_wconf 90' lang='lat' dir='ltr'><strong>proni</strong></span> <span class='ocrx_word' id='word_1_189' title='bbox 618 2601 968 2653; x_wconf 87' lang='lat' dir='ltr'><strong>corruerunt</strong></span> <span class='ocrx_word' id='word_1_190' title='bbox 1017 2595 1080 2650; x_wconf 88' lang='lat' dir='ltr'><strong>in</strong></span> <span class='ocrx_word' id='word_1_191' title='bbox 1128 2600 1382 2661; x_wconf 71' lang='lat' dir='ltr'><strong>terram3</strong></span> <span class='ocrx_word' id='word_1_192' title='bbox 1421 2601 1484 2652; x_wconf 89' lang='lat' dir='ltr'><strong>et</strong></span> <span class='ocrx_word' id='word_1_193' title='bbox 1516 2595 1674 2654; x_wconf 80' lang='lat' dir='ltr'><strong>facta</strong></span> <span class='ocrx_word' id='word_1_194' title='bbox 1707 2603 1801 2654; x_wconf 89' lang='lat' dir='ltr'><strong>est</strong></span> <span class='ocrx_word' id='word_1_195' title='bbox 1832 2616 1949 2654; x_wconf 91' lang='lat' dir='ltr'><strong>non</strong></span> <span class='ocrx_word' id='word_1_196' title='bbox 1995 2616 2178 2671; x_wconf 86' lang='lat' dir='ltr'><strong>parva</strong></span> <span class='ocrx_word' id='word_1_197' title='bbox 2225 2597 2521 2656; x_wconf 78' lang='lat' dir='ltr'><strong>haesitatio</strong></span> 
     </span>
     <span class='ocr_line' id='line_1_22' title="bbox 399 2678 2518 2754; baseline -0 -16"><span class='ocrx_word' id='word_1_198' title='bbox 399 2683 533 2754; x_wconf 90' lang='lat' dir='ltr'><strong>quis</strong></span> <span class='ocrx_word' id='word_1_199' title='bbox 587 2681 892 2738; x_wconf 88' lang='lat' dir='ltr'><strong>accederet</strong></span> <span class='ocrx_word' id='word_1_200' title='bbox 925 2679 1001 2735; x_wconf 82' lang='lat' dir='ltr'><strong>ad</strong></span> <span class='ocrx_word' id='word_1_201' title='bbox 1049 2678 1454 2750; x_wconf 88' lang='lat' dir='ltr'><strong>deponendum</strong></span> <span class='ocrx_word' id='word_1_202' title='bbox 1490 2682 1833 2750; x_wconf 87' lang='lat' dir='ltr'><strong>operculum</strong></span> <span class='ocrx_word' id='word_1_203' title='bbox 1867 2689 1930 2740; x_wconf 88' lang='lat' dir='ltr'><strong>et</strong></span> <span class='ocrx_word' id='word_1_204' title='bbox 1963 2685 2248 2740; x_wconf 87' lang='lat' dir='ltr'><strong>feretrum</strong></span> <span class='ocrx_word' id='word_1_205' title='bbox 2296 2684 2518 2739; x_wconf 81' lang='lat' dir='ltr'><strong>contin-</strong></span> 
     </span>
     <span class='ocr_line' id='line_1_23' title="bbox 401 2762 2520 2841; baseline 0.001 -20"><span class='ocrx_word' id='word_1_206' title='bbox 401 2766 679 2838; x_wconf 83' lang='lat' dir='ltr'><strong>gendum.</strong></span> <span class='ocrx_word' id='word_1_207' title='bbox 778 2763 1056 2827; x_wconf 83' lang='lat' dir='ltr'><strong>Tandem,</strong></span> <span class='ocrx_word' id='word_1_208' title='bbox 1118 2762 1246 2818; x_wconf 83' lang='lat' dir='ltr'><strong>Rex</strong></span> <span class='ocrx_word' id='word_1_209' title='bbox 1304 2763 1452 2835; x_wconf 88' lang='lat' dir='ltr'><strong>ipse,</strong></span> <span class='ocrx_word' id='word_1_210' title='bbox 1504 2765 1733 2822; x_wconf 82' lang='lat' dir='ltr'><strong>caeteris</strong></span> <span class='ocrx_word' id='word_1_211' title='bbox 1792 2767 2126 2834; x_wconf 80' lang='lat' dir='ltr'><strong>animosior,</strong></span> <span class='ocrx_word' id='word_1_212' title='bbox 2178 2767 2520 2841; x_wconf 85' lang='lat' dir='ltr'><strong>operculum</strong></span> 
     </span>
     <span class='ocr_line' id='line_1_24' title="bbox 402 2847 2523 2924; baseline 0.001 -18"><span class='ocrx_word' id='word_1_213' title='bbox 402 2850 658 2906; x_wconf 82' lang='lat' dir='ltr'><strong>detraxit</strong></span> <span class='ocrx_word' id='word_1_214' title='bbox 691 2848 767 2904; x_wconf 87' lang='lat' dir='ltr'><strong>ad</strong></span> <span class='ocrx_word' id='word_1_215' title='bbox 801 2847 995 2903; x_wconf 87' lang='lat' dir='ltr'><strong>locum</strong></span> <span class='ocrx_word' id='word_1_216' title='bbox 1032 2864 1239 2914; x_wconf 78' lang='lat' dir='ltr'><strong>suum3</strong></span> <span class='ocrx_word' id='word_1_217' title='bbox 1277 2852 1341 2902; x_wconf 89' lang='lat' dir='ltr'><strong>et</strong></span> <span class='ocrx_word' id='word_1_218' title='bbox 1387 2853 1528 2904; x_wconf 90' lang='lat' dir='ltr'><strong>tunc</strong></span> <span class='ocrx_word' id='word_1_219' title='bbox 1579 2849 1771 2920; x_wconf 87' lang='lat' dir='ltr'><strong>primo</strong></span> <span class='ocrx_word' id='word_1_220' title='bbox 1806 2859 2206 2923; x_wconf 82' lang='lat' dir='ltr'><strong>cognoverunt</strong></span> <span class='ocrx_word' id='word_1_221' title='bbox 2238 2852 2523 2924; x_wconf 82' lang='lat' dir='ltr'><strong>Elyenses</strong></span> 
     </span>
     <span class='ocr_line' id='line_1_25' title="bbox 405 2929 2524 3006; baseline 0.001 -16"><span class='ocrx_word' id='word_1_222' title='bbox 405 2934 548 3006; x_wconf 88' lang='lat' dir='ltr'><strong>quid</strong></span> <span class='ocrx_word' id='word_1_223' title='bbox 609 2933 683 2989; x_wconf 85' lang='lat' dir='ltr'><strong>de</strong></span> <span class='ocrx_word' id='word_1_224' title='bbox 743 2932 957 2989; x_wconf 86' lang='lat' dir='ltr'><strong>Sancto</strong></span> <span class='ocrx_word' id='word_1_225' title='bbox 1014 2929 1245 2988; x_wconf 84' lang='lat' dir='ltr'><strong>Albano</strong></span> <span class='ocrx_word' id='word_1_226' title='bbox 1303 2931 1604 2999; x_wconf 90' lang='lat' dir='ltr'><strong>haberent,</strong></span> <span class='ocrx_word' id='word_1_227' title='bbox 1672 2934 1817 3005; x_wconf 87' lang='lat' dir='ltr'><strong>quid</strong></span> <span class='ocrx_word' id='word_1_228' title='bbox 1872 2953 1989 2992; x_wconf 90' lang='lat' dir='ltr'><strong>non</strong></span> <span class='ocrx_word' id='word_1_229' title='bbox 2037 2937 2337 3003; x_wconf 88' lang='lat' dir='ltr'><strong>haberent,</strong></span> <span class='ocrx_word' id='word_1_230' title='bbox 2389 2954 2524 2992; x_wconf 90' lang='lat' dir='ltr'><strong>cum</strong></span> 
     </span>
     <span class='ocr_line' id='line_1_26' title="bbox 404 3014 2525 3090; baseline 0 -16"><span class='ocrx_word' id='word_1_231' title='bbox 404 3018 637 3074; x_wconf 80' lang='lat' dir='ltr'><strong>oculata</strong></span> <span class='ocrx_word' id='word_1_232' title='bbox 671 3016 785 3072; x_wconf 86' lang='lat' dir='ltr'><strong>fide</strong></span> <span class='ocrx_word' id='word_1_233' title='bbox 820 3021 1125 3071; x_wconf 84' lang='lat' dir='ltr'><strong>cernerent</strong></span> <span class='ocrx_word' id='word_1_234' title='bbox 1157 3016 1222 3070; x_wconf 89' lang='lat' dir='ltr'><strong>in</strong></span> <span class='ocrx_word' id='word_1_235' title='bbox 1256 3014 1433 3072; x_wconf 86' lang='lat' dir='ltr'><strong>dicto.</strong></span> <span class='ocrx_word' id='word_1_236' title='bbox 1449 3017 1686 3083; x_wconf 70' lang='lat' dir='ltr'><strong>feren-0,</strong></span> <span class='ocrx_word' id='word_1_237' title='bbox 1724 3025 1939 3090; x_wconf 72' lang='lat' dir='ltr'><strong>praeter</strong></span> <span class='ocrx_word' id='word_1_238' title='bbox 1973 3021 2336 3086; x_wconf 72' lang='lat' dir='ltr'><strong>caracenam,</strong></span> <span class='ocrx_word' id='word_1_239' title='bbox 2374 3021 2525 3077; x_wconf 90' lang='lat' dir='ltr'><strong>nihil</strong></span> 
     </span>
     <span class='ocr_line' id='line_1_27' title="bbox 404 3099 2529 3177; baseline 0.001 -19"><span class='ocrx_word' id='word_1_240' title='bbox 404 3103 641 3160; x_wconf 88' lang='lat' dir='ltr'><strong>omnino</strong></span> <span class='ocrx_word' id='word_1_241' title='bbox 675 3100 981 3156; x_wconf 85' lang='lat' dir='ltr'><strong>contineri.</strong></span> <span class='ocrx_word' id='word_1_242' title='bbox 1069 3099 1196 3154; x_wconf 84' lang='lat' dir='ltr'><strong>Rex</strong></span> <span class='ocrx_word' id='word_1_243' title='bbox 1231 3117 1390 3167; x_wconf 79' lang='lat' dir='ltr'><strong>ver0,</strong></span> <span class='ocrx_word' id='word_1_244' title='bbox 1429 3101 1676 3160; x_wconf 86' lang='lat' dir='ltr'><strong>hilarior</strong></span> <span class='ocrx_word' id='word_1_245' title='bbox 1710 3104 1952 3161; x_wconf 80' lang='lat' dir='ltr'><strong>effectus</strong></span> <span class='ocrx_word' id='word_1_246' title='bbox 1997 3105 2071 3160; x_wconf 89' lang='lat' dir='ltr'><strong>de</strong></span> <span class='ocrx_word' id='word_1_247' title='bbox 2105 3106 2194 3160; x_wconf 90' lang='lat' dir='ltr'><strong>rei</strong></span> <span class='ocrx_word' id='word_1_248' title='bbox 2230 3111 2529 3177; x_wconf 87' lang='lat' dir='ltr'><strong>comperta</strong></span> 
     </span>
     <span class='ocr_line' id='line_1_28' title="bbox 403 3182 2529 3262; baseline 0.001 -21"><span class='ocrx_word' id='word_1_249' title='bbox 403 3186 670 3249; x_wconf 75' lang='lat' dir='ltr'><strong>veritate,</strong></span> <span class='ocrx_word' id='word_1_250' title='bbox 711 3184 875 3239; x_wconf 82' lang='lat' dir='ltr'><strong>dedit</strong></span> <span class='ocrx_word' id='word_1_251' title='bbox 920 3182 1046 3238; x_wconf 90' lang='lat' dir='ltr'><strong>illic</strong></span> <span class='ocrx_word' id='word_1_252' title='bbox 1097 3183 1249 3240; x_wconf 86' lang='lat' dir='ltr'><strong>dona</strong></span> <span class='ocrx_word' id='word_1_253' title='bbox 1278 3184 1460 3250; x_wconf 84' lang='lat' dir='ltr'><strong>varia,</strong></span> <span class='ocrx_word' id='word_1_254' title='bbox 1499 3187 1803 3244; x_wconf 87' lang='lat' dir='ltr'><strong>residuum</strong></span> <span class='ocrx_word' id='word_1_255' title='bbox 1837 3190 2117 3261; x_wconf 87' lang='lat' dir='ltr'><strong>temporis</strong></span> <span class='ocrx_word' id='word_1_256' title='bbox 2157 3209 2274 3262; x_wconf 90' lang='lat' dir='ltr'><strong>quo</strong></span> <span class='ocrx_word' id='word_1_257' title='bbox 2310 3190 2529 3246; x_wconf 85' lang='lat' dir='ltr'><strong>mansit</strong></span> 
     </span>
     <span class='ocr_line' id='line_1_29' title="bbox 405 3265 2530 3343; baseline 0.001 -18"><span class='ocrx_word' id='word_1_258' title='bbox 405 3270 625 3325; x_wconf 89' lang='lat' dir='ltr'><strong>ibidem</strong></span> <span class='ocrx_word' id='word_1_259' title='bbox 649 3268 868 3324; x_wconf 87' lang='lat' dir='ltr'><strong>ducens</strong></span> <span class='ocrx_word' id='word_1_260' title='bbox 899 3267 964 3323; x_wconf 86' lang='lat' dir='ltr'><strong>in</strong></span> <span class='ocrx_word' id='word_1_261' title='bbox 994 3285 1226 3325; x_wconf 87' lang='lat' dir='ltr'><strong>summa</strong></span> <span class='ocrx_word' id='word_1_262' title='bbox 1247 3265 1472 3334; x_wconf 68' lang='lat' dir='ltr'><strong>ltetitia,</strong></span> <span class='ocrx_word' id='word_1_263' title='bbox 1509 3270 1847 3343; x_wconf 82' lang='lat' dir='ltr'><strong>frequenter</strong></span> <span class='ocrx_word' id='word_1_264' title='bbox 1870 3275 2172 3330; x_wconf 81' lang='lat' dir='ltr'><strong>conferens</strong></span> <span class='ocrx_word' id='word_1_265' title='bbox 2209 3275 2282 3330; x_wconf 91' lang='lat' dir='ltr'><strong>de</strong></span> <span class='ocrx_word' id='word_1_266' title='bbox 2318 3273 2530 3329; x_wconf 88' lang='lat' dir='ltr'><strong>merito</strong></span> 
     </span>
     <span class='ocr_line' id='line_1_30' title="bbox 407 3351 2527 3426; baseline 0.002 -17"><span class='ocrx_word' id='word_1_267' title='bbox 407 3352 689 3425; x_wconf 81' lang='lat' dir='ltr'><strong>Martyris</strong></span> <span class='ocrx_word' id='word_1_268' title='bbox 741 3351 974 3417; x_wconf 82' lang='lat' dir='ltr'><strong>Albani,</strong></span> <span class='ocrx_word' id='word_1_269' title='bbox 1015 3358 1077 3408; x_wconf 87' lang='lat' dir='ltr'><strong>et</strong></span> <span class='ocrx_word' id='word_1_270' title='bbox 1110 3352 1321 3422; x_wconf 83' lang='lat' dir='ltr'><strong>gloria,</strong></span> <span class='ocrx_word' id='word_1_271' title='bbox 1362 3359 1426 3410; x_wconf 89' lang='lat' dir='ltr'><strong>ct</strong></span> <span class='ocrx_word' id='word_1_272' title='bbox 1450 3353 1725 3426; x_wconf 87' lang='lat' dir='ltr'><strong>judicans</strong></span> <span class='ocrx_word' id='word_1_273' title='bbox 1760 3374 1877 3412; x_wconf 89' lang='lat' dir='ltr'><strong>non</strong></span> <span class='ocrx_word' id='word_1_274' title='bbox 1912 3358 2039 3414; x_wconf 87' lang='lat' dir='ltr'><strong>sine</strong></span> <span class='ocrx_word' id='word_1_275' title='bbox 2074 3358 2276 3415; x_wconf 79' lang='lat' dir='ltr'><strong>divina</strong></span> <span class='ocrx_word' id='word_1_276' title='bbox 2309 3359 2527 3414; x_wconf 86' lang='lat' dir='ltr'><strong>factum</strong></span> 
     </span>
     <span class='ocr_line' id='line_1_31' title="bbox 409 3435 2528 3514; baseline 0.003 -22"><span class='ocrx_word' id='word_1_277' title='bbox 409 3437 776 3510; x_wconf 82' lang='lat' dir='ltr'><strong>providentia</strong></span> <span class='ocrx_word' id='word_1_278' title='bbox 823 3443 893 3492; x_wconf 88' lang='lat' dir='ltr'><strong>ut</strong></span> <span class='ocrx_word' id='word_1_279' title='bbox 939 3436 1004 3491; x_wconf 86' lang='lat' dir='ltr'><strong>in</strong></span> <span class='ocrx_word' id='word_1_280' title='bbox 1053 3435 1281 3492; x_wconf 89' lang='lat' dir='ltr'><strong>duobus</strong></span> <span class='ocrx_word' id='word_1_281' title='bbox 1317 3436 1464 3494; x_wconf 89' lang='lat' dir='ltr'><strong>locis</strong></span> <span class='ocrx_word' id='word_1_282' title='bbox 1498 3445 1621 3494; x_wconf 86' lang='lat' dir='ltr'><strong>tam</strong></span> <span class='ocrx_word' id='word_1_283' title='bbox 1657 3440 1985 3498; x_wconf 86' lang='lat' dir='ltr'><strong>celebribus</strong></span> <span class='ocrx_word' id='word_1_284' title='bbox 2036 3442 2309 3514; x_wconf 87' lang='lat' dir='ltr'><strong>specialis</strong></span> <span class='ocrx_word' id='word_1_285' title='bbox 2355 3460 2528 3498; x_wconf 82' lang='lat' dir='ltr'><strong>vene·</strong></span> 
     </span>
     <span class='ocr_line' id='line_1_32' title="bbox 411 3518 2530 3592; baseline 0.003 -16"><span class='ocrx_word' id='word_1_286' title='bbox 411 3521 562 3577; x_wconf 89' lang='lat' dir='ltr'><strong>ratio</strong></span> <span class='ocrx_word' id='word_1_287' title='bbox 588 3520 872 3591; x_wconf 80' lang='lat' dir='ltr'><strong>Martyris</strong></span> <span class='ocrx_word' id='word_1_288' title='bbox 895 3518 1230 3576; x_wconf 86' lang='lat' dir='ltr'><strong>haberetur.</strong></span> <span class='ocrx_word' id='word_1_289' title='bbox 1312 3520 1393 3578; x_wconf 81' lang='lat' dir='ltr'><strong>Et</strong></span> <span class='ocrx_word' id='word_1_290' title='bbox 1415 3522 1501 3578; x_wconf 88' lang='lat' dir='ltr'><strong>ait</strong></span> <span class='ocrx_word' id='word_1_291' title='bbox 1521 3522 1859 3581; x_wconf 80' lang='lat' dir='ltr'><strong>Eliensibus</strong></span> <span class='ocrx_word' id='word_1_292' title='bbox 1880 3529 2014 3592; x_wconf 84' lang='lat'><strong>;—“</strong></span> <span class='ocrx_word' id='word_1_293' title='bbox 2035 3526 2301 3583; x_wconf 86' lang='lat' dir='ltr'><strong>Gaudete</strong></span> <span class='ocrx_word' id='word_1_294' title='bbox 2325 3527 2399 3582; x_wconf 90' lang='lat' dir='ltr'><strong>de</strong></span> <span class='ocrx_word' id='word_1_295' title='bbox 2416 3526 2530 3583; x_wconf 87' lang='lat' dir='ltr'><strong>Dei</strong></span> 
     </span>
     <span class='ocr_line' id='line_1_33' title="bbox 418 3603 2823 3687; baseline 0.005 -28"><span class='ocrx_word' id='word_1_296' title='bbox 418 3609 456 3633; x_wconf 78' lang='lat'><strong>‘⁸</strong></span> <span class='ocrx_word' id='word_1_297' title='bbox 494 3621 755 3668; x_wconf 86' lang='lat' dir='ltr'><strong>munere,</strong></span> <span class='ocrx_word' id='word_1_298' title='bbox 808 3603 1061 3675; x_wconf 83' lang='lat' dir='ltr'><strong>gaudete</strong></span> <span class='ocrx_word' id='word_1_299' title='bbox 1115 3603 1189 3659; x_wconf 89' lang='lat' dir='ltr'><strong>de</strong></span> <span class='ocrx_word' id='word_1_300' title='bbox 1235 3605 1384 3664; x_wconf 78' lang='lat' dir='ltr'><strong>tanti</strong></span> <span class='ocrx_word' id='word_1_301' title='bbox 1431 3606 1715 3678; x_wconf 78' lang='lat' dir='ltr'><strong>Martyris</strong></span> <span class='ocrx_word' id='word_1_302' title='bbox 1777 3610 2005 3666; x_wconf 86' lang='lat' dir='ltr'><strong>meritis</strong></span> <span class='ocrx_word' id='word_1_303' title='bbox 2064 3616 2127 3667; x_wconf 89' lang='lat' dir='ltr'><strong>et</strong></span> <span class='ocrx_word' id='word_1_304' title='bbox 2183 3611 2527 3678; x_wconf 79' lang='lat' dir='ltr'><strong>sanctitate3</strong></span> <span class='ocrx_word' id='word_1_305' title='bbox 2555 3621 2668 3672; x_wconf 83' lang='lat' dir='ltr'><strong>The</strong></span> <span class='ocrx_word' id='word_1_306' title='bbox 2689 3623 2823 3687; x_wconf 86' lang='lat' dir='ltr'><strong>body</strong></span> 
     </span>
     <span class='ocr_line' id='line_1_34' title="bbox 422 3687 2871 3766; baseline 0.003 -23"><span class='ocrx_word' id='word_1_307' title='bbox 422 3692 458 3717; x_wconf 90' lang='lat'><strong><em>“</em></strong></span> <span class='ocrx_word' id='word_1_308' title='bbox 496 3688 654 3759; x_wconf 86' lang='lat' dir='ltr'><strong>quia,</strong></span> <span class='ocrx_word' id='word_1_309' title='bbox 695 3687 748 3743; x_wconf 93' lang='lat' dir='ltr'><strong>si</strong></span> <span class='ocrx_word' id='word_1_310' title='bbox 782 3693 960 3759; x_wconf 88' lang='lat' dir='ltr'><strong>prout</strong></span> <span class='ocrx_word' id='word_1_311' title='bbox 1006 3687 1225 3753; x_wconf 88' lang='lat' dir='ltr'><strong>dicitis,</strong></span> <span class='ocrx_word' id='word_1_312' title='bbox 1265 3688 1363 3744; x_wconf 90' lang='lat' dir='ltr'><strong>hio</strong></span> <span class='ocrx_word' id='word_1_313' title='bbox 1404 3688 1567 3748; x_wconf 88' lang='lat' dir='ltr'><strong>Deus</strong></span> <span class='ocrx_word' id='word_1_314' title='bbox 1615 3709 1724 3763; x_wconf 89' lang='lat' dir='ltr'><strong>per</strong></span> <span class='ocrx_word' id='word_1_315' title='bbox 1757 3693 1927 3750; x_wconf 89' lang='lat' dir='ltr'><strong>illum</strong></span> <span class='ocrx_word' id='word_1_316' title='bbox 1973 3694 2147 3766; x_wconf 89' lang='lat' dir='ltr'><strong>plura</strong></span> <span class='ocrx_word' id='word_1_317' title='bbox 2178 3695 2324 3752; x_wconf 86' lang='lat' dir='ltr'><strong>facit</strong></span> <span class='ocrx_word' id='word_1_318' title='bbox 2354 3697 2529 3752; x_wconf 85' lang='lat' dir='ltr'><strong>mira-</strong></span> <span class='ocrx_word' id='word_1_319' title='bbox 2558 3689 2710 3739; x_wconf 65' lang='lat' dir='ltr'><strong>Ofthe</strong></span> <span class='ocrx_word' id='word_1_320' title='bbox 2725 3690 2871 3739; x_wconf 66' lang='lat' dir='ltr'><strong>Saint</strong></span> 
     </span>
    </p>
   </div>
   <div class='ocr_carea' id='block_1_3' title="bbox 423 3757 2882 3848">
    <p class='ocr_par' dir='ltr' id='par_1_3' title="bbox 423 3757 2882 3848">
     <span class='ocr_line' id='line_1_35' title="bbox 423 3757 2882 3848; baseline 0.002 -20"><span class='ocrx_word' id='word_1_321' title='bbox 423 3775 460 3801; x_wconf 88' lang='lat'>“</span> <span class='ocrx_word' id='word_1_322' title='bbox 497 3772 634 3827; x_wconf 87' lang='lat' dir='ltr'><strong>cula</strong></span> <span class='ocrx_word' id='word_1_323' title='bbox 680 3771 906 3827; x_wconf 88' lang='lat' dir='ltr'><strong>ratione</strong></span> <span class='ocrx_word' id='word_1_324' title='bbox 955 3771 1158 3837; x_wconf 82' lang='lat' dir='ltr'><strong>vestis,</strong></span> <span class='ocrx_word' id='word_1_325' title='bbox 1197 3772 1451 3830; x_wconf 87' lang='lat' dir='ltr'><strong>credatis</strong></span> <span class='ocrx_word' id='word_1_326' title='bbox 1505 3775 1665 3846; x_wconf 89' lang='lat' dir='ltr'><strong>quod</strong></span> <span class='ocrx_word' id='word_1_327' title='bbox 1713 3777 1871 3848; x_wconf 87' lang='lat' dir='ltr'><strong>apud</strong></span> <span class='ocrx_word' id='word_1_328' title='bbox 1925 3777 2204 3836; x_wconf 80' lang='lat' dir='ltr'><strong>Sanctum</strong></span> <span class='ocrx_word' id='word_1_329' title='bbox 2238 3778 2530 3836; x_wconf 81' lang='lat' dir='ltr'><strong>Albanum</strong></span> <span class='ocrx_word' id='word_1_330' title='bbox 2556 3757 2882 3820; x_wconf 68' lang='lat' dir='ltr'><strong>P¹⁰¹¹⁰¹²¹¹⁰⁸d</strong></span> 
     </span>
    </p>
   </div>
   <div class='ocr_carea' id='block_1_4' title="bbox 425 3824 2814 3940">
    <p class='ocr_par' dir='ltr' id='par_1_4' title="bbox 425 3824 2814 3940">
     <span class='ocr_line' id='line_1_36' title="bbox 425 3824 2814 3940; baseline 0.008 -31"><span class='ocrx_word' id='word_1_331' title='bbox 425 3860 462 3883; x_wconf 79' lang='lat'><strong>‘⁴</strong></span> <span class='ocrx_word' id='word_1_332' title='bbox 501 3845 807 3926; x_wconf 68' lang='lat' dir='ltr'><strong>ampliora‘</strong></span> <span class='ocrx_word' id='word_1_333' title='bbox 843 3853 987 3910; x_wconf 83' lang='lat' dir='ltr'><strong>facit</strong></span> <span class='ocrx_word' id='word_1_334' title='bbox 1038 3854 1340 3922; x_wconf 85' lang='lat' dir='ltr'><strong>miracula,</strong></span> <span class='ocrx_word' id='word_1_335' title='bbox 1395 3858 1621 3914; x_wconf 88' lang='lat' dir='ltr'><strong>ratione</strong></span> <span class='ocrx_word' id='word_1_336' title='bbox 1670 3861 1931 3934; x_wconf 86' lang='lat' dir='ltr'><strong>corporis</strong></span> <span class='ocrx_word' id='word_1_337' title='bbox 1989 3862 2118 3920; x_wconf 89' lang='lat' dir='ltr'><strong>illio</strong></span> <span class='ocrx_word' id='word_1_338' title='bbox 2176 3863 2531 3922; x_wconf 78' lang='lat' dir='ltr'><strong>sanctissimi</strong></span> <span class='ocrx_word' id='word_1_339' title='bbox 2556 3824 2706 3940; x_wconf 48' lang='lat' dir='ltr'><strong>{21¹ss</strong></span> <span class='ocrx_word' id='word_1_340' title='bbox 2717 3829 2814 3939; x_wconf 48' lang='grc' dir='ltr'><strong>Ἀ-</strong></span> 
     </span>
    </p>
   </div>
   <div class='ocr_carea' id='block_1_5' title="bbox 427 3936 2696 4009">
    <p class='ocr_par' dir='ltr' id='par_1_5' title="bbox 427 3936 2696 4009">
     <span class='ocr_line' id='line_1_37' title="bbox 427 3936 2696 4009; baseline -0.001 -16"><span class='ocrx_word' id='word_1_341' title='bbox 427 3942 465 3967; x_wconf 89' lang='lat'>“</span> <span class='ocrx_word' id='word_1_342' title='bbox 505 3936 921 4009; x_wconf 87' lang='lat' dir='ltr'><strong>quiescentis.”</strong></span> <span class='ocrx_word' id='word_1_343' title='bbox 2555 3957 2696 4008; x_wconf 55' lang='lat' dir='ltr'><strong>bans,</strong></span> 
     </span>
    </p>
   </div>
   <div class='ocr_carea' id='block_1_6' title="bbox 117 3993 2893 4114">
    <p class='ocr_par' dir='ltr' id='par_1_6' title="bbox 117 3993 2893 4114">
     <span class='ocr_line' id='line_1_38' title="bbox 117 3993 2893 4114; baseline 0.006 -39"><span class='ocrx_word' id='word_1_344' title='bbox 117 4025 405 4090; x_wconf 50' lang='lat' dir='ltr'><strong>musore,</strong></span> <span class='ocrx_word' id='word_1_345' title='bbox 497 4023 622 4078; x_wconf 74' lang='lat' dir='ltr'><strong>Rex</strong></span> <span class='ocrx_word' id='word_1_346' title='bbox 671 4021 744 4076; x_wconf 79' lang='lat'><strong>‹10</strong></span> <span class='ocrx_word' id='word_1_347' title='bbox 798 4021 1003 4077; x_wconf 70' lang='lat' dir='ltr'><strong>Insuia</strong></span> <span class='ocrx_word' id='word_1_348' title='bbox 1059 4020 1082 4054; x_wconf 76' lang='lat'>²</span> <span class='ocrx_word' id='word_1_349' title='bbox 1098 4022 1340 4094; x_wconf 75' lang='lat' dir='ltr'><strong>Elyensi</strong></span> <span class='ocrx_word' id='word_1_350' title='bbox 1398 4026 1675 4084; x_wconf 73' lang='lat' dir='ltr'><strong>transivit.</strong></span> <span class='ocrx_word' id='word_1_351' title='bbox 1730 4028 2112 4096; x_wconf 74' lang='lat' dir='ltr'><strong>Linoolniam,</strong></span> <span class='ocrx_word' id='word_1_352' title='bbox 2186 4030 2394 4088; x_wconf 74' lang='lat' dir='ltr'><strong>deinde</strong></span> <span class='ocrx_word' id='word_1_353' title='bbox 2457 4032 2533 4089; x_wconf 68' lang='lat' dir='ltr'><strong>ad</strong></span> <span class='ocrx_word' id='word_1_354' title='bbox 2558 4049 2671 4099; x_wconf 62' lang='lat' dir='ltr'><strong>Th,</strong></span> <span class='ocrx_word' id='word_1_355' title='bbox 2691 4048 2837 4114; x_wconf 57' lang='lat' dir='ltr'><strong>mag</strong></span> <span class='ocrx_word' id='word_1_356' title='bbox 2889 3993 2893 3997; x_wconf 50' lang='grc'><strong><em>’</em></strong></span> 
     </span>
    </p>
   </div>
   <div class='ocr_carea' id='block_1_7' title="bbox 121 4099 2870 4212">
    <p class='ocr_par' dir='ltr' id='par_1_7' title="bbox 121 4099 2870 4212">
     <span class='ocr_line' id='line_1_39' title="bbox 121 4099 2870 4212; baseline -0.003 -43"><span class='ocrx_word' id='word_1_357' title='bbox 121 4099 356 4212; x_wconf 50' lang='lat' dir='ltr'><strong>{ism-Bm</strong></span> <span class='ocrx_word' id='word_1_358' title='bbox 428 4107 758 4164; x_wconf 81' lang='lat' dir='ltr'><strong>Eboracum</strong></span> <span class='ocrx_word' id='word_1_359' title='bbox 793 4111 856 4162; x_wconf 86' lang='lat' dir='ltr'><strong>et</strong></span> <span class='ocrx_word' id='word_1_360' title='bbox 887 4105 1125 4163; x_wconf 81' lang='lat' dir='ltr'><strong>Novum</strong></span> <span class='ocrx_word' id='word_1_361' title='bbox 1161 4107 1437 4164; x_wconf 84' lang='lat' dir='ltr'><strong>Castrum</strong></span> <span class='ocrx_word' id='word_1_362' title='bbox 1472 4129 1651 4183; x_wconf 86' lang='lat' dir='ltr'><strong>super</strong></span> <span class='ocrx_word' id='word_1_363' title='bbox 1690 4112 1933 4182; x_wconf 85' lang='lat' dir='ltr'><strong>Tynam.</strong></span> <span class='ocrx_word' id='word_1_364' title='bbox 2017 4115 2349 4173; x_wconf 80' lang='lat' dir='ltr'><strong>Berwlcum</strong></span> <span class='ocrx_word' id='word_1_365' title='bbox 2400 4134 2531 4189; x_wconf 75' lang='lat' dir='ltr'><strong>per-</strong></span> <span class='ocrx_word' id='word_1_366' title='bbox 2556 4118 2796 4180; x_wconf 76' lang='lat' dir='ltr'><strong>proceeds</strong></span> <span class='ocrx_word' id='word_1_367' title='bbox 2818 4125 2870 4166; x_wconf 74' lang='lat' dir='ltr'><strong>to</strong></span> 
     </span>
    </p>
   </div>
   <div class='ocr_carea' id='block_1_8' title="bbox 123 4183 2813 4436">
    <p class='ocr_par' dir='ltr' id='par_1_8' title="bbox 123 4183 2813 4436">
     <span class='ocr_line' id='line_1_40' title="bbox 126 4183 2813 4304; baseline 0.005 -58"><span class='ocrx_word' id='word_1_368' title='bbox 126 4226 245 4304; x_wconf 43' lang='lat' dir='ltr'><strong>Ress·</strong></span> <span class='ocrx_word' id='word_1_369' title='bbox 269 4234 324 4279; x_wconf 81' lang='lat'><strong>1³</strong></span> <span class='ocrx_word' id='word_1_370' title='bbox 430 4191 685 4257; x_wconf 83' lang='lat' dir='ltr'><strong>veniens,</strong></span> <span class='ocrx_word' id='word_1_371' title='bbox 726 4191 1053 4263; x_wconf 78' lang='lat' dir='ltr'><strong>expectavit</strong></span> <span class='ocrx_word' id='word_1_372' title='bbox 1098 4191 1316 4248; x_wconf 88' lang='lat' dir='ltr'><strong>ibidem</strong></span> <span class='ocrx_word' id='word_1_373' title='bbox 1356 4212 1556 4251; x_wconf 87' lang='lat' dir='ltr'><strong>omnes</strong></span> <span class='ocrx_word' id='word_1_374' title='bbox 1598 4195 1702 4266; x_wconf 91' lang='lat' dir='ltr'><strong>qui</strong></span> <span class='ocrx_word' id='word_1_375' title='bbox 1743 4197 1855 4253; x_wconf 90' lang='lat' dir='ltr'><strong>sibi</strong></span> <span class='ocrx_word' id='word_1_376' title='bbox 1896 4197 2185 4255; x_wconf 85' lang='lat' dir='ltr'><strong>debebant</strong></span> <span class='ocrx_word' id='word_1_377' title='bbox 2229 4201 2535 4296; x_wconf 42' lang='lat' dir='ltr'><strong>servitium</strong></span> <span class='ocrx_word' id='word_1_378' title='bbox 2559 4183 2813 4234; x_wconf 54' lang='lat' dir='ltr'><strong>semland·</strong></span> 
     </span>
     <span class='ocr_line' id='line_1_41' title="bbox 123 4276 2535 4357; baseline 0.005 -28"><span class='ocrx_word' id='word_1_379' title='bbox 123 4292 180 4341; x_wconf 84' lang='lat' dir='ltr'><strong>E.</strong></span> <span class='ocrx_word' id='word_1_380' title='bbox 205 4308 272 4345; x_wconf 59' lang='grc' dir='ltr'><strong>η,</strong></span> <span class='ocrx_word' id='word_1_381' title='bbox 431 4276 717 4340; x_wconf 79' lang='lat' dir='ltr'><strong>militare3</strong></span> <span class='ocrx_word' id='word_1_382' title='bbox 787 4276 1130 4347; x_wconf 88' lang='lat' dir='ltr'><strong>cunctisque</strong></span> <span class='ocrx_word' id='word_1_383' title='bbox 1194 4276 1337 4332; x_wconf 90' lang='lat' dir='ltr'><strong>illuc</strong></span> <span class='ocrx_word' id='word_1_384' title='bbox 1395 4278 1800 4336; x_wconf 79' lang='lat' dir='ltr'><strong>³vcm&#39;entibus</strong></span> <span class='ocrx_word' id='word_1_385' title='bbox 1862 4283 1963 4353; x_wconf 88' lang='lat' dir='ltr'><strong>qui</strong></span> <span class='ocrx_word' id='word_1_386' title='bbox 2024 4284 2135 4338; x_wconf 89' lang='lat' dir='ltr'><strong>sibi</strong></span> <span class='ocrx_word' id='word_1_387' title='bbox 2201 4284 2535 4357; x_wconf 68' lang='lat' dir='ltr'><strong>hujusmodi</strong></span> 
     </span>
     <span class='ocr_line' id='line_1_42' title="bbox 434 4360 2540 4436; baseline 0.005 -19"><span class='ocrx_word' id='word_1_388' title='bbox 434 4360 716 4417; x_wconf 87' lang='lat' dir='ltr'><strong>debebant</strong></span> <span class='ocrx_word' id='word_1_389' title='bbox 750 4360 1075 4425; x_wconf 85' lang='lat' dir='ltr'><strong>servitium,</strong></span> <span class='ocrx_word' id='word_1_390' title='bbox 1126 4368 1345 4432; x_wconf 80' lang='lat' dir='ltr'><strong>praeter</strong></span> <span class='ocrx_word' id='word_1_391' title='bbox 1391 4363 1673 4420; x_wconf 71' lang='lat' dir='ltr'><strong>&#39;rhomam</strong></span> <span class='ocrx_word' id='word_1_392' title='bbox 1716 4365 2005 4422; x_wconf 78' lang='lat' dir='ltr'><strong>Comitem</strong></span> <span class='ocrx_word' id='word_1_393' title='bbox 2052 4368 2426 4436; x_wconf 79' lang='lat' dir='ltr'><strong>Lancastrioe,</strong></span> <span class='ocrx_word' id='word_1_394' title='bbox 2477 4377 2540 4428; x_wconf 85' lang='lat' dir='ltr'><strong>et</strong></span> 
     </span>
    </p>
   </div>
   <div class='ocr_carea' id='block_1_9' title="bbox 501 4642 2542 4790">
    <p class='ocr_par' dir='ltr' id='par_1_9' title="bbox 501 4642 2542 4790">
     <span class='ocr_line' id='line_1_43' title="bbox 501 4642 2542 4722; baseline 0.008 -30"><span class='ocrx_word' id='word_1_395' title='bbox 501 4642 759 4694; x_wconf 66' lang='lat' dir='ltr'><strong>‘meseia</strong></span> <span class='ocrx_word' id='word_1_396' title='bbox 780 4642 838 4695; x_wconf 89' lang='lat' dir='ltr'><strong>in</strong></span> <span class='ocrx_word' id='word_1_397' title='bbox 859 4644 986 4712; x_wconf 75' lang='lat' dir='ltr'><strong>orig.</strong></span> <span class='ocrx_word' id='word_1_398' title='bbox 1598 4651 1619 4682; x_wconf 78' lang='lat'>⁸</span> <span class='ocrx_word' id='word_1_399' title='bbox 1654 4650 2048 4717; x_wconf 70' lang='lat' dir='ltr'><strong>pervenientibus</strong></span> <span class='ocrx_word' id='word_1_400' title='bbox 2091 4654 2146 4706; x_wconf 84' lang='lat' dir='ltr'><strong>in</strong></span> <span class='ocrx_word' id='word_1_401' title='bbox 2209 4654 2296 4708; x_wconf 84' lang='lat' dir='ltr'><strong>the</strong></span> <span class='ocrx_word' id='word_1_402' title='bbox 2340 4655 2542 4722; x_wconf 75' lang='lat' dir='ltr'><strong>printed</strong></span> 
     </span>
     <span class='ocr_line' id='line_1_44' title="bbox 505 4721 1683 4790; baseline 0.009 -18"><span class='ocrx_word' id='word_1_403' title='bbox 505 4724 525 4753; x_wconf 80' lang='lat'>²</span> <span class='ocrx_word' id='word_1_404' title='bbox 546 4721 765 4789; x_wconf 70' lang='lat' dir='ltr'><strong>Elyensy</strong></span> <span class='ocrx_word' id='word_1_405' title='bbox 784 4724 841 4774; x_wconf 90' lang='lat' dir='ltr'><strong>in</strong></span> <span class='ocrx_word' id='word_1_406' title='bbox 863 4724 988 4790; x_wconf 80' lang='lat' dir='ltr'><strong>orig.</strong></span> <span class='ocrx_word' id='word_1_407' title='bbox 1535 4735 1683 4783; x_wconf 77' lang='lat' dir='ltr'><strong>texts.</strong></span> 
     </span>
    </p>
   </div>
  </div>
 </body>
</html>
