3300 5617
793 772 920 835 162
1456 783 1714 833 'mom
1760 779 2225 832 wammam

451 977 593 1032 ΑΛ).
621 984 764 1031 1321.
787 971 945 1029 vulis
982 976 1044 1027 et
1077 971 1277 1043 magni
1316 970 1578 1027 thesauri
1616 970 1802 1042 copia,
1842 969 2145 1027 dimiserat
2164 986 2273 1041 pro
2295 969 2498 1035 tutela,
2524 968 2685 1034 dum,
2712 966 2886 1024 fidem
2908 970 3189 1038 Trokehva,
3238 961 3239 1000 ἶ

788 1055 1025 1112 Domini
1063 1056 1156 1111 sui
1199 1055 1382 1127 Regis
1422 1055 1764 1121 deserendo,
1792 1053 2042 1111 adhaesit
2092 1054 2423 1110 Batonibus
2458 1053 2524 1109 in
2557 1053 2886 1110 turbatione
2909 1054 2960 1104 P·
2985 1044 3060 1089 ⁵²·
3238 1105 3239 1120 χ

785 1140 1045 1212 praefata.
1115 1139 1315 1211 Igitur
1349 1138 1708 1211 praeveniens
1756 1138 2065 1194 Dominam
2120 1156 2306 1204 suam,
2370 1138 2616 1209 Reginae
2665 1136 2887 1193 Mares·
2910 1105 3159 1251 ἕξιῗῗι

783 1223 970 1280 callus
1009 1224 1184 1296 petiit
1219 1224 1556 1295 ingressum
1593 1224 1792 1289 castri,
1833 1230 1904 1279 ut
1948 1223 2093 1279 illuc
2123 1224 2455 1279 necessaria
2477 1227 2884 1295 comportaret,
2908 1240 2971 1290 E.
2994 1253 3063 1291 ιχ,

786 1313 848 1364 et
876 1315 1111 1380 pararet
1155 1324 1263 1380 pro
1309 1307 1535 1363 familia
1579 1307 1867 1379 domoque
1915 1306 2177 1379 Regium.
2270 1307 2389 1364 Sed
2424 1306 2442 1339 ¹
2462 1307 2566 1380 qui
2600 1307 2666 1362 in
2696 1310 2888 1362 casta-o

784 1393 1033 1457 fuerant,
1077 1391 1401 1464 procaciter
1439 1391 1883 1463 responderunt,
1928 1409 1993 1447 se
2029 1408 2136 1447 nec
2174 1391 2418 1462 Reginae
2456 1408 2566 1447 nec
2612 1390 2885 1462 cuiquam

784 1476 956 1532 alteri
992 1476 1327 1547 ingressum
1364 1476 1543 1532 castri
1588 1475 1951 1546 permittere,
2013 1475 2141 1531 sine
2192 1474 2460 1547 jussione
2513 1475 2610 1531 vel
2668 1474 2883 1530 litteris

783 1560 1002 1616 domini
1026 1560 1171 1617 dicti
1193 1560 1389 1616 castri.
1464 1558 1833 1631 Responsum
1854 1576 1989 1615 mox
2010 1558 2088 1615 ad
2110 1576 2282 1616 aures
2318 1557 2564 1631 Reginae
2596 1558 2883 1632 pervenit,

784 1662 915 1715 quoe
951 1644 1096 1700 illuc
1118 1645 1182 1700 in
1203 1643 1442 1716 propria
1473 1659 1724 1715 persona
1743 1643 2087 1715 perveniens
2115 1643 2290 1715 petiit
2310 1643 2643 1714 ingressum
2665 1643 2882 1710 castrig

782 1730 888 1784 sed
926 1729 1149 1784 nullam
1190 1745 1355 1800 spem
1395 1727 1653 1783 intrandi
1720 1728 1914 1799 potuit
1965 1744 2002 1783 a
2059 1727 2545 1799 respondentibus
2599 1727 2881 1794 obtinere,

779 1818 841 1868 et
878 1812 1012 1868 ideo
1059 1812 1204 1868 alias
1241 1827 1349 1884 pro
1401 1818 1570 1868 nocte
1625 1810 1734 1867 ina
1791 1810 2067 1882 quoesivit
2115 1811 2388 1883 hospitia,
2446 1810 2552 1867 illo
2612 1828 2883 1882 expresse
2906 1829 3003 1876 ns,
3018 1832 3128 1878 nihl.

779 1896 892 1951 sibi
931 1895 1030 1951 'et
1066 1896 1299 1968 penitus
1346 1895 1650 1966 denegato.
1751 1895 2017 1965 Cumque
2067 1895 2319 1951 redisset
2374 1895 2451 1950 ad
2504 1894 2751 1966 Regem,
2810 1895 2883 1951 de
2907 1882 3177 1935 ¹³⁶⁸³³²¹¹

777 1980 996 2052 injuria
1048 1979 1426 2051 conqueritur
1478 1979 1592 2034 sibi
1646 1980 1837 2046 facta3
1883 1996 1953 2035 ex
2008 1978 2178 2050 cujus
2232 1978 2514 2034 relatione
2573 1980 2701 2035 Rex
2748 1997 2880 2051 pro·
2904 1977 3187 2058 maore,

775 2071 1015 2121 vocatus
1053 2065 1128 2119 ad
1165 2066 1333 2129 iram,
1375 2063 1637 2119 collectis
1677 2063 1947 2136 pluribus
1985 2068 2343 2119 armatorum
2392 2062 2676 2129 millibus,
2744 2081 2878 2120 cum
2904 2084 2956 2133 p.
2982 2075 3058 2120 53.
3238 2041 3239 2096 3

774 2148 977 2204 multis
1016 2147 1534 2213 Londoniensibus,
1555 2147 1632 2202 ad
1661 2147 1883 2202 dictum
1915 2154 2175 2203 castrum
2202 2147 2449 2204 accessit
2470 2146 2874 2219 personaliter,
2901 2136 3011 2187 ΜΒ·
3032 2137 3153 2187 Bibl,
3238 2145 3239 2160 ¹

773 2232 1017 2288 inclusis
1068 2231 1413 2304 praecipiens
1467 2236 1538 2286 ut
1591 2230 1905 2286 redderent
1955 2231 2071 2287 sibi
2124 2239 2399 2287 castrum.
2475 2232 2876 2289 Renuentibus
2898 2202 3105 2320 {fg-¹³

774 2316 1104 2372 castellanis
1145 2332 1352 2388 parere
1384 2315 1571 2388 jussis
1611 2315 1815 2386 regiis,
1855 2315 1981 2370 Rex
2038 2321 2193 2372 artat
2245 2316 2501 2371 inclusos
2553 2316 2871 2384 obsidione,

771 2398 794 2430 ³
810 2407 872 2457 et
949 2400 1174 2456 tamdiu
1228 2405 1566 2471 perseverat
1633 2399 1871 2465 ibidem,
1946 2399 2128 2455 donec
2200 2399 2221 2432 ⁴
2236 2399 2427 2456 virtus
2488 2399 2733 2456 inclusis
2814 2407 2877 2457 et
2895 2419 3006 2471 ns,
3024 2419 3150 2470 Bm
3238 2411 3239 2480 ἦ

437 2483 550 2534 The
567 2482 735 2548 Gastle
770 2483 1050 2540 victualia
1089 2483 1455 2539 defecissent.
1526 2481 1786 2538 Tandem
1808 2482 2105 2538 redditum
2127 2488 2220 2540 est
2241 2489 2499 2539 castrum
2544 2483 2606 2539 in
2663 2501 2870 2541 manus
2894 2487 3021 2552 Reg.
3047 2493 3104 2537 13
3238 2489 3239 2492 ’

433 2549 480 2600 5⁸
501 2552 652 2630 ‘⁸¹1‘ss
676 2553 746 2619 by
771 2568 974 2640 Regis,
1044 2585 1180 2623 cum
1234 2567 1502 2623 omnibus
1556 2583 1688 2638 quae
1749 2566 1910 2622 intus
1973 2573 2157 2623 erant.
2255 2568 2506 2624 Thomas
2560 2567 2868 2641 Golpeper,
2893 2554 2954 2605 Β·
2979 2555 3050 2605 ix.

437 2618 744 2737 tfgfflfnz
772 2660 967 2710 custos
1008 2652 1206 2717 castri,
1235 2657 1438 2723 captus
1478 2656 1570 2706 est
1605 2650 1894 2722 inprimis,
1940 2651 2043 2721 qui
2082 2656 2349 2708 tenuerat
2382 2657 2640 2708 castmm
2672 2663 2875 2711 contra

436 2723 746 2803 thewgrden
775 2737 1019 2808 Regem,
1061 2741 1124 2791 et
1161 2753 1269 2807 pro
1309 2734 1626 2790 rebellione
1667 2740 1891 2790 tractus
1944 2740 2006 2790 et
2046 2752 2364 2807 suspensus
2400 2742 2508 2792 est.
2590 2737 2875 2794 Mulieres
2900 2738 3193 2798 Trokelove,
3238 2767 3239 2802 3

437 2816 652 2883 hanged.
772 2821 858 2876 ibi
919 2824 1166 2892 repertae
1219 2818 1550 2874 Londonias
1611 2818 1811 2874 missae
1866 2824 2022 2885 sunt,
2079 2819 2145 2875 in
2212 2819 2389 2875 Turri
2444 2820 2875 2878 Londoniarum
2899 2822 2951 2870 Ρ·
2974 2811 3052 2857 ⁵⁸·
3238 2811 3239 2846 ¹

776 2905 885 2961 sub
943 2909 1073 2960 arta
1131 2903 1398 2960 custodia
1447 2901 1891 2969 conservandoeg
1959 2903 2300 2969 servientes,
2352 2904 2602 2962 diversis
2638 2907 2873 2964 multati
2897 2871 3009 3006 {283
3032 2872 3157 2990 {u
3238 2925 3239 2948 l

769 2989 978 3061 poenis,
1035 2989 1098 3044 in
1134 2987 1280 3044 locis
1318 2987 1501 3043 variis
1540 2993 1679 3043 sunt
1717 2987 2023 3059 perempti.
2121 2988 2407 3044 Thesauri
2452 2992 2689 3062 reperti,
2735 3008 2871 3049 cum
2894 3009 2955 3060 1-3.
2977 3009 3050 3062 ix,

771 3074 980 3128 armis*
1000 3077 1061 3127 et
1105 3073 1291 3143 equis,
1332 3072 1517 3142 regiis
1554 3076 1694 3127 sunt
1730 3071 1937 3127 usibus
1973 3070 2280 3144 deputati.⁶

844 3156 1069 3224 Quibus
1106 3156 1306 3227 itaque
1346 3155 1619 3227 peractis,
1661 3155 1788 3211 Rex
1825 3154 1948 3213 suis
1990 3157 2279 3213 militibus
2316 3159 2639 3215 custodiam
2694 3161 2876 3217 castri

773 3239 1083 3303 commisit,
1124 3245 1187 3296 et
1220 3239 1531 3295 victoriose
1566 3239 1947 3310 progrediens
1986 3257 2194 3297 versus
2233 3241 2662 3310 Oiroeestriam‚
2689 3245 2880 3301 obiter

775 3323 933 3395 cepit
968 3323 1156 3379 multa
1192 3328 1386 3379 castra
1422 3322 1536 3378 sibi
1576 3323 1986 3380 rebellantium
2025 3342 2204 3381 manu
2239 3326 2381 3383 forti
2414 3344 2743 3399 procerum.

439 3416 552 3467 The
848 3407 1022 3464 Oirca
1085 3408 1301 3464 festum
1375 3407 1651 3463 Omnium
1714 3408 2058 3465 Sanctorum
2132 3410 2396 3482 proximo
2475 3412 2871 3481 subsecutum,
2898 3432 3012 3484 Ms,
3032 3432 3159 3484 Bm

439 3498 669 3549 younger
775 3491 957 3563 Engo
999 3491 1379 3564 Dispensator
1407 3493 1627 3564 junior,
1667 3493 1825 3549 filius
1861 3493 2137 3551 videlicet
2185 3495 2451 3563 senioris,
2520 3499 2783 3554 ascendit
2841 3516 2876 3553 e
2896 3506 3022 3566 Reg.
3050 3506 3110 3551 13

433 3550 752 3667 Pssnsspffoer
775 3577 926 3631 mari
977 3583 1038 3634 et
1093 3577 1362 3649 pervenit
1398 3577 1475 3632 ad
1532 3577 1792 3648 Regem3
1855 3578 2025 3650 cujus
2077 3579 2319 3636 consilio
2384 3586 2446 3637 et
2508 3583 2875 3653 quorundam
2895 3574 2958 3625 Ε·
2979 3569 3052 3619 5¹·

434 3633 584 3750 {gin}
604 3635 750 3747 „2120
776 3661 1042 3727 aliorum,
1094 3661 1221 3716 Rex
1268 3661 1567 3717 mandavit
1625 3662 1829 3717 brevia
1889 3681 1997 3718 sua
2063 3664 2138 3719 ad
2211 3681 2409 3721 omnes
2482 3664 2875 3724 vicecomites

439 3748 596 3801 levies
616 3768 683 3803 an
775 3745 956 3801 totius
1011 3743 1265 3816 Anglioe,
1311 3737 1388 3800 ad
1422 3745 1900 3817 congregandum
1950 3748 2271 3803 exercitum
2325 3753 2528 3806 contra
2578 3749 2875 3818 Barones3

439 3831 584 3883 my
778 3830 919 3902 quia
955 3830 1228 3902 cupiebat
1261 3828 1548 3885 vindicari
1585 3830 1659 3885 de
1697 3830 1977 3903 despectu
2018 3837 2079 3888 et
2122 3831 2438 3888 rebellione
2492 3851 2682 3906 nuper
2731 3834 2883 3890 Lon-

439 3884 752 4005 ffssffie
776 3913 965 3970 doniis
1005 3913 1120 3970 sibi
1159 3912 1347 3969 factis.
1421 3913 1681 3970 Berones
1722 3931 1881 3980 vero,
1921 3916 2256 3986 proemuniti
2278 3917 2352 3972 de
2373 3923 2538 3973 tanta
2557 3918 2879 3984 molitione,

778 4015 841 4054 se
890 3999 1268 4058 muniverunt
1328 4015 1437 4070 pro
1499 3997 1746 4063 viribus,
1805 4004 1867 4055 et
1917 3999 2035 4071 ipsi
2097 4000 2533 4058 multitudinem
2591 4004 2883 4060 exercitus

845 4226 857 4254 ¹
895 4223 1025 4274 This
1067 4223 1114 4275 is
1156 4231 1246 4276 not
1304 4222 1508 4288 exactly
1547 4223 1685 4275 what
1740 4224 1786 4274 is
1872 4224 2078 4292 printed
2099 4234 2250 4280 texts.

776 4304 937 4355 stated
967 4304 1037 4369 by
1075 4304 1390 4363 'Pl-okelowe,
1406 4332 1474 4341 —
1488 4306 1520 4331 “
1537 4302 1787 4370 respondit
1939 4307 1959 4336 ⁴
1979 4307 2136 4357 victus
2155 4308 2214 4358 in
2233 4308 2321 4360 the
2340 4308 2541 4376 printed
2562 4314 2711 4363 texts.

777 4389 807 4412 “
839 4385 1032 4435 domina
1052 4386 1221 4446 castr-i,
1243 4382 1320 4434 vel
1332 4381 1463 4433 alius
1475 4399 1574 4449 pro
1587 4383 1698 4434 ea.”
1936 4387 1957 4415 ⁵
1976 4385 2028 4436 It
2060 4402 2222 4438 seems
2265 4396 2356 4439 not
2397 4388 2723 4454 improbable,
2766 4390 2879 4443 that

839 4465 860 4493 ²
883 4465 1049 4515 These
1069 4470 1172 4514 two
1192 4464 1360 4513 words
1381 4477 1468 4513 are
1489 4462 1705 4514 omitted
1725 4462 1782 4513 ln
1866 4462 1923 4515 in
1944 4463 2047 4516 this
2067 4475 2284 4520 account
2303 4469 2366 4519 of
2375 4469 2463 4520 the
2483 4470 2619 4535 siege
2642 4470 2880 4522 ofLeeds

771 4542 859 4594 the
896 4543 1096 4609 printed
1129 4549 1264 4596 texts
1288 4564 1305 4606 ς
1338 4543 1463 4609 they
1500 4558 1586 4595 are
1620 4543 1782 4596 found
1869 4544 2055 4610 Casae,
2094 4547 2183 4600 the
2212 4549 2464 4602 nan-ative
2502 4550 2565 4602 of
2588 4549 2875 4602 Murimuth

769 4619 827 4670 iu
849 4621 964 4672 MS.
979 4622 1118 4676 Bibl.
1139 4622 1269 4689 Reg.
1296 4627 1358 4672 13
1379 4622 1440 4674 E.
1462 4621 1536 4675 ix.
1867 4626 1975 4694 (pp.
1994 4631 2188 4695 34-36)
2202 4627 2436 4682 hasbeen
2457 4632 2566 4685 also
2579 4633 2857 4686 consulted.

837 4701 934 4749 'ut
963 4700 1021 4752 in
1059 4701 1219 4768 orig.;
1257 4702 1515 4754 corrected
1545 4700 1782 4755 stomthe
2232 4735 2235 4738 -
