<?xml version="1.0" encoding="UTF-8"?>
<!DOCTYPE html PUBLIC "-//W3C//DTD XHTML 1.0 Transitional//EN"
    "http://www.w3.org/TR/xhtml1/DTD/xhtml1-transitional.dtd">
<html xmlns="http://www.w3.org/1999/xhtml" xml:lang="en" lang="en">
 <head>
  <title>
</title>
<meta http-equiv="Content-Type" content="text/html;charset=utf-8" />
  <meta name='ocr-system' content='tesseract 3.04.00' />
  <meta name='ocr-capabilities' content='ocr_page ocr_carea ocr_par ocr_line ocrx_word'/>
</head>
<body>
  <div class='ocr_page' id='page_1' title='image "./thomaewalsingha00unkngoog_0411.png"; bbox 0 0 3300 5617; ppageno 0'>
   <div class='ocr_carea' id='block_1_1' title="bbox 31 969 380 1024">
    <p class='ocr_par' dir='ltr' id='par_1_1' title="bbox 31 969 380 1024">
     <span class='ocr_line' id='line_1_1' title="bbox 31 969 380 1024; baseline 0.009 -3"><span class='ocrx_word' id='word_1_1' title='bbox 31 969 206 1024; x_wconf 76' lang='lat' dir='ltr'>MS.</span> <span class='ocrx_word' id='word_1_2' title='bbox 233 972 380 1024; x_wconf 88' lang='lat' dir='ltr'>Bibl.</span> 
     </span>
    </p>
   </div>
   <div class='ocr_carea' id='block_1_2' title="bbox 99 3319 374 3503">
    <p class='ocr_par' dir='ltr' id='par_1_2' title="bbox 99 3319 374 3503">
     <span class='ocr_line' id='line_1_2' title="bbox 101 3319 374 3373; baseline 0.015 -5"><span class='ocrx_word' id='word_1_3' title='bbox 101 3319 214 3369; x_wconf 78' lang='lat' dir='ltr'>MS.</span> <span class='ocrx_word' id='word_1_4' title='bbox 239 3321 374 3373; x_wconf 89' lang='lat' dir='ltr'>Bibl.</span> 
     </span>
     <span class='ocr_line' id='line_1_3' title="bbox 99 3386 317 3451; baseline 0.005 -15"><span class='ocrx_word' id='word_1_5' title='bbox 99 3386 226 3451; x_wconf 83' lang='lat' dir='ltr'>Reg.</span> <span class='ocrx_word' id='word_1_6' title='bbox 258 3393 317 3437; x_wconf 87' lang='grc'>13</span> 
     </span>
     <span class='ocr_line' id='line_1_4' title="bbox 101 3454 261 3503; baseline 0 0"><span class='ocrx_word' id='word_1_7' title='bbox 101 3454 165 3503; x_wconf 86' lang='grc' dir='ltr'>Ε.</span> <span class='ocrx_word' id='word_1_8' title='bbox 189 3454 261 3503; x_wconf 87' lang='lat' dir='ltr'>ix.</span> 
     </span>
    </p>
   </div>
   <div class='ocr_carea' id='block_1_3' title="bbox 1105 772 2535 834">
    <p class='ocr_par' dir='ltr' id='par_1_3' title="bbox 1105 772 2535 834">
     <span class='ocr_line' id='line_1_5' title="bbox 1105 772 2535 834; baseline 0.003 -7"><span class='ocrx_word' id='word_1_9' title='bbox 1105 778 1430 829; x_wconf 77' lang='lat' dir='ltr'>ms&#39;romA</span> <span class='ocrx_word' id='word_1_10' title='bbox 1475 780 1891 832; x_wconf 62' lang='lat' dir='ltr'>mancam.</span> <span class='ocrx_word' id='word_1_11' title='bbox 2412 772 2535 834; x_wconf 88' lang='lat'>311</span> 
     </span>
    </p>
   </div>
   <div class='ocr_carea' id='block_1_4' title="bbox 438 952 2872 1457">
    <p class='ocr_par' dir='ltr' id='par_1_4' title="bbox 442 952 2872 1108">
     <span class='ocr_line' id='line_1_6' title="bbox 442 952 2872 1039; baseline -0.001 -16"><span class='ocrx_word' id='word_1_12' title='bbox 442 973 505 1023; x_wconf 84' lang='lat' dir='ltr'>et</span> <span class='ocrx_word' id='word_1_13' title='bbox 547 969 816 1039; x_wconf 83' lang='lat' dir='ltr'>ingratus</span> <span class='ocrx_word' id='word_1_14' title='bbox 863 963 955 1020; x_wconf 86' lang='lat' dir='ltr'>illi</span> <span class='ocrx_word' id='word_1_15' title='bbox 1003 964 1258 1020; x_wconf 83' lang='lat' dir='ltr'>Roberto</span> <span class='ocrx_word' id='word_1_16' title='bbox 1306 964 1598 1019; x_wconf 87' lang='lat' dir='ltr'>diceretur</span> <span class='ocrx_word' id='word_1_17' title='bbox 1631 965 1707 1019; x_wconf 88' lang='lat' dir='ltr'>ab</span> <span class='ocrx_word' id='word_1_18' title='bbox 1743 966 2029 1031; x_wconf 88' lang='lat' dir='ltr'>omnibus,</span> <span class='ocrx_word' id='word_1_19' title='bbox 2081 972 2142 1020; x_wconf 88' lang='lat' dir='ltr'>et</span> <span class='ocrx_word' id='word_1_20' title='bbox 2187 966 2539 1021; x_wconf 75' lang='lat' dir='ltr'><strong>crederetur.</strong></span> <span class='ocrx_word' id='word_1_21' title='bbox 2566 952 2872 1006; x_wconf 81' lang='lat' dir='ltr'><strong>A.D.1370.</strong></span> 
     </span>
     <span class='ocr_line' id='line_1_7' title="bbox 442 1047 2543 1108; baseline -0.002 0"><span class='ocrx_word' id='word_1_22' title='bbox 442 1053 569 1108; x_wconf 85' lang='lat' dir='ltr'>Rex</span> <span class='ocrx_word' id='word_1_23' title='bbox 600 1048 923 1106; x_wconf 78' lang='lat' dir='ltr'>Edwardus</span> <span class='ocrx_word' id='word_1_24' title='bbox 957 1048 1334 1103; x_wconf 87' lang='lat' dir='ltr'>nihilominus</span> <span class='ocrx_word' id='word_1_25' title='bbox 1386 1047 1675 1103; x_wconf 85' lang='lat' dir='ltr'>subtraxit</span> <span class='ocrx_word' id='word_1_26' title='bbox 1725 1050 1798 1104; x_wconf 88' lang='lat' dir='ltr'>ab</span> <span class='ocrx_word' id='word_1_27' title='bbox 1848 1050 2052 1105; x_wconf 89' lang='lat' dir='ltr'>eodem</span> <span class='ocrx_word' id='word_1_28' title='bbox 2103 1050 2358 1105; x_wconf 83' lang='lat' dir='ltr'>Roberto</span> <span class='ocrx_word' id='word_1_29' title='bbox 2394 1050 2543 1105; x_wconf 89' lang='lat' dir='ltr'>dona</span> 
     </span>
    </p>

    <p class='ocr_par' dir='ltr' id='par_1_5' title="bbox 442 1131 2540 1207">
     <span class='ocr_line' id='line_1_8' title="bbox 442 1131 2540 1207; baseline -0.001 -16"><span class='ocrx_word' id='word_1_30' title='bbox 442 1136 709 1207; x_wconf 78' lang='lat' dir='ltr'>quoedam</span> <span class='ocrx_word' id='word_1_31' title='bbox 743 1150 875 1204; x_wconf 78' lang='lat' dir='ltr'>quae</span> <span class='ocrx_word' id='word_1_32' title='bbox 909 1150 1015 1206; x_wconf 91' lang='lat' dir='ltr'>per</span> <span class='ocrx_word' id='word_1_33' title='bbox 1050 1136 1184 1188; x_wconf 83' lang='lat' dir='ltr'>ante</span> <span class='ocrx_word' id='word_1_34' title='bbox 1216 1131 1330 1187; x_wconf 91' lang='lat' dir='ltr'>sibi</span> <span class='ocrx_word' id='word_1_35' title='bbox 1366 1132 1722 1197; x_wconf 78' lang='lat' dir='ltr'>contulerat3</span> <span class='ocrx_word' id='word_1_36' title='bbox 1761 1133 1915 1188; x_wconf 89' lang='lat' dir='ltr'>unde</span> <span class='ocrx_word' id='word_1_37' title='bbox 1944 1133 2208 1204; x_wconf 78' lang='lat' dir='ltr'>contigit,</span> <span class='ocrx_word' id='word_1_38' title='bbox 2254 1140 2322 1189; x_wconf 90' lang='lat' dir='ltr'>ut</span> <span class='ocrx_word' id='word_1_39' title='bbox 2350 1134 2540 1189; x_wconf 87' lang='lat' dir='ltr'>dictus</span> 
     </span>
    </p>

    <p class='ocr_par' dir='ltr' id='par_1_6' title="bbox 441 1215 2541 1289">
     <span class='ocr_line' id='line_1_9' title="bbox 441 1215 2541 1289; baseline -0.001 -14"><span class='ocrx_word' id='word_1_40' title='bbox 441 1220 730 1275; x_wconf 83' lang='lat' dir='ltr'>Robertus</span> <span class='ocrx_word' id='word_1_41' title='bbox 752 1217 1032 1289; x_wconf 83' lang='lat' dir='ltr'>Angliam</span> <span class='ocrx_word' id='word_1_42' title='bbox 1062 1230 1178 1271; x_wconf 86' lang='lat' dir='ltr'>non</span> <span class='ocrx_word' id='word_1_43' title='bbox 1206 1215 1448 1271; x_wconf 87' lang='lat' dir='ltr'>auderet</span> <span class='ocrx_word' id='word_1_44' title='bbox 1475 1215 1713 1281; x_wconf 84' lang='lat' dir='ltr'>intrare,</span> <span class='ocrx_word' id='word_1_45' title='bbox 1745 1222 2055 1289; x_wconf 73' lang='lat' dir='ltr'><strong>antequam</strong></span> <span class='ocrx_word' id='word_1_46' title='bbox 2082 1217 2264 1288; x_wconf 83' lang='lat' dir='ltr'>Regis</span> <span class='ocrx_word' id='word_1_47' title='bbox 2290 1220 2541 1289; x_wconf 81' lang='lat' dir='ltr'>gratiam</span> 
     </span>
    </p>

    <p class='ocr_par' dir='ltr' id='par_1_7' title="bbox 438 1299 2539 1375">
     <span class='ocr_line' id='line_1_10' title="bbox 438 1299 2539 1375; baseline -0 -17"><span class='ocrx_word' id='word_1_48' title='bbox 438 1318 654 1375; x_wconf 82' lang='lat' dir='ltr'>magna</span> <span class='ocrx_word' id='word_1_49' title='bbox 685 1302 934 1374; x_wconf 85' lang='lat' dir='ltr'>pecunia</span> <span class='ocrx_word' id='word_1_50' title='bbox 987 1305 1398 1371; x_wconf 86' lang='lat' dir='ltr'>comparasset.</span> <span class='ocrx_word' id='word_1_51' title='bbox 1476 1299 1593 1354; x_wconf 81' lang='lat' dir='ltr'>Sed</span> <span class='ocrx_word' id='word_1_52' title='bbox 1642 1299 1770 1355; x_wconf 83' lang='lat' dir='ltr'>haec</span> <span class='ocrx_word' id='word_1_53' title='bbox 1814 1300 2060 1356; x_wconf 82' lang='lat' dir='ltr'>inferius</span> <span class='ocrx_word' id='word_1_54' title='bbox 2109 1302 2339 1373; x_wconf 77' lang='lat' dir='ltr'>plenius</span> <span class='ocrx_word' id='word_1_55' title='bbox 2378 1303 2539 1357; x_wconf 88' lang='lat' dir='ltr'>inno-</span> 
     </span>
    </p>

    <p class='ocr_par' dir='ltr' id='par_1_8' title="bbox 439 1378 2790 1457">
     <span class='ocr_line' id='line_1_11' title="bbox 439 1378 2790 1457; baseline -0.001 -13"><span class='ocrx_word' id='word_1_56' title='bbox 439 1394 679 1444; x_wconf 82' lang='lat' dir='ltr'>tescent.</span> <span class='ocrx_word' id='word_1_57' title='bbox 755 1387 951 1457; x_wconf 84' lang='lat' dir='ltr'>Igitur</span> <span class='ocrx_word' id='word_1_58' title='bbox 983 1385 1174 1440; x_wconf 86' lang='lat' dir='ltr'>dictus</span> <span class='ocrx_word' id='word_1_59' title='bbox 1213 1384 1272 1439; x_wconf 85' lang='lat' dir='ltr'>J.</span> <span class='ocrx_word' id='word_1_60' title='bbox 1311 1383 1777 1450; x_wconf 71' lang='lat' dir='ltr'>Menstreworth,</span> <span class='ocrx_word' id='word_1_61' title='bbox 1806 1403 2046 1441; x_wconf 87' lang='lat' dir='ltr'>cernens</span> <span class='ocrx_word' id='word_1_62' title='bbox 2077 1404 2242 1441; x_wconf 88' lang='lat' dir='ltr'>suam</span> <span class='ocrx_word' id='word_1_63' title='bbox 2276 1387 2541 1442; x_wconf 83' lang='lat' dir='ltr'>fraudem</span> <span class='ocrx_word' id='word_1_64' title='bbox 2565 1378 2661 1421; x_wconf 75' lang='lat' dir='ltr'>&#39;rho</span> <span class='ocrx_word' id='word_1_65' title='bbox 2678 1378 2790 1419; x_wconf 69' lang='lat'>‘⁸¹⁸0</span> 
     </span>
    </p>
   </div>
   <div class='ocr_carea' id='block_1_5' title="bbox 2566 1440 2756 1471">
    <p class='ocr_par' dir='ltr' id='par_1_9' title="bbox 2566 1440 2756 1471">
     <span class='ocr_line' id='line_1_12' title="bbox 2566 1440 2756 1471; baseline -0.011 0"><span class='ocrx_word' id='word_1_66' title='bbox 2566 1440 2756 1471; x_wconf 59' lang='lat' dir='ltr'>accuser</span> 
     </span>
    </p>
   </div>
   <div class='ocr_carea' id='block_1_6' title="bbox 438 1468 2853 1573">
    <p class='ocr_par' dir='ltr' id='par_1_10' title="bbox 438 1468 2853 1573">
     <span class='ocr_line' id='line_1_13' title="bbox 438 1468 2853 1573; baseline -0.002 -46"><span class='ocrx_word' id='word_1_67' title='bbox 438 1486 553 1527; x_wconf 88' lang='lat' dir='ltr'>non</span> <span class='ocrx_word' id='word_1_68' title='bbox 599 1488 771 1544; x_wconf 86' lang='lat' dir='ltr'>posse</span> <span class='ocrx_word' id='word_1_69' title='bbox 824 1468 1156 1542; x_wconf 86' lang='lat' dir='ltr'>procedere,</span> <span class='ocrx_word' id='word_1_70' title='bbox 1197 1472 1258 1523; x_wconf 85' lang='lat' dir='ltr'>et</span> <span class='ocrx_word' id='word_1_71' title='bbox 1294 1485 1356 1523; x_wconf 88' lang='lat' dir='ltr'>se</span> <span class='ocrx_word' id='word_1_72' title='bbox 1392 1485 1748 1539; x_wconf 84' lang='lat' dir='ltr'>cognoscens</span> <span class='ocrx_word' id='word_1_73' title='bbox 1801 1469 2227 1542; x_wconf 88' lang='lat' dir='ltr'>deprehensum</span> <span class='ocrx_word' id='word_1_74' title='bbox 2269 1471 2332 1526; x_wconf 89' lang='lat' dir='ltr'>in</span> <span class='ocrx_word' id='word_1_75' title='bbox 2378 1489 2537 1526; x_wconf 88' lang='lat' dir='ltr'>men·</span> <span class='ocrx_word' id='word_1_76' title='bbox 2564 1480 2722 1573; x_wconf 54' lang='lat' dir='ltr'>trgknoee</span> <span class='ocrx_word' id='word_1_77' title='bbox 2737 1526 2853 1571; x_wconf 73' lang='lat' dir='ltr'>with</span> 
     </span>
    </p>
   </div>
   <div class='ocr_carea' id='block_1_7' title="bbox 438 1552 2850 1964">
    <p class='ocr_par' dir='ltr' id='par_1_11' title="bbox 438 1552 2850 1964">
     <span class='ocr_line' id='line_1_14' title="bbox 438 1552 2798 1631; baseline -0.001 -20"><span class='ocrx_word' id='word_1_78' title='bbox 438 1556 622 1621; x_wconf 82' lang='lat' dir='ltr'>dacio,</span> <span class='ocrx_word' id='word_1_79' title='bbox 661 1555 818 1626; x_wconf 84' lang='lat' dir='ltr'>fugit</span> <span class='ocrx_word' id='word_1_80' title='bbox 852 1554 927 1609; x_wconf 86' lang='lat' dir='ltr'>ad</span> <span class='ocrx_word' id='word_1_81' title='bbox 962 1553 1189 1623; x_wconf 81' lang='lat' dir='ltr'>Regem</span> <span class='ocrx_word' id='word_1_82' title='bbox 1227 1552 1507 1616; x_wconf 82' lang='lat' dir='ltr'>Franciae,</span> <span class='ocrx_word' id='word_1_83' title='bbox 1547 1552 1767 1607; x_wconf 89' lang='lat' dir='ltr'>domini</span> <span class='ocrx_word' id='word_1_84' title='bbox 1803 1555 1895 1609; x_wconf 88' lang='lat' dir='ltr'>sui</span> <span class='ocrx_word' id='word_1_85' title='bbox 1934 1553 2173 1609; x_wconf 83' lang='lat' dir='ltr'>effectus</span> <span class='ocrx_word' id='word_1_86' title='bbox 2210 1555 2540 1610; x_wconf 81' lang='lat' dir='ltr'>infandissi-</span> <span class='ocrx_word' id='word_1_87' title='bbox 2564 1581 2643 1623; x_wconf 81' lang='lat' dir='ltr'>the</span> <span class='ocrx_word' id='word_1_88' title='bbox 2720 1581 2798 1631; x_wconf 66' lang='lat' dir='ltr'>‘ng</span> 
     </span>
     <span class='ocr_line' id='line_1_15' title="bbox 438 1631 2813 1712; baseline -0.006 -17"><span class='ocrx_word' id='word_1_89' title='bbox 438 1654 570 1695; x_wconf 90' lang='lat' dir='ltr'>mus</span> <span class='ocrx_word' id='word_1_90' title='bbox 605 1639 887 1712; x_wconf 74' lang='lat' dir='ltr'>proditor,</span> <span class='ocrx_word' id='word_1_91' title='bbox 928 1646 997 1691; x_wconf 89' lang='lat' dir='ltr'>ut</span> <span class='ocrx_word' id='word_1_92' title='bbox 1030 1636 1184 1690; x_wconf 85' lang='lat' dir='ltr'>infra</span> <span class='ocrx_word' id='word_1_93' title='bbox 1216 1635 1456 1707; x_wconf 89' lang='lat' dir='ltr'>patebit.</span> <span class='ocrx_word' id='word_1_94' title='bbox 1650 1644 1657 1651; x_wconf 59' lang='lat'><strong>⁴</strong></span> <span class='ocrx_word' id='word_1_95' title='bbox 2561 1633 2613 1675; x_wconf 80' lang='lat' dir='ltr'>or</span> <span class='ocrx_word' id='word_1_96' title='bbox 2628 1631 2813 1674; x_wconf 68' lang='lat' dir='ltr'>Brunca.</span> 
     </span>
     <span class='ocr_line' id='line_1_16' title="bbox 509 1700 2824 1817; baseline -0 -37"><span class='ocrx_word' id='word_1_97' title='bbox 509 1725 639 1780; x_wconf 89' lang='lat' dir='ltr'>Hoc</span> <span class='ocrx_word' id='word_1_98' title='bbox 681 1740 829 1778; x_wconf 89' lang='lat' dir='ltr'>anno</span> <span class='ocrx_word' id='word_1_99' title='bbox 865 1720 1140 1777; x_wconf 89' lang='lat' dir='ltr'>Urbanus</span> <span class='ocrx_word' id='word_1_100' title='bbox 1178 1720 1342 1791; x_wconf 86' lang='lat' dir='ltr'>Papa</span> <span class='ocrx_word' id='word_1_101' title='bbox 1381 1720 1452 1775; x_wconf 87' lang='lat' dir='ltr'>de</span> <span class='ocrx_word' id='word_1_102' title='bbox 1488 1719 1677 1774; x_wconf 84' lang='lat' dir='ltr'>Roma</span> <span class='ocrx_word' id='word_1_103' title='bbox 1712 1720 1891 1776; x_wconf 85' lang='lat' dir='ltr'>rediit</span> <span class='ocrx_word' id='word_1_104' title='bbox 1928 1721 2310 1787; x_wconf 83' lang='lat' dir='ltr'>Annivonem,</span> <span class='ocrx_word' id='word_1_105' title='bbox 2357 1740 2426 1778; x_wconf 88' lang='lat' dir='ltr'>ea</span> <span class='ocrx_word' id='word_1_106' title='bbox 2466 1723 2539 1777; x_wconf 93' lang='lat' dir='ltr'>de</span> <span class='ocrx_word' id='word_1_107' title='bbox 2561 1702 2607 1817; x_wconf 61' lang='grc' dir='ltr'><em>ξ</em></span> <span class='ocrx_word' id='word_1_108' title='bbox 2608 1716 2710 1779; x_wconf 68' lang='lat'>⁰1³².</span> <span class='ocrx_word' id='word_1_109' title='bbox 2724 1700 2824 1750; x_wconf 48' lang='lat' dir='ltr'>U*</span> 
     </span>
     <span class='ocr_line' id='line_1_17' title="bbox 439 1782 2787 1885; baseline -0.002 -22"><span class='ocrx_word' id='word_1_110' title='bbox 439 1825 633 1872; x_wconf 89' lang='lat' dir='ltr'>causa‚</span> <span class='ocrx_word' id='word_1_111' title='bbox 701 1813 770 1862; x_wconf 89' lang='lat' dir='ltr'>ut</span> <span class='ocrx_word' id='word_1_112' title='bbox 834 1806 1032 1876; x_wconf 80' lang='lat' dir='ltr'>Reges</span> <span class='ocrx_word' id='word_1_113' title='bbox 1095 1802 1424 1874; x_wconf 80' lang='lat' dir='ltr'>Anglorum</span> <span class='ocrx_word' id='word_1_114' title='bbox 1490 1808 1551 1858; x_wconf 84' lang='lat' dir='ltr'>et</span> <span class='ocrx_word' id='word_1_115' title='bbox 1613 1804 1971 1859; x_wconf 80' lang='lat' dir='ltr'>Francorum</span> <span class='ocrx_word' id='word_1_116' title='bbox 2036 1807 2110 1861; x_wconf 87' lang='lat' dir='ltr'>ad</span> <span class='ocrx_word' id='word_1_117' title='bbox 2173 1807 2537 1861; x_wconf 88' lang='lat' dir='ltr'>concordiam</span> <span class='ocrx_word' id='word_1_118' title='bbox 2563 1782 2787 1885; x_wconf 41' lang='lat' dir='ltr'><strong>affingo</strong></span> 
     </span>
     <span class='ocr_line' id='line_1_18' title="bbox 447 1886 2850 1964; baseline -0.002 -17"><span class='ocrx_word' id='word_1_119' title='bbox 447 1893 741 1948; x_wconf 78' lang='lat' dir='ltr'>invitaret.</span> <span class='ocrx_word' id='word_1_120' title='bbox 819 1889 954 1953; x_wconf 78' lang='lat' dir='ltr'>Sed,</span> <span class='ocrx_word' id='word_1_121' title='bbox 1005 1888 1153 1961; x_wconf 87' lang='lat' dir='ltr'>proh</span> <span class='ocrx_word' id='word_1_122' title='bbox 1201 1886 1402 1942; x_wconf 81' lang='lat' dir='ltr'>dolor!</span> <span class='ocrx_word' id='word_1_123' title='bbox 1471 1893 1604 1941; x_wconf 88' lang='lat' dir='ltr'>ante</span> <span class='ocrx_word' id='word_1_124' title='bbox 1657 1893 1779 1942; x_wconf 85' lang='lat' dir='ltr'>tam</span> <span class='ocrx_word' id='word_1_125' title='bbox 1826 1888 1989 1959; x_wconf 88' lang='lat' dir='ltr'>pium</span> <span class='ocrx_word' id='word_1_126' title='bbox 2036 1904 2181 1961; x_wconf 87' lang='lat' dir='ltr'>opus</span> <span class='ocrx_word' id='word_1_127' title='bbox 2224 1891 2536 1962; x_wconf 87' lang='lat' dir='ltr'>inceptum,</span> <span class='ocrx_word' id='word_1_128' title='bbox 2564 1908 2775 1964; x_wconf 80' lang='lat' dir='ltr'>attempt</span> <span class='ocrx_word' id='word_1_129' title='bbox 2796 1906 2850 1948; x_wconf 85' lang='lat' dir='ltr'>to</span> 
     </span>
    </p>
   </div>
   <div class='ocr_carea' id='block_1_8' title="bbox 439 1966 2807 2045">
    <p class='ocr_par' dir='ltr' id='par_1_12' title="bbox 439 1966 2807 2045">
     <span class='ocr_line' id='line_1_19' title="bbox 439 1966 2807 2045; baseline -0.002 -13"><span class='ocrx_word' id='word_1_130' title='bbox 439 1982 624 2031; x_wconf 89' lang='lat' dir='ltr'>morte</span> <span class='ocrx_word' id='word_1_131' title='bbox 685 1978 1035 2045; x_wconf 68' lang='lat' dir='ltr'>praeventus,</span> <span class='ocrx_word' id='word_1_132' title='bbox 1095 1970 1374 2025; x_wconf 84' lang='lat' dir='ltr'>vicesimo</span> <span class='ocrx_word' id='word_1_133' title='bbox 1430 1971 1684 2025; x_wconf 89' lang='lat' dir='ltr'>secundo</span> <span class='ocrx_word' id='word_1_134' title='bbox 1745 1970 1841 2025; x_wconf 89' lang='lat' dir='ltr'>die</span> <span class='ocrx_word' id='word_1_135' title='bbox 1900 1972 2242 2028; x_wconf 80' lang='lat' dir='ltr'>Decembris</span> <span class='ocrx_word' id='word_1_136' title='bbox 2298 1975 2370 2028; x_wconf 86' lang='lat' dir='ltr'>ab</span> <span class='ocrx_word' id='word_1_137' title='bbox 2429 1976 2540 2029; x_wconf 84' lang='lat' dir='ltr'>hac</span> <span class='ocrx_word' id='word_1_138' title='bbox 2565 1966 2807 2017; x_wconf 79' lang='lat' dir='ltr'>establish</span> 
     </span>
    </p>
   </div>
   <div class='ocr_carea' id='block_1_9' title="bbox 312 2034 2876 2149">
    <p class='ocr_par' dir='ltr' id='par_1_13' title="bbox 312 2034 2876 2149">
     <span class='ocr_line' id='line_1_20' title="bbox 312 2034 2876 2149; baseline -0.01 -31"><span class='ocrx_word' id='word_1_139' title='bbox 312 2107 325 2127; x_wconf 89' lang='lat'>,</span> <span class='ocrx_word' id='word_1_140' title='bbox 376 2108 388 2121; x_wconf 90' lang='lat'><strong>.</strong></span> <span class='ocrx_word' id='word_1_141' title='bbox 435 2062 567 2117; x_wconf 86' lang='lat' dir='ltr'>luce</span> <span class='ocrx_word' id='word_1_142' title='bbox 626 2057 888 2113; x_wconf 79' lang='lat' dir='ltr'>instabili</span> <span class='ocrx_word' id='word_1_143' title='bbox 950 2060 1042 2110; x_wconf 84' lang='lat' dir='ltr'>est</span> <span class='ocrx_word' id='word_1_144' title='bbox 1101 2055 1450 2109; x_wconf 83' lang='lat' dir='ltr'>subtractus.</span> <span class='ocrx_word' id='word_1_145' title='bbox 1552 2054 1945 2125; x_wconf 83' lang='lat' dir='ltr'>Sepultusque</span> <span class='ocrx_word' id='word_1_146' title='bbox 2005 2057 2119 2111; x_wconf 84' lang='lat' dir='ltr'>fuit</span> <span class='ocrx_word' id='word_1_147' title='bbox 2178 2056 2393 2113; x_wconf 82' lang='lat' dir='ltr'>ibidem</span> <span class='ocrx_word' id='word_1_148' title='bbox 2465 2060 2540 2113; x_wconf 75' lang='lat' dir='ltr'>ad</span> <span class='ocrx_word' id='word_1_149' title='bbox 2564 2049 2714 2149; x_wconf 53' lang='lat' dir='ltr'>{152⁸oe</span> <span class='ocrx_word' id='word_1_150' title='bbox 2742 2054 2756 2094; x_wconf 80' lang='lat'>3</span> <span class='ocrx_word' id='word_1_151' title='bbox 2782 2034 2876 2082; x_wconf 86' lang='lat' dir='ltr'>bnt</span> 
     </span>
    </p>
   </div>
   <div class='ocr_carea' id='block_1_10' title="bbox 428 2137 2873 4312">
    <p class='ocr_par' dir='ltr' id='par_1_14' title="bbox 435 2137 2686 2298">
     <span class='ocr_line' id='line_1_21' title="bbox 436 2137 2686 2215; baseline -0.001 -16"><span class='ocrx_word' id='word_1_152' title='bbox 436 2152 665 2215; x_wconf 87' lang='lat' dir='ltr'>tempus</span> <span class='ocrx_word' id='word_1_153' title='bbox 701 2143 764 2196; x_wconf 89' lang='lat' dir='ltr'>in</span> <span class='ocrx_word' id='word_1_154' title='bbox 802 2140 1052 2195; x_wconf 88' lang='lat' dir='ltr'>ecclesia</span> <span class='ocrx_word' id='word_1_155' title='bbox 1093 2137 1447 2200; x_wconf 85' lang='lat' dir='ltr'>Gathedrali,</span> <span class='ocrx_word' id='word_1_156' title='bbox 1481 2138 1651 2208; x_wconf 85' lang='lat' dir='ltr'>juxta</span> <span class='ocrx_word' id='word_1_157' title='bbox 1693 2156 1973 2208; x_wconf 83' lang='lat' dir='ltr'>magnum</span> <span class='ocrx_word' id='word_1_158' title='bbox 2012 2139 2213 2204; x_wconf 87' lang='lat' dir='ltr'>altare,</span> <span class='ocrx_word' id='word_1_159' title='bbox 2256 2140 2360 2194; x_wconf 89' lang='lat' dir='ltr'>sed</span> <span class='ocrx_word' id='word_1_160' title='bbox 2410 2149 2543 2212; x_wconf 88' lang='lat' dir='ltr'>post</span> <span class='ocrx_word' id='word_1_161' title='bbox 2675 2138 2686 2149; x_wconf 84' lang='grc'><strong>”</strong></span> 
     </span>
     <span class='ocr_line' id='line_1_22' title="bbox 435 2222 2537 2298; baseline -0.002 -14"><span class='ocrx_word' id='word_1_162' title='bbox 435 2229 570 2284; x_wconf 82' lang='lat' dir='ltr'>anni</span> <span class='ocrx_word' id='word_1_163' title='bbox 604 2226 858 2298; x_wconf 89' lang='lat' dir='ltr'>spatium</span> <span class='ocrx_word' id='word_1_164' title='bbox 889 2224 1017 2294; x_wconf 87' lang='lat' dir='ltr'>ejus</span> <span class='ocrx_word' id='word_1_165' title='bbox 1041 2240 1174 2277; x_wconf 89' lang='lat' dir='ltr'>ossa</span> <span class='ocrx_word' id='word_1_166' title='bbox 1196 2222 1270 2276; x_wconf 89' lang='lat' dir='ltr'>ad</span> <span class='ocrx_word' id='word_1_167' title='bbox 1293 2222 1647 2277; x_wconf 79' lang='lat' dir='ltr'>Abbathiam</span> <span class='ocrx_word' id='word_1_168' title='bbox 1675 2222 1872 2277; x_wconf 84' lang='lat' dir='ltr'>Sancti</span> <span class='ocrx_word' id='word_1_169' title='bbox 1896 2223 2154 2279; x_wconf 89' lang='lat' dir='ltr'>Victoris</span> <span class='ocrx_word' id='word_1_170' title='bbox 2182 2225 2353 2295; x_wconf 86' lang='lat' dir='ltr'>juxta</span> <span class='ocrx_word' id='word_1_171' title='bbox 2386 2225 2537 2280; x_wconf 82' lang='lat' dir='ltr'>Mar-</span> 
     </span>
    </p>

    <p class='ocr_par' dir='ltr' id='par_1_15' title="bbox 436 2305 2537 2378">
     <span class='ocr_line' id='line_1_23' title="bbox 436 2305 2537 2378; baseline -0.001 -11"><span class='ocrx_word' id='word_1_172' title='bbox 436 2312 649 2375; x_wconf 90' lang='lat' dir='ltr'>ciliam,</span> <span class='ocrx_word' id='word_1_173' title='bbox 681 2310 784 2365; x_wconf 91' lang='lat' dir='ltr'>ubi</span> <span class='ocrx_word' id='word_1_174' title='bbox 817 2306 1110 2378; x_wconf 87' lang='lat' dir='ltr'>quondam</span> <span class='ocrx_word' id='word_1_175' title='bbox 1147 2305 1346 2361; x_wconf 90' lang='lat' dir='ltr'>Abbas</span> <span class='ocrx_word' id='word_1_176' title='bbox 1385 2306 1595 2370; x_wconf 84' lang='lat' dir='ltr'>fuerat,</span> <span class='ocrx_word' id='word_1_177' title='bbox 1637 2305 2032 2377; x_wconf 87' lang='lat' dir='ltr'>deportantur,</span> <span class='ocrx_word' id='word_1_178' title='bbox 2075 2314 2136 2363; x_wconf 88' lang='lat' dir='ltr'>et</span> <span class='ocrx_word' id='word_1_179' title='bbox 2173 2310 2235 2363; x_wconf 91' lang='lat' dir='ltr'>in</span> <span class='ocrx_word' id='word_1_180' title='bbox 2273 2308 2537 2373; x_wconf 89' lang='lat' dir='ltr'>ecclesia,</span> 
     </span>
    </p>

    <p class='ocr_par' dir='ltr' id='par_1_16' title="bbox 439 2390 2541 2468">
     <span class='ocr_line' id='line_1_24' title="bbox 439 2390 2541 2468; baseline -0.002 -17"><span class='ocrx_word' id='word_1_181' title='bbox 439 2408 612 2468; x_wconf 86' lang='lat' dir='ltr'>quam</span> <span class='ocrx_word' id='word_1_182' title='bbox 648 2396 775 2467; x_wconf 88' lang='lat' dir='ltr'>ipse</span> <span class='ocrx_word' id='word_1_183' title='bbox 811 2410 918 2465; x_wconf 88' lang='lat' dir='ltr'>pro</span> <span class='ocrx_word' id='word_1_184' title='bbox 953 2391 1162 2463; x_wconf 88' lang='lat' dir='ltr'>majori</span> <span class='ocrx_word' id='word_1_185' title='bbox 1211 2397 1377 2462; x_wconf 89' lang='lat' dir='ltr'>parte</span> <span class='ocrx_word' id='word_1_186' title='bbox 1414 2390 1486 2445; x_wconf 91' lang='lat' dir='ltr'>de</span> <span class='ocrx_word' id='word_1_187' title='bbox 1521 2407 1673 2445; x_wconf 79' lang='lat' dir='ltr'>novo</span> <span class='ocrx_word' id='word_1_188' title='bbox 1721 2396 2141 2456; x_wconf 69' lang='lat' dir='ltr'>construxerat,</span> <span class='ocrx_word' id='word_1_189' title='bbox 2176 2392 2347 2462; x_wconf 85' lang='lat' dir='ltr'>juxta</span> <span class='ocrx_word' id='word_1_190' title='bbox 2385 2394 2541 2464; x_wconf 87' lang='lat' dir='ltr'>prin-</span> 
     </span>
    </p>

    <p class='ocr_par' dir='ltr' id='par_1_17' title="bbox 437 2472 2537 2550">
     <span class='ocr_line' id='line_1_25' title="bbox 437 2472 2537 2550; baseline -0.001 -16"><span class='ocrx_word' id='word_1_191' title='bbox 437 2479 621 2550; x_wconf 87' lang='lat' dir='ltr'>cipale</span> <span class='ocrx_word' id='word_1_192' title='bbox 648 2478 1009 2550; x_wconf 81' lang='lat' dir='ltr'>sepeliuntur</span> <span class='ocrx_word' id='word_1_193' title='bbox 1033 2474 1233 2529; x_wconf 87' lang='lat' dir='ltr'>altare.</span> <span class='ocrx_word' id='word_1_194' title='bbox 1310 2474 1389 2528; x_wconf 80' lang='lat' dir='ltr'>Et</span> <span class='ocrx_word' id='word_1_195' title='bbox 1425 2472 1441 2505; x_wconf 90' lang='lat'><strong>¹</strong></span> <span class='ocrx_word' id='word_1_196' title='bbox 1465 2474 1529 2527; x_wconf 91' lang='lat' dir='ltr'>in</span> <span class='ocrx_word' id='word_1_197' title='bbox 1559 2479 1810 2543; x_wconf 83' lang='lat' dir='ltr'>utroque</span> <span class='ocrx_word' id='word_1_198' title='bbox 1844 2474 1987 2539; x_wconf 91' lang='lat' dir='ltr'>loco,</span> <span class='ocrx_word' id='word_1_199' title='bbox 2018 2475 2142 2530; x_wconf 92' lang='lat' dir='ltr'>Deo</span> <span class='ocrx_word' id='word_1_200' title='bbox 2178 2483 2537 2546; x_wconf 87' lang='lat' dir='ltr'>cooperante,</span> 
     </span>
    </p>

    <p class='ocr_par' dir='ltr' id='par_1_18' title="bbox 436 2552 2851 2884">
     <span class='ocr_line' id='line_1_26' title="bbox 437 2552 2851 2630; baseline -0.002 -14"><span class='ocrx_word' id='word_1_201' title='bbox 437 2564 583 2617; x_wconf 84' lang='lat' dir='ltr'>fiunt</span> <span class='ocrx_word' id='word_1_202' title='bbox 642 2562 800 2616; x_wconf 88' lang='lat' dir='ltr'>clara</span> <span class='ocrx_word' id='word_1_203' title='bbox 853 2559 1156 2622; x_wconf 88' lang='lat' dir='ltr'>miracula,</span> <span class='ocrx_word' id='word_1_204' title='bbox 1215 2574 1284 2611; x_wconf 91' lang='lat' dir='ltr'>ex</span> <span class='ocrx_word' id='word_1_205' title='bbox 1346 2556 1558 2628; x_wconf 88' lang='lat' dir='ltr'>quibus</span> <span class='ocrx_word' id='word_1_206' title='bbox 1623 2557 1792 2628; x_wconf 88' lang='lat' dir='ltr'>cujus</span> <span class='ocrx_word' id='word_1_207' title='bbox 1856 2558 2051 2613; x_wconf 88' lang='lat' dir='ltr'>meriti</span> <span class='ocrx_word' id='word_1_208' title='bbox 2107 2556 2128 2589; x_wconf 79' lang='lat'>²</span> <span class='ocrx_word' id='word_1_209' title='bbox 2147 2558 2326 2613; x_wconf 87' lang='lat' dir='ltr'>fuerit</span> <span class='ocrx_word' id='word_1_210' title='bbox 2387 2561 2541 2630; x_wconf 90' lang='lat' dir='ltr'>apud</span> <span class='ocrx_word' id='word_1_211' title='bbox 2566 2552 2647 2601; x_wconf 72' lang='lat' dir='ltr'>He</span> <span class='ocrx_word' id='word_1_212' title='bbox 2670 2552 2715 2600; x_wconf 71' lang='lat'>1⁸</span> <span class='ocrx_word' id='word_1_213' title='bbox 2736 2567 2851 2601; x_wconf 44' lang='lat'><strong>⁸⁰0¹·</strong></span> 
     </span>
     <span class='ocr_line' id='line_1_27' title="bbox 436 2620 2833 2710; baseline -0.001 -10"><span class='ocrx_word' id='word_1_214' title='bbox 436 2646 626 2700; x_wconf 88' lang='lat' dir='ltr'>Deum</span> <span class='ocrx_word' id='word_1_215' title='bbox 667 2645 892 2700; x_wconf 87' lang='lat' dir='ltr'>cunctis</span> <span class='ocrx_word' id='word_1_216' title='bbox 931 2642 1200 2697; x_wconf 82' lang='lat' dir='ltr'>fidelibus</span> <span class='ocrx_word' id='word_1_217' title='bbox 1239 2640 1607 2710; x_wconf 74' lang='lat' dir='ltr'>apertissime</span> <span class='ocrx_word' id='word_1_218' title='bbox 1650 2639 1999 2695; x_wconf 86' lang='lat' dir='ltr'>declaratur.</span> <span class='ocrx_word' id='word_1_219' title='bbox 2076 2640 2234 2695; x_wconf 87' lang='lat' dir='ltr'>Huic</span> <span class='ocrx_word' id='word_1_220' title='bbox 2260 2644 2542 2698; x_wconf 87' lang='lat' dir='ltr'>successit</span> <span class='ocrx_word' id='word_1_221' title='bbox 2565 2620 2748 2668; x_wconf 59' lang='lat' dir='ltr'>‘²⁹²&#39;de</span> <span class='ocrx_word' id='word_1_222' title='bbox 2764 2620 2833 2683; x_wconf 69' lang='lat' dir='ltr'>by</span> 
     </span>
     <span class='ocr_line' id='line_1_28' title="bbox 437 2685 2797 2801; baseline -0.002 -17"><span class='ocrx_word' id='word_1_223' title='bbox 437 2729 755 2801; x_wconf 86' lang='lat' dir='ltr'>Gregorius</span> <span class='ocrx_word' id='word_1_224' title='bbox 833 2726 1212 2789; x_wconf 84' lang='lat' dir='ltr'>Undecimus,</span> <span class='ocrx_word' id='word_1_225' title='bbox 1277 2724 1571 2778; x_wconf 84' lang='lat' dir='ltr'>Diaconus</span> <span class='ocrx_word' id='word_1_226' title='bbox 1622 2722 1970 2788; x_wconf 73' lang='lat' dir='ltr'>Cardine-lis,</span> <span class='ocrx_word' id='word_1_227' title='bbox 2046 2724 2209 2795; x_wconf 89' lang='lat' dir='ltr'>prius</span> <span class='ocrx_word' id='word_1_228' title='bbox 2263 2729 2299 2752; x_wconf 94' lang='lat'><strong>“</strong></span> <span class='ocrx_word' id='word_1_229' title='bbox 2326 2725 2538 2781; x_wconf 89' lang='lat' dir='ltr'>Petrus</span> <span class='ocrx_word' id='word_1_230' title='bbox 2562 2685 2797 2801; x_wconf 48' lang='lat' dir='ltr'>{Jegory</span> 
     </span>
     <span class='ocr_line' id='line_1_29' title="bbox 439 2810 1292 2884; baseline -0.007 -16"><span class='ocrx_word' id='word_1_231' title='bbox 439 2818 476 2840; x_wconf 82' lang='lat'>‘⁴</span> <span class='ocrx_word' id='word_1_232' title='bbox 512 2812 817 2884; x_wconf 62' lang='lat' dir='ltr'>”Rogerus</span> <span class='ocrx_word' id='word_1_233' title='bbox 835 2810 870 2835; x_wconf 85' lang='lat'>&#39;’</span> <span class='ocrx_word' id='word_1_234' title='bbox 907 2815 1292 2881; x_wconf 86' lang='lat' dir='ltr'>nuncupatus.</span> 
     </span>
    </p>

    <p class='ocr_par' dir='ltr' id='par_1_19' title="bbox 435 2878 2873 3557">
     <span class='ocr_line' id='line_1_30' title="bbox 504 2878 2825 2962; baseline -0.003 -10"><span class='ocrx_word' id='word_1_235' title='bbox 504 2894 725 2952; x_wconf 78' lang='lat' dir='ltr'>Eodem</span> <span class='ocrx_word' id='word_1_236' title='bbox 761 2911 927 2958; x_wconf 82' lang='lat' dir='ltr'>aune,</span> <span class='ocrx_word' id='word_1_237' title='bbox 966 2893 1174 2948; x_wconf 81' lang='lat' dir='ltr'>civitas</span> <span class='ocrx_word' id='word_1_238' title='bbox 1211 2892 1715 2947; x_wconf 82' lang='lat' dir='ltr'>Lemovicensium</span> <span class='ocrx_word' id='word_1_239' title='bbox 1752 2895 1952 2945; x_wconf 89' lang='lat' dir='ltr'>contra</span> <span class='ocrx_word' id='word_1_240' title='bbox 1986 2889 2317 2962; x_wconf 87' lang='lat' dir='ltr'>Principem</span> <span class='ocrx_word' id='word_1_241' title='bbox 2354 2892 2539 2946; x_wconf 88' lang='lat' dir='ltr'>rebel·</span> <span class='ocrx_word' id='word_1_242' title='bbox 2564 2878 2825 2956; x_wconf 55' lang='lat' dir='ltr'>Rebelli‘ffn</span> 
     </span>
     <span class='ocr_line' id='line_1_31' title="bbox 436 2945 2873 3076; baseline -0.002 -41"><span class='ocrx_word' id='word_1_243' title='bbox 436 2982 597 3046; x_wconf 82' lang='lat' dir='ltr'>lavit,</span> <span class='ocrx_word' id='word_1_244' title='bbox 652 2983 805 3037; x_wconf 88' lang='lat' dir='ltr'>sicut</span> <span class='ocrx_word' id='word_1_245' title='bbox 853 2984 914 3035; x_wconf 84' lang='lat' dir='ltr'>et</span> <span class='ocrx_word' id='word_1_246' title='bbox 960 2979 1159 3051; x_wconf 88' lang='lat' dir='ltr'>plures</span> <span class='ocrx_word' id='word_1_247' title='bbox 1210 2977 1341 3032; x_wconf 81' lang='lat' dir='ltr'>aliae</span> <span class='ocrx_word' id='word_1_248' title='bbox 1391 2976 1550 3031; x_wconf 82' lang='lat' dir='ltr'>villae</span> <span class='ocrx_word' id='word_1_249' title='bbox 1604 2994 1743 3032; x_wconf 90' lang='lat' dir='ltr'>cum</span> <span class='ocrx_word' id='word_1_250' title='bbox 1796 2975 2053 3030; x_wconf 76' lang='lat' dir='ltr'>castellis</span> <span class='ocrx_word' id='word_1_251' title='bbox 2104 2976 2167 3030; x_wconf 90' lang='lat' dir='ltr'>in</span> <span class='ocrx_word' id='word_1_252' title='bbox 2208 2945 2873 3076; x_wconf 44' lang='lat' dir='ltr'>Wasconia,3{1t⁴higg¹gte{·</span> 
     </span>
     <span class='ocr_line' id='line_1_32' title="bbox 435 3059 2539 3138; baseline -0.002 -17"><span class='ocrx_word' id='word_1_253' title='bbox 435 3071 670 3138; x_wconf 88' lang='lat' dir='ltr'>propter</span> <span class='ocrx_word' id='word_1_254' title='bbox 708 3081 918 3135; x_wconf 80' lang='lat' dir='ltr'>graves</span> <span class='ocrx_word' id='word_1_255' title='bbox 960 3062 1285 3117; x_wconf 81' lang='lat' dir='ltr'>exactiones</span> <span class='ocrx_word' id='word_1_256' title='bbox 1328 3067 1388 3116; x_wconf 88' lang='lat' dir='ltr'>et</span> <span class='ocrx_word' id='word_1_257' title='bbox 1425 3061 1845 3131; x_wconf 86' lang='lat' dir='ltr'>impositiones,</span> <span class='ocrx_word' id='word_1_258' title='bbox 1880 3077 1947 3114; x_wconf 90' lang='lat' dir='ltr'>ac</span> <span class='ocrx_word' id='word_1_259' title='bbox 1976 3059 2091 3114; x_wconf 87' lang='lat' dir='ltr'>alia</span> <span class='ocrx_word' id='word_1_260' title='bbox 2119 3060 2539 3132; x_wconf 91' lang='lat' dir='ltr'>quodammodo</span> 
     </span>
     <span class='ocr_line' id='line_1_33' title="bbox 437 3144 2538 3222; baseline -0.003 -16"><span class='ocrx_word' id='word_1_261' title='bbox 437 3148 846 3222; x_wconf 77' lang='lat' dir='ltr'>importabilia,</span> <span class='ocrx_word' id='word_1_262' title='bbox 887 3164 993 3218; x_wconf 92' lang='lat' dir='ltr'>per</span> <span class='ocrx_word' id='word_1_263' title='bbox 1032 3145 1350 3201; x_wconf 85' lang='lat' dir='ltr'>Dominum</span> <span class='ocrx_word' id='word_1_264' title='bbox 1386 3144 1721 3216; x_wconf 86' lang='lat' dir='ltr'>Principem</span> <span class='ocrx_word' id='word_1_265' title='bbox 1772 3150 1833 3199; x_wconf 89' lang='lat' dir='ltr'>et</span> <span class='ocrx_word' id='word_1_266' title='bbox 1887 3160 2041 3207; x_wconf 85' lang='lat' dir='ltr'>suos,</span> <span class='ocrx_word' id='word_1_267' title='bbox 2100 3150 2167 3198; x_wconf 87' lang='lat' dir='ltr'>ut</span> <span class='ocrx_word' id='word_1_268' title='bbox 2219 3144 2538 3210; x_wconf 84' lang='lat' dir='ltr'>dicebatur,</span> 
     </span>
     <span class='ocr_line' id='line_1_34' title="bbox 436 3228 2544 3303; baseline -0.003 -14"><span class='ocrx_word' id='word_1_269' title='bbox 436 3230 656 3289; x_wconf 83' lang='lat' dir='ltr'>eisdem</span> <span class='ocrx_word' id='word_1_270' title='bbox 697 3232 988 3303; x_wconf 85' lang='lat' dir='ltr'>imposita.</span> <span class='ocrx_word' id='word_1_271' title='bbox 1065 3228 1452 3298; x_wconf 81' lang='lat' dir='ltr'>Quamobrem</span> <span class='ocrx_word' id='word_1_272' title='bbox 1493 3245 1556 3283; x_wconf 90' lang='lat' dir='ltr'>se</span> <span class='ocrx_word' id='word_1_273' title='bbox 1605 3232 1940 3300; x_wconf 83' lang='lat' dir='ltr'>separantes</span> <span class='ocrx_word' id='word_1_274' title='bbox 1980 3245 2016 3281; x_wconf 83' lang='lat' dir='ltr'>a</span> <span class='ocrx_word' id='word_1_275' title='bbox 2055 3228 2349 3300; x_wconf 88' lang='lat' dir='ltr'>Principe,</span> <span class='ocrx_word' id='word_1_276' title='bbox 2390 3228 2544 3299; x_wconf 84' lang='lat' dir='ltr'>Regi</span> 
     </span>
     <span class='ocr_line' id='line_1_35' title="bbox 436 3311 2545 3382; baseline -0.003 -10"><span class='ocrx_word' id='word_1_277' title='bbox 436 3318 697 3372; x_wconf 81' lang='lat' dir='ltr'>Franciae</span> <span class='ocrx_word' id='word_1_278' title='bbox 717 3316 1116 3379; x_wconf 83' lang='lat' dir='ltr'>adhaeserunt;</span> <span class='ocrx_word' id='word_1_279' title='bbox 1148 3313 1301 3368; x_wconf 89' lang='lat' dir='ltr'>unde</span> <span class='ocrx_word' id='word_1_280' title='bbox 1330 3318 1651 3367; x_wconf 90' lang='lat' dir='ltr'>commotus</span> <span class='ocrx_word' id='word_1_281' title='bbox 1680 3311 2016 3382; x_wconf 89' lang='lat' dir='ltr'>⁴Princeps,</span> <span class='ocrx_word' id='word_1_282' title='bbox 2043 3311 2545 3366; x_wconf 87' lang='lat' dir='ltr'>Lemovicensium</span> 
     </span>
     <span class='ocr_line' id='line_1_36' title="bbox 435 3394 2543 3471; baseline -0.003 -16"><span class='ocrx_word' id='word_1_283' title='bbox 435 3401 810 3456; x_wconf 88' lang='lat' dir='ltr'>rebellionem</span> <span class='ocrx_word' id='word_1_284' title='bbox 846 3399 1033 3471; x_wconf 85' lang='lat' dir='ltr'>primo</span> <span class='ocrx_word' id='word_1_285' title='bbox 1071 3397 1358 3469; x_wconf 89' lang='lat' dir='ltr'>disposuit</span> <span class='ocrx_word' id='word_1_286' title='bbox 1394 3396 1692 3450; x_wconf 79' lang='lat' dir='ltr'>vindicare</span> <span class='ocrx_word' id='word_1_287' title='bbox 1730 3394 2062 3458; x_wconf 88' lang='lat' dir='ltr'>crudeliter,</span> <span class='ocrx_word' id='word_1_288' title='bbox 2108 3395 2219 3449; x_wconf 91' lang='lat' dir='ltr'>nisi</span> <span class='ocrx_word' id='word_1_289' title='bbox 2258 3396 2543 3450; x_wconf 87' lang='lat' dir='ltr'>maturius</span> 
     </span>
     <span class='ocr_line' id='line_1_37' title="bbox 436 3478 2537 3557; baseline -0.003 -16"><span class='ocrx_word' id='word_1_290' title='bbox 436 3486 864 3557; x_wconf 87' lang='lat' dir='ltr'>resipiscerent,</span> <span class='ocrx_word' id='word_1_291' title='bbox 925 3488 986 3537; x_wconf 90' lang='lat' dir='ltr'>et</span> <span class='ocrx_word' id='word_1_292' title='bbox 1036 3482 1163 3552; x_wconf 86' lang='lat' dir='ltr'>ejus</span> <span class='ocrx_word' id='word_1_293' title='bbox 1212 3481 1465 3552; x_wconf 85' lang='lat' dir='ltr'>gratiam</span> <span class='ocrx_word' id='word_1_294' title='bbox 1508 3485 1855 3550; x_wconf 69' lang='lat' dir='ltr'>quaererent,</span> <span class='ocrx_word' id='word_1_295' title='bbox 1908 3478 2117 3533; x_wconf 91' lang='lat' dir='ltr'>humili</span> <span class='ocrx_word' id='word_1_296' title='bbox 2167 3480 2309 3534; x_wconf 90' lang='lat' dir='ltr'>satis</span> <span class='ocrx_word' id='word_1_297' title='bbox 2349 3499 2537 3552; x_wconf 86' lang='lat' dir='ltr'>prece.</span> 
     </span>
    </p>

    <p class='ocr_par' dir='ltr' id='par_1_20' title="bbox 428 3562 2542 4312">
     <span class='ocr_line' id='line_1_38' title="bbox 439 3562 2539 3640; baseline -0.002 -16"><span class='ocrx_word' id='word_1_298' title='bbox 439 3569 556 3624; x_wconf 84' lang='lat' dir='ltr'>Sed</span> <span class='ocrx_word' id='word_1_299' title='bbox 604 3570 781 3640; x_wconf 88' lang='lat' dir='ltr'>ipsos,</span> <span class='ocrx_word' id='word_1_300' title='bbox 837 3584 982 3638; x_wconf 86' lang='lat' dir='ltr'>quos</span> <span class='ocrx_word' id='word_1_301' title='bbox 1030 3565 1297 3621; x_wconf 84' lang='lat' dir='ltr'>tutabant</span> <span class='ocrx_word' id='word_1_302' title='bbox 1336 3564 1492 3619; x_wconf 88' lang='lat' dir='ltr'>muri</span> <span class='ocrx_word' id='word_1_303' title='bbox 1535 3564 1736 3627; x_wconf 84' lang='lat' dir='ltr'>sortes,</span> <span class='ocrx_word' id='word_1_304' title='bbox 1782 3562 2127 3617; x_wconf 77' lang='lat' dir='ltr'>victualium</span> <span class='ocrx_word' id='word_1_305' title='bbox 2169 3563 2539 3627; x_wconf 82' lang='lat' dir='ltr'>abundantia,</span> 
     </span>
     <span class='ocr_line' id='line_1_39' title="bbox 436 3646 2542 3720; baseline -0.002 -13"><span class='ocrx_word' id='word_1_306' title='bbox 436 3658 498 3707; x_wconf 87' lang='lat' dir='ltr'>et</span> <span class='ocrx_word' id='word_1_307' title='bbox 535 3652 945 3707; x_wconf 86' lang='lat' dir='ltr'>bellicosorum</span> <span class='ocrx_word' id='word_1_308' title='bbox 995 3650 1256 3704; x_wconf 79' lang='lat' dir='ltr'>virorum</span> <span class='ocrx_word' id='word_1_309' title='bbox 1298 3649 1482 3720; x_wconf 90' lang='lat' dir='ltr'>copia,</span> <span class='ocrx_word' id='word_1_310' title='bbox 1525 3647 1673 3702; x_wconf 89' lang='lat' dir='ltr'>nihil</span> <span class='ocrx_word' id='word_1_311' title='bbox 1727 3647 1941 3702; x_wconf 88' lang='lat' dir='ltr'>terruit</span> <span class='ocrx_word' id='word_1_312' title='bbox 1992 3646 2212 3715; x_wconf 84' lang='lat' dir='ltr'>legatio</span> <span class='ocrx_word' id='word_1_313' title='bbox 2253 3647 2542 3720; x_wconf 84' lang='lat' dir='ltr'>Principis</span> 
     </span>
     <span class='ocr_line' id='line_1_40' title="bbox 428 3730 2538 3808; baseline -0.002 -18"><span class='ocrx_word' id='word_1_314' title='bbox 428 3736 690 3808; x_wconf 84' lang='lat' dir='ltr'>jubentis</span> <span class='ocrx_word' id='word_1_315' title='bbox 719 3752 817 3791; x_wconf 88' lang='lat' dir='ltr'>eos</span> <span class='ocrx_word' id='word_1_316' title='bbox 847 3735 922 3790; x_wconf 86' lang='lat' dir='ltr'>ad</span> <span class='ocrx_word' id='word_1_317' title='bbox 953 3751 1154 3805; x_wconf 87' lang='lat' dir='ltr'>pacem</span> <span class='ocrx_word' id='word_1_318' title='bbox 1187 3732 1396 3787; x_wconf 88' lang='lat' dir='ltr'>redire.</span> <span class='ocrx_word' id='word_1_319' title='bbox 1473 3731 1733 3801; x_wconf 81' lang='lat' dir='ltr'>Quorum</span> <span class='ocrx_word' id='word_1_320' title='bbox 1770 3748 2010 3785; x_wconf 89' lang='lat' dir='ltr'>cernens</span> <span class='ocrx_word' id='word_1_321' title='bbox 2049 3730 2327 3801; x_wconf 87' lang='lat' dir='ltr'>Princeps</span> <span class='ocrx_word' id='word_1_322' title='bbox 2364 3733 2538 3786; x_wconf 86' lang='lat' dir='ltr'>obsti-</span> 
     </span>
     <span class='ocr_line' id='line_1_41' title="bbox 435 3814 2539 3891; baseline -0.003 -16"><span class='ocrx_word' id='word_1_323' title='bbox 435 3821 672 3883; x_wconf 86' lang='lat' dir='ltr'>natiam,</span> <span class='ocrx_word' id='word_1_324' title='bbox 724 3836 830 3891; x_wconf 89' lang='lat' dir='ltr'>per</span> <span class='ocrx_word' id='word_1_325' title='bbox 878 3819 1119 3873; x_wconf 89' lang='lat' dir='ltr'>nuncios</span> <span class='ocrx_word' id='word_1_326' title='bbox 1178 3816 1415 3871; x_wconf 85' lang='lat' dir='ltr'>mandat</span> <span class='ocrx_word' id='word_1_327' title='bbox 1467 3817 1572 3881; x_wconf 72' lang='lat' dir='ltr'>eia,</span> <span class='ocrx_word' id='word_1_328' title='bbox 1624 3815 1824 3870; x_wconf 87' lang='lat' dir='ltr'>dicens</span> <span class='ocrx_word' id='word_1_329' title='bbox 1886 3831 1949 3869; x_wconf 90' lang='lat' dir='ltr'>se</span> <span class='ocrx_word' id='word_1_330' title='bbox 2005 3819 2188 3868; x_wconf 82' lang='lat' dir='ltr'>totam</span> <span class='ocrx_word' id='word_1_331' title='bbox 2242 3814 2539 3870; x_wconf 81' lang='lat' dir='ltr'>civitatem</span> 
     </span>
     <span class='ocr_line' id='line_1_42' title="bbox 436 3897 2539 3968; baseline -0.002 -10"><span class='ocrx_word' id='word_1_332' title='bbox 436 3903 698 3958; x_wconf 85' lang='lat' dir='ltr'>funditus</span> <span class='ocrx_word' id='word_1_333' title='bbox 735 3902 1185 3964; x_wconf 87' lang='lat' dir='ltr'>destructurum,</span> <span class='ocrx_word' id='word_1_334' title='bbox 1226 3906 1287 3954; x_wconf 86' lang='lat' dir='ltr'>et</span> <span class='ocrx_word' id='word_1_335' title='bbox 1313 3918 1511 3955; x_wconf 90' lang='lat' dir='ltr'>omncs</span> <span class='ocrx_word' id='word_1_336' title='bbox 1547 3901 1813 3954; x_wconf 80' lang='lat' dir='ltr'>inventos</span> <span class='ocrx_word' id='word_1_337' title='bbox 1844 3898 1906 3952; x_wconf 92' lang='lat' dir='ltr'>in</span> <span class='ocrx_word' id='word_1_338' title='bbox 1940 3915 2011 3952; x_wconf 87' lang='lat' dir='ltr'>ea</span> <span class='ocrx_word' id='word_1_339' title='bbox 2042 3898 2179 3968; x_wconf 82' lang='lat' dir='ltr'>igne</span> <span class='ocrx_word' id='word_1_340' title='bbox 2215 3897 2309 3952; x_wconf 80' lang='lat' dir='ltr'>vel</span> <span class='ocrx_word' id='word_1_341' title='bbox 2342 3898 2539 3968; x_wconf 84' lang='lat' dir='ltr'>gladio</span> 
     </span>
     <span class='ocr_line' id='line_1_43' title="bbox 435 3980 2537 4058; baseline -0.002 -18"><span class='ocrx_word' id='word_1_342' title='bbox 435 3991 892 4058; x_wconf 84' lang='lat' dir='ltr'>perempturum,</span> <span class='ocrx_word' id='word_1_343' title='bbox 936 3985 1049 4040; x_wconf 88' lang='lat' dir='ltr'>nisi</span> <span class='ocrx_word' id='word_1_344' title='bbox 1088 3984 1261 4040; x_wconf 88' lang='lat' dir='ltr'>citius</span> <span class='ocrx_word' id='word_1_345' title='bbox 1309 3984 1424 4039; x_wconf 88' lang='lat' dir='ltr'>sibi</span> <span class='ocrx_word' id='word_1_346' title='bbox 1470 3983 1897 4045; x_wconf 79' lang='lat' dir='ltr'>submitterent,</span> <span class='ocrx_word' id='word_1_347' title='bbox 1949 3989 2012 4036; x_wconf 91' lang='lat' dir='ltr'>et</span> <span class='ocrx_word' id='word_1_348' title='bbox 2056 3980 2352 4036; x_wconf 80' lang='lat' dir='ltr'>traderent</span> <span class='ocrx_word' id='word_1_349' title='bbox 2397 3982 2537 4037; x_wconf 82' lang='lat' dir='ltr'>civi·</span> 
     </span>
     <span class='ocr_line' id='line_1_44' title="bbox 434 4064 2534 4139; baseline -0.002 -14"><span class='ocrx_word' id='word_1_350' title='bbox 434 4076 634 4125; x_wconf 84' lang='lat' dir='ltr'>tatem.</span> <span class='ocrx_word' id='word_1_351' title='bbox 708 4068 826 4125; x_wconf 79' lang='lat' dir='ltr'>sed</span> <span class='ocrx_word' id='word_1_352' title='bbox 861 4067 1356 4139; x_wconf 87' lang='lat' dir='ltr'>indisciplinatum</span> <span class='ocrx_word' id='word_1_353' title='bbox 1389 4066 1605 4138; x_wconf 79' lang='lat' dir='ltr'>vulgus</span> <span class='ocrx_word' id='word_1_354' title='bbox 1635 4066 1786 4121; x_wconf 91' lang='lat' dir='ltr'>nihil</span> <span class='ocrx_word' id='word_1_355' title='bbox 1826 4065 2035 4120; x_wconf 85' lang='lat' dir='ltr'>horum</span> <span class='ocrx_word' id='word_1_356' title='bbox 2071 4064 2271 4118; x_wconf 80' lang='lat' dir='ltr'>audire</span> <span class='ocrx_word' id='word_1_357' title='bbox 2312 4066 2534 4132; x_wconf 77' lang='lat' dir='ltr'>voluit3</span> 
     </span>
     <span class='ocr_line' id='line_1_45' title="bbox 437 4148 2537 4222; baseline -0.002 -13"><span class='ocrx_word' id='word_1_358' title='bbox 437 4154 541 4209; x_wconf 84' lang='lat' dir='ltr'>sed</span> <span class='ocrx_word' id='word_1_359' title='bbox 590 4160 653 4208; x_wconf 85' lang='lat' dir='ltr'>et</span> <span class='ocrx_word' id='word_1_360' title='bbox 702 4153 941 4207; x_wconf 85' lang='lat' dir='ltr'>nuncios</span> <span class='ocrx_word' id='word_1_361' title='bbox 994 4151 1162 4205; x_wconf 89' lang='lat' dir='ltr'>oculo</span> <span class='ocrx_word' id='word_1_362' title='bbox 1229 4151 1479 4222; x_wconf 88' lang='lat' dir='ltr'>superbo</span> <span class='ocrx_word' id='word_1_363' title='bbox 1534 4150 1817 4221; x_wconf 82' lang='lat' dir='ltr'>despexit,</span> <span class='ocrx_word' id='word_1_364' title='bbox 1875 4153 1935 4202; x_wconf 89' lang='lat' dir='ltr'>et</span> <span class='ocrx_word' id='word_1_365' title='bbox 1985 4148 2285 4203; x_wconf 80' lang='lat' dir='ltr'>civitatem</span> <span class='ocrx_word' id='word_1_366' title='bbox 2353 4151 2537 4205; x_wconf 69' lang='lat' dir='ltr'>artius</span> 
     </span>
     <span class='ocr_line' id='line_1_46' title="bbox 434 4236 2537 4312; baseline -0.002 -16"><span class='ocrx_word' id='word_1_367' title='bbox 434 4241 692 4312; x_wconf 84' lang='lat' dir='ltr'>undique</span> <span class='ocrx_word' id='word_1_368' title='bbox 753 4239 1151 4295; x_wconf 80' lang='lat' dir='ltr'>communivit.</span> <span class='ocrx_word' id='word_1_369' title='bbox 1247 4238 1384 4292; x_wconf 82' lang='lat' dir='ltr'>Mox</span> <span class='ocrx_word' id='word_1_370' title='bbox 1431 4237 1715 4291; x_wconf 90' lang='lat' dir='ltr'>Dominus</span> <span class='ocrx_word' id='word_1_371' title='bbox 1754 4236 2052 4306; x_wconf 80' lang='lat' dir='ltr'>PrincepS,</span> <span class='ocrx_word' id='word_1_372' title='bbox 2092 4236 2351 4306; x_wconf 83' lang='lat' dir='ltr'>plantata</span> <span class='ocrx_word' id='word_1_373' title='bbox 2388 4237 2537 4292; x_wconf 88' lang='lat' dir='ltr'>obsi-</span> 
     </span>
    </p>
   </div>
   <div class='ocr_carea' id='block_1_11' title="bbox 434 4324 2538 4400">
    <p class='ocr_par' dir='ltr' id='par_1_21' title="bbox 434 4324 2538 4400">
     <span class='ocr_line' id='line_1_47' title="bbox 434 4324 2538 4400; baseline -0.001 -16"><span class='ocrx_word' id='word_1_374' title='bbox 434 4330 622 4393; x_wconf 89' lang='lat' dir='ltr'>dione,</span> <span class='ocrx_word' id='word_1_375' title='bbox 646 4328 790 4383; x_wconf 86' lang='lat' dir='ltr'>diris</span> <span class='ocrx_word' id='word_1_376' title='bbox 806 4325 1329 4400; x_wconf 80' lang='lat' dir='ltr'>oppugnationibus</span> <span class='ocrx_word' id='word_1_377' title='bbox 1354 4331 1414 4379; x_wconf 89' lang='lat' dir='ltr'>et</span> <span class='ocrx_word' id='word_1_378' title='bbox 1435 4324 1748 4379; x_wconf 85' lang='lat' dir='ltr'>insultibus</span> <span class='ocrx_word' id='word_1_379' title='bbox 1767 4325 2062 4379; x_wconf 76' lang='lat' dir='ltr'>civitatem</span> <span class='ocrx_word' id='word_1_380' title='bbox 2087 4325 2538 4396; x_wconf 84' lang='lat' dir='ltr'>circumquaque</span> 
     </span>
    </p>
   </div>
   <div class='ocr_carea' id='block_1_12' title="bbox 510 4628 2439 4783">
    <p class='ocr_par' dir='ltr' id='par_1_22' title="bbox 510 4628 2439 4783">
     <span class='ocr_line' id='line_1_48' title="bbox 510 4628 2416 4696; baseline -0.003 -14"><span class='ocrx_word' id='word_1_381' title='bbox 510 4637 520 4665; x_wconf 90' lang='lat'><strong>¹</strong></span> <span class='ocrx_word' id='word_1_382' title='bbox 547 4651 654 4682; x_wconf 79' lang='lat' dir='ltr'>cum</span> <span class='ocrx_word' id='word_1_383' title='bbox 671 4634 719 4681; x_wconf 77' lang='lat' dir='ltr'>in</span> <span class='ocrx_word' id='word_1_384' title='bbox 747 4633 798 4681; x_wconf 85' lang='lat' dir='ltr'>in</span> <span class='ocrx_word' id='word_1_385' title='bbox 823 4633 906 4681; x_wconf 76' lang='lat' dir='ltr'>tho</span> <span class='ocrx_word' id='word_1_386' title='bbox 930 4632 1123 4696; x_wconf 81' lang='lat' dir='ltr'>printed</span> <span class='ocrx_word' id='word_1_387' title='bbox 1148 4636 1294 4680; x_wconf 75' lang='lat' dir='ltr'>texts.</span> <span class='ocrx_word' id='word_1_388' title='bbox 1600 4632 1619 4658; x_wconf 71' lang='lat'><strong>³</strong></span> <span class='ocrx_word' id='word_1_389' title='bbox 1641 4628 1843 4694; x_wconf 71' lang='lat' dir='ltr'>leoyerie·</span> <span class='ocrx_word' id='word_1_390' title='bbox 1864 4629 1917 4678; x_wconf 84' lang='lat' dir='ltr'>in</span> <span class='ocrx_word' id='word_1_391' title='bbox 1942 4630 2028 4678; x_wconf 81' lang='lat' dir='ltr'>the</span> <span class='ocrx_word' id='word_1_392' title='bbox 2052 4629 2247 4693; x_wconf 83' lang='lat' dir='ltr'>printed</span> <span class='ocrx_word' id='word_1_393' title='bbox 2269 4638 2416 4680; x_wconf 80' lang='lat' dir='ltr'>texts.</span> 
     </span>
     <span class='ocr_line' id='line_1_49' title="bbox 511 4710 2439 4783; baseline -0.005 -16"><span class='ocrx_word' id='word_1_394' title='bbox 511 4715 652 4777; x_wconf 74' lang='lat' dir='ltr'>²sm‘l</span> <span class='ocrx_word' id='word_1_395' title='bbox 672 4714 725 4763; x_wconf 78' lang='lat' dir='ltr'>in</span> <span class='ocrx_word' id='word_1_396' title='bbox 749 4713 833 4765; x_wconf 71' lang='lat' dir='ltr'>llic</span> <span class='ocrx_word' id='word_1_397' title='bbox 857 4712 1052 4783; x_wconf 82' lang='lat' dir='ltr'>printed</span> <span class='ocrx_word' id='word_1_398' title='bbox 1075 4714 1220 4763; x_wconf 68' lang='lat' dir='ltr'>texts.</span> <span class='ocrx_word' id='word_1_399' title='bbox 1603 4710 1619 4739; x_wconf 80' lang='lat'><strong>⁴</strong></span> <span class='ocrx_word' id='word_1_400' title='bbox 1643 4710 1869 4761; x_wconf 74' lang='lat' dir='ltr'>omitted</span> <span class='ocrx_word' id='word_1_401' title='bbox 1890 4711 1941 4761; x_wconf 87' lang='lat' dir='ltr'>iu</span> <span class='ocrx_word' id='word_1_402' title='bbox 1966 4711 2051 4760; x_wconf 80' lang='lat' dir='ltr'>the</span> <span class='ocrx_word' id='word_1_403' title='bbox 2074 4711 2272 4775; x_wconf 79' lang='lat' dir='ltr'>printed</span> <span class='ocrx_word' id='word_1_404' title='bbox 2294 4717 2439 4759; x_wconf 81' lang='lat' dir='ltr'>texts.</span> 
     </span>
    </p>
   </div>
  </div>
 </body>
</html>
