3300 5617
1082 804 1412 856 merom
1437 804 1860 857 mcucnu.
2394 797 2479 861 33
2496 798 2534 860 5

433 994 473 1020 ‘⁴
512 990 739 1048 Sanctae
796 990 1076 1048 Ecclesiae
1134 992 1417 1049 divinitus
1477 993 1842 1059 ordinatum3
1905 996 1967 1049 et
2024 996 2149 1049 esto
2198 1009 2421 1048 memor
2468 992 2541 1048 de
2564 993 2870 1052 A.D.1377.

434 1080 473 1106 “
511 1074 714 1148 ι[(1110]
742 1076 1058 1132 Psalmista
1091 1077 1478 1148 prophetavit,
1507 1078 1725 1144 dicens,
1752 1085 1773 1115 ²
1794 1082 1809 1105 '
1829 1078 2157 1149 Accingere
2201 1078 2398 1149 gladio
2439 1083 2543 1134 tuo

433 1165 471 1190 ‘⁴
514 1164 530 1189 ‘
558 1179 733 1233 super
757 1162 947 1216 femur
969 1168 1156 1225 tuum,
1185 1162 1585 1234 potentissime
1608 1186 1623 1229 ;
1645 1163 1661 1187 '
1698 1168 1767 1218 ut
1800 1180 1906 1235 per
1943 1163 2192 1218 eundem
2216 1163 2339 1220 vim
2363 1163 2542 1234 aequi-

433 1250 471 1274 “
509 1247 649 1302 tatis
686 1263 972 1311 exerceas,
1011 1246 1226 1300 molem
1261 1246 1589 1318 iniquitatis
1637 1253 1904 1318 potenter
1944 1247 2233 1315 destruas,
2273 1254 2335 1304 et
2372 1248 2547 1303 Sanc-

433 1334 473 1358 “
511 1337 634 1386 tam
680 1331 794 1386 Dei
833 1330 1160 1387 Ecclesiam
1209 1330 1453 1401 ejusque
1513 1331 1716 1387 fideles
1768 1334 2187 1404 propugnando
2247 1340 2544 1405 protegat-3,

436 1418 473 1443 ‘⁶
512 1432 619 1470 nec
666 1416 860 1470 minus
899 1415 1008 1470 sub
1057 1415 1170 1469 fide
1231 1415 1411 1469 salsos
1467 1433 1641 1485 quam
1681 1415 2001 1471 Christiani
2048 1417 2303 1472 nominis
2350 1417 2548 1472 hostes

435 1503 475 1528 ‘⁶
513 1500 801 1555 execreris
825 1518 892 1555 ac
930 1498 1218 1564 destruas,
1246 1499 1456 1555 viduas
1494 1506 1555 1555 et
1587 1499 1844 1572 pupillos
1868 1500 2188 1557 clementer
2211 1501 2456 1572 adjuves
2480 1518 2547 1556 ac

436 1584 474 1613 “
511 1584 807 1649 defendas,
858 1583 1118 1639 desolata
1151 1590 1467 1648 restaures,
1507 1590 1834 1640 restaurata
1868 1602 2199 1652 conserves,
2237 1585 2546 1643 ulciscaris

435 1671 474 1696 ‘⁸
511 1669 747 1740 injusta,
788 1669 1092 1724 confirmes
1132 1668 1314 1724 'bene
1352 1668 1672 1739 disposita;
1712 1676 2000 1739 quatenus
2036 1671 2162 1727 haec
2198 1671 2262 1725 in
2298 1670 2543 1741 agendO,

435 1757 472 1781 “
511 1754 798 1809 virtutum
833 1752 1131 1825 triumpho
1183 1753 1477 1823 gloriosus
1523 1753 1776 1824 justitiae
1826 1754 2017 1809 cultor
2052 1757 2352 1827 egregiae,
2411 1772 2547 1810 cum

435 1841 472 1864 ‘⁴
509 1837 711 1893 mundi
752 1837 1071 1902 Salvatore,
1136 1837 1307 1908 cujus
1356 1843 1563 1909 typum
1612 1838 1773 1908 geris
1827 1838 1890 1892 in
1935 1840 2188 1905 nomine,
2249 1840 2375 1895 sine
2430 1839 2546 1893 fine

435 1925 472 1949 “
509 1922 790 1977 merearis
836 1921 1146 1993 regnare.”
1218 1922 1381 1977 Tunc
1428 1921 1545 1977 duo
1583 1922 1842 1978 Comites
1880 1940 2015 1978 eum
2052 1923 2252 1994 gladio
2287 1923 2547 1980 accinxe·
2569 1918 2812 1985 Delivery

429 2012 601 2074 runt;
658 2024 774 2078 quo
825 2007 996 2071 fact0,
1054 2006 1551 2078 Archiepiscopus
1602 2007 1866 2062 armillas
1918 2007 2083 2063 dedit
2131 2009 2207 2074 ei,
2247 2008 2547 2074 dicens‚—
2568 1985 2631 2036 ⁰¹⁸
2644 1986 2730 2037 ὼε

434 2094 473 2120 “
508 2090 730 2162 Accipe
788 2090 1069 2155 armillae,
1133 2090 1485 2147 sinceritatis
1536 2096 1598 2146 et
1649 2091 1970 2162 sapientiae,
2033 2090 2380 2163 divinoequoe
2435 2092 2547 2147 cir-
2569 2052 2839 2106 Bmeelem'

435 2177 474 2203 “
512 2175 917 2240 cumdationis,
980 2174 1284 2240 indicium,
1325 2175 1538 2247 quibus
1593 2174 1894 2246 intelligas
1945 2193 2146 2239 omnes
2181 2176 2546 2248 operationes

435 2261 475 2287 “
511 2265 644 2315 tuas
716 2264 918 2314 contra
987 2260 1203 2324 hosteS,
1277 2259 1543 2315 visibiles
1617 2265 1680 2315 et
1748 2259 2097 2325 invisibiles,
2173 2278 2343 2333 posse
2415 2278 2545 2316 esse

435 2346 473 2371 ‘⁴
511 2343 826 2399 munitas.”
899 2343 1112 2399 Postea
1164 2343 1356 2399 induit
1406 2361 1543 2398 enm
1575 2343 2071 2417 Archiepiscopus
2120 2347 2309 2416 regali
2344 2345 2543 2417 pallio,
2570 2345 2882 2423 Investment

433 2428 517 2483 ita
558 2426 1135 2499 dicens,——“Accipe
1172 2427 1424 2499 pallium
1474 2432 1726 2498 quatuor
1777 2429 2009 2483 nunciis
2060 2429 2396 2495 formatum,
2441 2446 2547 2500 per
2570 2411 2695 2461 ”mh
2717 2408 2803 2460 the

437 2514 474 2539 ‘⁴
515 2511 672 2583 quod
705 2511 1005 2582 intelligas
1043 2517 1293 2582 quatuor
1340 2511 1543 2566 mundi
1594 2517 1792 2583 partes
1831 2511 2045 2567 divinoe
2093 2514 2368 2584 potestati
2418 2530 2547 2568 esse
2571 2479 2697 2530 Pan·

437 2600 475 2622 ‘⁴
515 2595 826 2667 subjectae,
879 2612 988 2650 nec
1040 2613 1372 2666 quenquam
1426 2613 1598 2668 posse
1653 2596 1906 2651 feliciter
1953 2614 2201 2666 regnare
2250 2596 2313 2652 in
2348 2597 2543 2662 terris,

437 2683 476 2707 “
512 2680 630 2734 nisi
666 2680 764 2734 cui
799 2684 1059 2751 potestas
1096 2679 1378 2750 regnandi
1418 2680 1599 2734 fuerit
1634 2680 1848 2735 collata
1882 2680 1955 2734 de
1992 2679 2221 2745 coelis,”

503 2763 770 2827 Interim,
810 2764 951 2819 dum
985 2764 1480 2836 Archiepiscopus
1505 2763 1804 2820 benedixit
1839 2781 2109 2820 coronam
2144 2765 2391 2836 regiam,
2431 2763 2546 2819 duo
2572 2765 2685 2817 The
2759 2833 2772 2845 ·

435 2847 692 2904 Comites
718 2846 736 2875 ⁴
755 2846 943 2919 [eum]
983 2849 1464 2912 calcariaverunt,
1506 2848 1582 2903 ad
1618 2866 1869 2919 quorum
1906 2848 2160 2903 officium
2195 2849 2541 2920 pertinebat.
2572 2835 2861 2898 Cfflwnlng·

434 2932 752 2988 Benedicta
801 2950 1030 2998 corona,
1074 2931 1567 3005 Archiepiscopus
1607 2932 1889 3004 imposuit
1926 2951 2104 3004 super
2143 2940 2319 3005 caput
2354 2932 2375 2965 ⁶
2393 2934 2542 3005 ejus,

434 3016 632 3073 dicens
651 3019 784 3084 ;—“
807 3016 1061 3073 Coronet
1082 3024 1141 3072 te
1167 3016 1329 3072 Deus
1354 3034 1568 3073 corona
1596 3017 1803 3088 gloriae
1828 3022 2005 3089 atque
2028 3017 2298 3088 justitiae,
2326 3017 2544 3073 honore

438 3106 476 3129 ‘⁴
516 3108 576 3157 et
598 3118 772 3174 opere
797 3101 1179 3165 fortitudinis,
1207 3108 1277 3158 ut
1298 3118 1405 3174 per
1429 3101 1686 3156 officium
1710 3107 1925 3157 nostrae
1949 3100 2391 3165 benedictionis,
2409 3119 2545 3157 cum

438 3189 477 3213 “
515 3185 628 3240 fide
665 3192 825 3242 recta
859 3192 922 3242 et
955 3186 1269 3258 multiplici
1302 3186 1588 3241 bonorum
1627 3203 1871 3258 operum
1900 3186 2117 3250 fructu,
2159 3186 2235 3241 ad
2274 3203 2545 3241 coronam

437 3272 476 3297 ‘¹
513 3269 820 3341 pervenias
861 3270 1033 3341 regni
1086 3268 1418 3342 perpetui.’'
1509 3270 1673 3335 Tunc
1723 3270 1887 3324 dedit
1939 3269 1996 3324 ei
2048 3269 2544 3341 Archiepiscopus
2570 3281 2880 3331 Investment

435 3354 732 3419 annulum,
761 3372 895 3409 cum
918 3354 1035 3410 hiis
1060 3354 1255 3410 verbis
1275 3356 1408 3418 ;·—-“
1428 3353 1647 3426 Accipe
1684 3354 1963 3409 annulum
1997 3354 2180 3426 regim
2216 3353 2542 3424 dignitatis,
2570 3347 2691 3426 W{tl¹
2715 3347 2801 3398 the

439 3440 477 3466 ‘⁶
517 3443 578 3494 et
599 3456 703 3510 per
738 3438 912 3502 hunc,
957 3438 1096 3494 vitoe
1138 3438 1454 3495 Catholicae
1492 3438 1628 3492 fidei
1667 3438 2055 3509 signaculum,
2098 3437 2237 3509 quia
2269 3443 2339 3494 ut
2372 3438 2545 3493 hodie
2570 3416 2723 3480 Bmg·

440 3525 477 3550 “
516 3522 803 3578 ordinaris
839 3528 1017 3594 caput
1052 3529 1113 3578 et
1145 3523 1415 3595 princeps
1452 3523 1622 3593 regni
1660 3540 1728 3577 ac
1764 3523 1983 3594 populi,
2024 3523 2110 3578 ita
2142 3523 2546 3594 perseverabis

439 3610 476 3635 ‘⁶
517 3613 718 3662 auctor
742 3614 802 3662 et
825 3608 1117 3663 stabilitor
1141 3607 1600 3665 Christianitatis
1625 3611 1687 3661 et
1722 3606 2071 3662 Christianus
2107 3606 2263 3669 fidei,
2302 3612 2373 3661 ut
2405 3606 2547 3661 felix

439 3694 478 3718 “
516 3691 580 3745 in
604 3709 796 3763 opere,
824 3691 1087 3764 locuples
1104 3691 1168 3746 in
1190 3692 1324 3757 fide,
1352 3709 1488 3746 cum
1523 3691 1690 3761 Rege
1714 3690 1953 3762 Regum
1988 3690 2324 3761 glorieris.”

509 3775 723 3831 Statim
769 3782 903 3848 post
947 3777 1092 3840 haec,
1143 3776 1393 3832 accessit
1427 3775 1715 3830 Dominus
1767 3775 1839 3829 de
1876 3774 2189 3839 Fumeval,
2241 3792 2311 3829 ex
2358 3773 2546 3830 officio
2570 3793 2879 3844 Investment

437 3859 682 3916 offerens
706 3861 762 3916 ei
786 3861 1028 3916 rubeam
1063 3860 1473 3923 chirothecam,
1504 3877 1681 3930 quam
1702 3857 2194 3930 Archiepiscopus
2228 3857 2540 3923 benedixit,
2568 3861 2693 3910 with
2716 3860 2800 3910 the

439 3949 501 3999 et
534 3944 815 4015 imposuit
837 3944 1070 3999 “manui
1105 3945 1307 4015 regite,
1351 3942 1493 3998 dans
1518 3942 1575 3997 ei
1601 3947 1899 4013 sceptrum
1936 3942 2053 3998 hiis
2077 3942 2293 4007 verbis,
2320 3941 2539 4007 dicens,
2568 3927 2788 3991 seeptro.

438 4031 552 4068 --“
573 4028 809 4099 ‘Accipe
846 4035 1161 4100 sceptrum,
1212 4027 1394 4100 regiae
1418 4027 1725 4100 potestatis
1761 4027 2012 4097 insigne,
2052 4025 2283 4095 virgam
2320 4025 2548 4082 scilicet

443 4115 482 4140 ‘⁴
518 4113 689 4183 regni
748 4119 989 4177 rectam,
1051 4113 1283 4183 virgam
1329 4112 1589 4176 virtutis,
1654 4129 1772 4183 qua
1828 4112 2086 4181 teipsum
2139 4111 2285 4165 bene
2332 4128 2541 4182 regas;

442 4198 483 4225 “
523 4196 796 4252 Sanctam
821 4196 1163 4261 Ecclesiam,
1190 4196 1470 4269 populum
1484 4195 1773 4267 avidelicet
1794 4194 2193 4250 Christianum
2215 4193 2326 4250 tibi
2362 4211 2399 4249 a
2421 4194 2548 4250 Deo

513 4501 528 4532 ¹
554 4496 796 4564 Supplied
818 4497 948 4548 from
981 4496 1118 4548 Bibl.
1139 4495 1270 4561 Reg.
1300 4501 1359 4545 13
1383 4494 1446 4548 Ε.
1601 4494 1620 4525 ⁴
1643 4493 1890 4559 Supplied
1929 4493 2059 4544 from
2080 4492 2219 4545 Bibl.
2240 4492 2369 4559 Reg.
2398 4497 2458 4543 13
2480 4492 2542 4543 E.

446 4576 519 4629 ix.
543 4599 558 4639 ς
593 4577 652 4628 de
665 4575 931 4627 Psalmn‘sta
949 4577 1037 4641 qui
1048 4568 1375 4642 prophetavit,
1392 4574 1449 4624 in
1532 4573 1610 4624 ix.
1667 4573 1889 4624 Omitted
1910 4573 1967 4622 in
1989 4572 2077 4624 the
2105 4571 2305 4637 printed
2326 4579 2477 4623 texts.

446 4658 535 4709 the
557 4658 760 4723 printed
780 4664 930 4708 texts.
1601 4656 1622 4684 ⁸
1643 4653 1753 4720 ejus
1767 4652 1976 4703 omitted
1997 4653 2053 4703 in
2067 4652 2153 4704 the
2173 4652 2373 4717 printed
2394 4660 2541 4704 texts,

513 4740 535 4769 ²
556 4736 727 4788 Psalm
749 4738 855 4788 xlv.
881 4743 928 4788 3.
1601 4734 1622 4762 ⁸
1642 4748 1790 4783 manu
1812 4732 1867 4782 in
1891 4731 2020 4800 orig.

514 4819 534 4848 ⁸
548 4817 667 4869 bone
686 4817 743 4869 in
763 4816 912 4885 orig„
927 4816 998 4883 by
1011 4815 1382 4869 inadvertence.
