3300 5617
127 1109 231 1172 seg.
257 1112 315 1155 ιε

129 1175 175 1223 Ε.
197 1173 260 1223 ix.

127 1308 302 1374 Rymer.

1107 781 1435 837 msa-oms
1477 781 1894 838 memsam.
2456 774 2541 839 95

447 971 486 997 “
523 969 723 1027 missis
773 974 975 1027 contra
1012 970 1235 1027 dictum
1285 970 1612 1028 Johannem
1662 977 1723 1028 et
1771 977 2007 1045 gentem
2049 970 2356 1028 Scotorum
2388 971 2546 1028 vires
2571 991 2709 1043 AJ),
2739 993 2881 1040 1301.

525 1055 799 1127 potentias
835 1062 1049 1113 nostrae
1085 1056 1469 1122 extendimus,
1507 1062 1685 1130 prout
1718 1056 1789 1113 de
1820 1058 1958 1129 jure
1996 1056 2226 1112 ¹nostro
2260 1056 2449 1121 licuit,
2489 1063 2551 1113 et

447 1142 486 1166 ‘⁶
525 1142 916 1211 processimus
968 1147 1170 1196 contra
1223 1141 1380 1212 ipsos
1433 1148 1713 1213 tanquam
1762 1143 1960 1199 hostes
2009 1145 2240 1197 nostros
2302 1146 2361 1197 et
2418 1159 2549 1213 pro-

447 1226 486 1251 “
524 1225 759 1281 ditores.
839 1224 1114 1296 Subjecto
1165 1226 1364 1296 itaque
1401 1243 1587 1298 regno
1625 1226 1857 1291 Scotiae,
1899 1233 1959 1282 et
2000 1227 2137 1299 jure
2173 1226 2550 1299 proprietatis
2654 1276 2666 1285 .

447 1311 486 1338 ‘⁴
523 1316 737 1366 nostrae
790 1310 998 1365 ditioni
1054 1310 1311 1375 subact0,
1367 1311 1646 1383 praei'atus
1703 1311 1743 1365 J
1745 1312 2018 1376 ohannes,
2075 1311 2367 1383 quondam
2426 1310 2551 1365 Rex

446 1397 484 1423 “
527 1394 756 1459 Scotiae,
806 1395 1002 1466 ipsum
1054 1412 1306 1466 regnum
1359 1395 1588 1459 Scotiae,
1645 1401 1931 1467 quatenus
1992 1397 2065 1451 de
2124 1397 2279 1452 facto
2340 1397 2547 1458 tenuit,

445 1483 483 1507 ‘⁶
523 1485 745 1550 sponte,
807 1496 972 1550 pure,
1037 1484 1096 1535 et
1167 1479 1432 1534 absolute
1503 1479 1764 1536 reddidit
1821 1481 1885 1536 in
1955 1498 2195 1536 manum
2265 1485 2546 1544 nostram,

444 1566 483 1590 “
521 1564 876 1638 proditiones
912 1569 974 1620 et
1009 1563 1232 1620 scelera
1279 1569 1602 1620 memorata
1650 1582 1848 1620 coram
1895 1565 2064 1620 nobis
2115 1570 2175 1621 et
2209 1564 2550 1637 proceribus

443 1650 483 1676 “
519 1649 754 1712 nostris,
793 1647 1028 1720 publice
1063 1666 1507 1720 recognoscens.
1583 1647 1711 1718 Quo
1742 1655 1997 1721 peracto,
2025 1649 2255 1721 praefati
2293 1648 2551 1705 Comites

446 1735 484 1762 “
523 1737 584 1788 et
615 1732 893 1798 Barones,
931 1732 1158 1789 nobiles
1194 1739 1256 1789 et
1289 1733 1734 1790 communitates
1769 1735 1942 1805 regni
1994 1733 2225 1799 Scotiae,
2280 1751 2426 1805 quos
2477 1734 2553 1789 ad

446 1820 484 1846 ‘⁶
521 1835 725 1890 pacem
771 1822 1032 1873 nostram
1079 1819 1309 1890 regiam
1368 1818 1751 1889 suscepimus,
1805 1823 2227 1890 consequenter
2278 1818 2554 1890 homagia

448 1905 486 1931 “
524 1907 585 1957 et
618 1901 928 1958 fidelitates
964 1901 1154 1966 nobis,
1194 1907 1475 1978 tanquam
1524 1902 1864 1959 immediato
1912 1903 2146 1959 domino
2197 1920 2265 1958 ac
2314 1903 2553 1975 proprio

445 1990 483 2016 “
522 1985 785 2058 ejusdem
831 1986 1004 2058 regni
1060 1985 1295 2052 Scotiae,
1350 1987 1519 2042 nobis
1575 1987 1844 2043 fecerunt
1893 1992 1954 2043 et
2005 1988 2426 2059 praestiterunt,
2484 2003 2553 2042 ac

449 2073 486 2099 “
525 2070 699 2127 etiam
735 2070 982 2127 redditis
1016 2071 1186 2126 nobis
1222 2071 1487 2143 ejusdem
1520 2072 1693 2142 regni
1729 2071 2086 2137 civitatibus,
2112 2071 2293 2138 villis,
2320 2072 2550 2136 castris,

450 2158 488 2185 “
524 2154 969 2220 munitionibus,
1008 2171 1077 2210 ac
1126 2156 1356 2211 caeteris
1406 2155 1551 2211 locis
1602 2156 1872 2212 omnibus
1922 2156 1999 2211 ad
2045 2156 2269 2212 dictum
2302 2173 2554 2229 regnum

450 2243 488 2268 “
527 2239 940 2312 spectantibus,
980 2240 1255 2296 officiales
1290 2244 1521 2296 nostros
1560 2246 1620 2296 et
1654 2240 1953 2297 ministros
1991 2240 2067 2296 ad
2100 2240 2366 2311 regimen
2400 2241 2554 2313 ejus·

456 2327 494 2355 ‘⁸
533 2325 667 2380 dem
714 2325 886 2396 regni
940 2324 1152 2381 Scotioe
1200 2326 1573 2397 praefecimus
1618 2325 1756 2396 jure
1805 2330 2025 2381 nostre.
2103 2324 2370 2395 Cumque
2416 2325 2553 2397 jure

455 2413 493 2438 “
538 2409 697 2482 pleni
733 2410 975 2465 dominii
1011 2410 1074 2464 in
1122 2411 1488 2482 possessione
1539 2409 1805 2481 ejusdem
1852 2411 2024 2482 regni
2077 2409 2327 2464 existere
2362 2409 2555 2465 dinos-

452 2499 489 2523 “
527 2511 746 2560 camur,
784 2511 900 2549 non
934 2512 1266 2566 possumus,
1302 2512 1411 2550 nec
1458 2495 1756 2559 debemus,
1799 2495 1941 2567 quin
1993 2493 2362 2550 insolentiam
2417 2494 2550 2548 sub-

453 2583 491 2607 “
530 2579 788 2635 ditorum
825 2584 1159 2635 nostrorum
1183 2579 1512 2644 rebellium,
1553 2580 1606 2635 si
1646 2597 1793 2649 quos
1834 2580 2249 2643 invenerimus,
2290 2579 2554 2650 proeemi-

453 2667 490 2693 “
529 2663 725 2718 nentia
757 2664 943 2734 regia,
981 2671 1159 2736 prout
1206 2664 1477 2736 expedire
1526 2663 1869 2728 viderimus,
1908 2664 2315 2735 reprimamus.
2404 2661 2556 2731 Quia

455 2751 494 2777 “
530 2764 669 2804 vero
718 2765 789 2803 ex
836 2748 1159 2819 praemissis
1210 2753 1272 2803 et
1317 2747 1451 2803 aliis
1501 2753 1731 2803 constat
1783 2748 2101 2811 evidenter,
2156 2752 2218 2803 et
2260 2747 2554 2803 notorium

454 2835 492 2861 “
531 2831 746 2896 existit,
787 2833 944 2903 quod
987 2832 1360 2904 praelibatum
1408 2849 1661 2903 regnum
1713 2831 1942 2895 Scotino,
1994 2836 2117 2886 tam
2162 2832 2386 2887 ratione
2422 2848 2554 2902 pos-

454 2920 492 2946 “
531 2917 804 2973 sessionis
871 2934 1045 2988 quam
1111 2917 1506 2988 proprietatis,
1560 2916 1636 2971 ad
1684 2933 1789 2971 nos
1848 2915 2104 2988 pertinet
2168 2916 2340 2987 pleno
2393 2916 2550 2987 jure,

455 3005 492 3030 ‘⁴
529 3018 634 3057 nec
686 3002 999 3072 quicquam
1049 3000 1360 3055 fecerimus
1409 3000 1506 3055 vel
1556 3001 1903 3064 caverimus,
1963 2999 2181 3070 scripto
2232 2998 2328 3055 vel
2378 3000 2551 3064 fact0,

457 3089 494 3115 ‘⁸
532 3086 705 3142 sicuti
740 3103 848 3140 nec
895 3102 1218 3157 possemus,
1257 3101 1363 3156 per
1414 3102 1545 3157 quae
1587 3085 1715 3154 juri
1764 3102 1831 3139 ac
1867 3084 2222 3155 possessioni
2255 3083 2555 3156 praediotis

456 3174 494 3199 “
532 3170 740 3226 debeat
773 3169 1107 3241 aliqualiter
1154 3170 1444 3241 derogari,
1487 3169 1796 3225 Sanctitati
1830 3173 2044 3225 vestras
2079 3167 2383 3224 humiliter
2416 3186 2554 3240 sup-

456 3258 494 3284 “
531 3255 837 3328 plicamus,
884 3260 1170 3326 quatenus
1192 3255 1499 3327 praemissa
1532 3253 1778 3326 provida
1811 3253 2187 3309 meditatione
2221 3258 2551 3324 pensantes,

456 3342 494 3368 “
532 3357 602 3396 ex
636 3338 758 3394 illis
793 3344 1057 3394 vestrum
1092 3346 1316 3396 motum
1351 3340 1532 3394 animi
1574 3337 1899 3410 dignemini
1936 3337 2268 3401 informare,
2309 3355 2555 3410 sugges-

459 3427 496 3452 “
532 3424 790 3480 tionibus
814 3424 1122 3480 contrariis
1147 3423 1492 3479 oemulorum
1528 3424 1592 3478 in
1624 3423 1737 3478 hac
1770 3428 1939 3495 parte
1973 3438 2344 3493 nequaquam
2380 3421 2555 3477 fidem

457 3511 496 3538 ‘⁸
533 3501 877 3574 adhibendo,
920 3508 1242 3580 quinimmo
1292 3514 1509 3564 statum
1558 3513 1827 3563 nostrum
1878 3511 1939 3562 et
1980 3507 2120 3578 jura
2154 3512 2355 3562 nostra
2387 3507 2557 3577 regia

459 3596 497 3622 “
535 3593 869 3665 supradicta
915 3593 1131 3648 habere
1179 3592 1396 3658 velitis,
1451 3593 1502 3649 si
1552 3592 1764 3665 placet,
1816 3590 2103 3665 promptis
2154 3590 2555 3647 affectionibus

458 3681 496 3707 “
533 3676 987 3734 commendata.”

525 3761 818 3831 Quantum
841 3778 981 3817 vero
1016 3762 1091 3817 ad
1125 3761 1237 3817 hoc
1266 3761 1418 3832 quod
1442 3761 1604 3832 Papa
1632 3759 1863 3833 petivit,
1890 3760 2047 3831 quod
2082 3760 2133 3814 si
2169 3758 2295 3813 Rex
2321 3757 2556 3829 Angliae

452 3848 549 3920 jus
584 3847 827 3902 haberet
861 3847 923 3901 in
957 3863 1140 3917 regno
1167 3846 1397 3910 Scotiae,
1432 3846 1527 3900 vel
1565 3846 1626 3900 in
1664 3845 1862 3916 aliqua
1896 3844 2025 3916 ejus
2060 3849 2243 3915 parte,
2282 3860 2553 3915 procura·

456 3937 611 3987 tores
635 3936 696 3986 et
716 3931 1032 3986 instructos
1065 3931 1342 3993 mitteret,
1372 3935 1432 3984 et
1461 3929 1628 3985 fieret
1659 3930 1745 3984 eis
1767 3929 2017 4000 justitiae
2049 3927 2553 3998 complementum,

453 4015 580 4069 Rex
613 4031 719 4086 per
769 4031 832 4070 se
884 4014 1075 4069 noluit
1124 4014 1508 4085 respondere;
1566 4012 1672 4068 sed
1724 4013 1835 4068 hoc
1885 4011 2179 4068 commisit
2229 4010 2554 4067 Comitibus

454 4099 704 4169 aliisque
738 4103 912 4153 terroe
958 4098 1296 4171 proceribus
1321 4120 1335 4164 ;
1377 4098 1478 4169 qui
1516 4114 1694 4171 super
1727 4098 1838 4155 hoc
1880 4096 2128 4154 Domino
2165 4095 2342 4169 Papae
2376 4096 2553 4168 hujus

454 4183 673 4239 tenoris
708 4182 935 4239 litteras
971 4183 1399 4256 rescripserunt
1417 4206 1508 4239 :-

529 4524 544 4555 ¹
576 4531 751 4572 nostra:
793 4522 848 4571 in
895 4520 1049 4586 orig.;
1101 4519 1237 4569 nobis
1275 4520 1329 4570 in
1375 4520 1460 4571 the
1503 4519 1704 4585 printed
1738 4527 1887 4584 texts,
1920 4522 1975 4572 in
2009 4523 2312 4591 Rishanger,
2355 4529 2454 4577 and
2493 4528 2549 4578 iu

456 4603 578 4658 MS.
612 4602 752 4654 Bibl.
774 4601 904 4668 Reg.
934 4607 994 4651 13
1021 4601 1080 4650 E.
1104 4600 1177 4653 ix.
