3300 5617
725 742 856 810 104
1377 755 1637 810 mouns:
1684 752 2154 809 wammam

391 956 529 1009 AD·
559 959 702 1006 ¹³⁰³·
730 951 767 974 ‘⁴
805 946 1111 1010 veraciter,
1165 945 1319 1016 quod
1367 945 1516 1001 nihil
1566 945 1750 1001 habeo
1797 946 1873 1001 ad
1907 943 2323 1001 comedendum
2356 942 2454 998 vel
2489 941 2824 1005 bibendum,
2853 951 3122 1015 RQ,

731 1034 769 1060 ‘⁶
807 1036 870 1087 et
920 1030 1158 1103 jejunus
1215 1029 1469 1087 remansi
1527 1047 1715 1101 usque
1775 1030 1850 1085 ad
1905 1047 2181 1103 praesens.
2274 1029 2354 1084 Et
2399 1028 2449 1083 si
2500 1028 2581 1082 sit
2630 1026 2832 1097 aliqua
2853 1018 3102 1071 Mania

732 1119 771 1145 ‘⁸
808 1115 960 1171 bona
995 1114 1209 1170 mulier
1243 1132 1374 1187 quae
1397 1131 1493 1169 me
1526 1114 1676 1171 velit
1698 1113 1771 1169 de
1811 1133 1919 1170 sua
1948 1115 2160 1187 juvare
2196 1113 2563 1184 eleemosyna
2595 1111 2659 1166 in
2680 1126 2831 1183 pane
2855 1087 3059 1204 &12¹³

734 1203 774 1228 ‘⁸
810 1199 907 1256 vel
935 1199 1090 1265 vino,
1119 1204 1180 1255 et
1210 1198 1260 1254 si
1286 1198 1489 1254 vinum
1522 1216 1639 1255 non
1673 1198 1962 1263 habuerit,
2002 1198 2075 1254 de
2116 1214 2271 1269 aqua
2303 1194 2652 1269 permodica,
2683 1194 2833 1250 dabo

737 1287 774 1312 ‘⁴
812 1284 869 1340 ei
916 1282 1378 1339 benedictionem
1426 1282 1540 1338 Dei
1590 1289 1653 1338 et
1704 1301 1930 1349 meam;
1994 1292 2056 1338 et
2109 1299 2308 1337 omnes
2361 1281 2465 1353 qui
2516 1279 2835 1353 quicquam

737 1371 776 1396 “
813 1367 1190 1439 portaverint,
1242 1366 1821 1437 quantulumcunque
1867 1367 2180 1431 modicum,
2234 1365 2296 1420 in
2344 1381 2537 1420 meam
2587 1364 2835 1419 subven-

738 1455 776 1479 “
815 1452 1050 1516 tionem,
1099 1451 1339 1507 absolvo
1389 1450 1463 1506 ab
1512 1452 1781 1507 omnibus
1834 1451 2090 1524 peccatis
2144 1449 2326 1506 suis-’⁹
2416 1448 2580 1505 'I'unc
2638 1465 2838 1503 omnes

737 1536 861 1591 hoec
896 1534 1197 1591 audientes
1223 1552 1295 1589 ex
1326 1552 1425 1589 ore
1451 1534 1645 1606 Papoe,
1686 1535 2032 1600 clamabant,
2076 1537 2114 1563 “
2136 1533 2342 1599 Vivas,
2368 1533 2547 1590 Pater
2570 1530 2839 1588 Sancte.”

737 1621 816 1676 Et
866 1637 1000 1676 mox
1051 1636 1319 1675 cerneres
1373 1619 1653 1674 mulieres
1704 1636 1942 1676 currere
1990 1619 2259 1675 certatim
2313 1618 2389 1674 ad
2439 1617 2723 1690 palatium
2771 1615 2847 1671 ad

738 1702 1094 1760 offerendum
1145 1703 1258 1759 sibi
1308 1720 1536 1775 panem,
1589 1704 1813 1768 vinum,
1883 1703 1978 1760 vel
2026 1721 2258 1775 aquam,
2308 1702 2373 1758 in
2414 1707 2642 1757 tantum
2691 1699 2847 1772 quod

740 1789 939 1845 statim
988 1805 1221 1844 camera
1271 1787 1448 1859 Papae
1501 1786 1857 1844 victualibus
1905 1787 2134 1859 repleta
2183 1787 2314 1843 fuit.
2405 1785 2486 1841 Et
2542 1802 2677 1842 cum
2735 1802 2850 1839 non

742 1872 1140 1928 invenirentur
1188 1890 1331 1927 vasa
1383 1871 1458 1926 ad
1514 1871 1859 1944 capiendum
1920 1872 2115 1936 allata,
2173 1870 2493 1926 fundebant
2534 1870 2739 1925 vinum
2791 1875 2852 1923 et

741 1974 954 2028 aquam
1002 1957 1064 2011 in
1114 1974 1253 2012 area
1302 1973 1546 2012 camerae
1583 1956 1761 2028 Papae
1796 1956 1860 2011 in
1893 1956 2148 2011 maxima
2182 1954 2524 2026 quantitate.
2600 1953 2680 2008 Et
2713 1958 2850 2008 tunc

743 2041 936 2113 potuit
986 2040 1235 2113 quisque
1288 2040 1539 2112 ingredi,
1591 2047 1654 2095 et
1701 2057 1835 2095 cum
1877 2039 2040 2112 Papa
2085 2038 2267 2111 loqui,
2333 2038 2486 2094 sicut
2543 2055 2679 2093 cum
2737 2036 2852 2091 alio

743 2141 1017 2197 paupere,
1059 2125 1162 2196 qui
1195 2125 1447 2181 volebat.
1536 2124 1702 2179 Tunc
1737 2124 1899 2196 Papa
1933 2124 2147 2188 exienS,
2189 2123 2441 2182 absolvit
2472 2138 2671 2177 omnes
2707 2120 2853 2175 exis-

746 2214 934 2265 tentes
970 2209 1032 2263 in
1054 2209 1291 2265 civitate
1326 2209 1400 2264 ab
1424 2209 1692 2265 omnibus
1728 2209 1983 2281 peccatis
2008 2226 2211 2264 eorum
2246 2206 2616 2279 generaliter,
2642 2210 2855 2277 proeter

748 2291 1162 2364 despoliatores
1187 2293 1466 2349 Ecclesiae
1491 2293 1785 2348 Romanae.
1863 2293 2217 2366 Spoliatores
2254 2291 2431 2347 etiam
2456 2288 2854 2346 Gardinalium

748 2382 811 2431 et
844 2376 1088 2432 aliorum
1124 2376 1197 2432 de
1234 2376 1416 2432 Curia
1447 2395 1564 2433 non
1598 2377 1954 2442 absolvebat,
1992 2378 2107 2433 nisi
2142 2378 2294 2432 bona
2332 2373 2670 2448 hujusmodi
2704 2373 2858 2428 infra

747 2459 1010 2515 triduum
1044 2467 1425 2532 reportarent.
1514 2460 1914 2517 Veruntamen
1964 2460 2127 2533 Papa
2165 2460 2396 2515 remisit
2430 2474 2701 2531 expresse
2735 2474 2853 2513 om·

747 2544 921 2600 nibus
972 2545 1076 2616 qui
1125 2544 1275 2600 bona
1324 2562 1432 2602 sua
1480 2550 1936 2618 asportaverant,
1995 2544 2138 2600 dum
2183 2551 2380 2601 tamen
2431 2543 2538 2599 illa
2587 2543 2741 2598 bona
2784 2540 2857 2596 de

747 2628 1024 2685 thesauro
1058 2628 1340 2684 Ecclesiae
1372 2646 1490 2684 non
1522 2630 1795 2696 fuerunt3
1836 2635 1898 2684 et
1932 2629 2131 2685 statim
2167 2634 2522 2702 protestatus
2549 2633 2640 2683 est
2663 2642 2858 2682 corun

749 2714 1036 2777 omnibus,
1106 2712 1262 2785 quod
1317 2711 1508 2770 voluit
1570 2714 1786 2769 habere
1844 2730 2049 2786 pacem
2109 2731 2245 2770 cum
2312 2709 2858 2784 Columpniensibus

752 2796 1158 2855 Oardinalibus
1207 2803 1268 2853 et
1316 2793 1444 2854 suis
1475 2796 1608 2853 aliis
1643 2798 1916 2863 inimicis,
1956 2804 2018 2854 et
2050 2803 2289 2871 paratus
2325 2803 2452 2852 erat
2485 2796 2644 2868 ipsos
2690 2793 2858 2850 resti·

749 2888 916 2938 tuere
951 2880 1027 2936 ad
1059 2881 1403 2953 temporalia
1439 2887 1501 2938 et
1535 2882 1866 2954 spiritualia
1901 2881 2276 2948 Oardinales;
2316 2887 2377 2937 et
2408 2879 2520 2936 hoc
2554 2878 2698 2936 fecit
2730 2895 2859 2950 pro·

751 2965 992 3024 clamari
1042 2983 1150 3037 per
1207 2965 1429 3021 villam.
1528 2966 1767 3022 Interea
1822 2972 2119 3038 reportata
2175 2966 2414 3022 fuerunt
2482 2965 2636 3020 bona
2698 2962 2860 3019 illius

754 3049 1039 3122 quiedam,
1080 3049 1184 3105 sed
1215 3067 1332 3104 non
1368 3049 1579 3114 omnia,
1617 3050 1785 3122 prius
1822 3050 2033 3107 ablata.

826 3133 965 3190 Hiis
997 3134 1195 3204 itaque
1231 3135 1437 3207 gestis,
1476 3134 1641 3207 Papa
1678 3135 1873 3191 subito
1908 3141 1969 3191 et
2002 3134 2298 3207 inopinate
2330 3133 2579 3190 recessit
2613 3132 2687 3188 de
2720 3130 2865 3187 villa

758 3216 1096 3289 ¹Anagniae,
1125 3219 1509 3289 progrediens
1531 3236 1742 3275 versus
1767 3218 2015 3275 Romam
2050 3236 2186 3275 cum
2210 3219 2464 3275 maxima
2484 3216 2862 3273 multitudine

759 3306 1132 3357 armatorum.
1207 3301 1288 3357 Et
1310 3321 1444 3358 cum
1466 3304 1834 3375 pervenisset
1855 3304 1930 3359 ad
1956 3304 2236 3360 Sanctum
2259 3303 2520 3368 Petrum,
2549 3319 2620 3357 ex
2654 3302 2863 3357 timore

763 3402 939 3455 quem
974 3392 1318 3456 conceperat
1353 3386 1583 3457 quando
1619 3392 1824 3459 captus
1859 3387 1992 3452 fuit,
2033 3394 2095 3443 et
2128 3404 2379 3443 moerore
2413 3404 2615 3442 rernm
2649 3383 2865 3440 inaesti·

421 3479 589 3531 Death
764 3468 1070 3523 mabilium
1103 3468 1485 3539 perditarum,
1527 3477 1588 3526 et
1622 3472 1777 3527 fame
1829 3489 2004 3543 quam
2040 3478 2409 3528 contraxerat
2458 3470 2568 3526 sub
2602 3467 2868 3524 custodia

417 3547 479 3597 of
489 3546 630 3625 Pope
765 3552 1228 3608 adversariorum
1268 3571 1524 3620 suorum,
1565 3553 1685 3610 cito
1719 3554 1967 3621 defecit;
2022 3561 2085 3611 et
2119 3556 2206 3611 sic
2241 3553 2530 3628 completa
2577 3559 2669 3609 est
2703 3553 2767 3608 in
2800 3565 2867 3606 eo

420 3614 679 3665 mmm·
764 3636 1072 3709 prophetia
1104 3635 1550 3707 praedecessoris
1589 3638 1701 3703 sui,
1743 3639 1846 3710 qui
1894 3638 2061 3705 dixit,
2106 3643 2143 3666 ‘⁸
2161 3638 2498 3695 Ascendisti
2535 3643 2605 3693 ut
2636 3635 2863 3708 vulpes,

770 3725 809 3748 ‘⁸
834 3720 1109 3792 regnabis
1144 3725 1214 3776 ut
1245 3720 1356 3786 leo,
1395 3721 1664 3778 morieris
1700 3729 1770 3776 ut
1803 3722 2024 3778 canis.’'

425 3817 721 3872 Samon
840 3804 1139 3861 Successit
1171 3803 1246 3869 ei,
1285 3821 1323 3858 a
1358 3803 1768 3861 cardinalibus
1803 3822 1939 3862 mox
1972 3807 2215 3873 electus,
2269 3805 2624 3862 Benedictus
2675 3803 2869 3861 Unde-

426 3888 487 3965 οξ
501 3887 663 3937 Bene·
767 3888 973 3953 cimns,
1013 3888 1383 3944 Lumbardus
1432 3889 1685 3955 natione,
1742 3907 1921 3960 quem
1956 3890 2120 3964 Papa
2152 3891 2491 3946 Bonifacius
2543 3890 2616 3946 de
2652 3887 2868 3946 Ordine

424 3955 531 4004 ‘¹¹⁰‘
549 3953 646 4004 XI·
767 3973 1045 4029 Fratrum
1069 3972 1546 4039 Proedicatorum‚
1575 3974 1747 4046 cujus
1771 3974 2061 4046 Magister
2085 3981 2229 4039 erat,
2257 3979 2625 4048 assumptum
2650 3974 2869 4030 fecerat

763 4056 1121 4130 Episcopum
1158 4056 1505 4114 Ostiensem.
1582 4056 1672 4113 De
1707 4058 1822 4114 isto
1857 4059 2176 4115 Benedicto
2212 4059 2451 4130 quidam
2488 4059 2575 4114 sic
2609 4058 2696 4115 ait
2709 4080 2801 4115 z·—

996 4161 1034 4186 “
1060 4157 1117 4214 A
1150 4175 1215 4214 re
1250 4174 1463 4213 nomen
1498 4157 1665 4223 habe,
1705 4158 1966 4225 benedic,
2004 4159 2263 4225 benefac,
2302 4158 2639 4224 Benedicta,

996 4245 1034 4270 ‘⁴
1053 4243 1179 4299 Aut
1211 4259 1338 4298 rem
1371 4249 1662 4315 perverte,
1703 4243 1971 4310 maledic,
2009 4243 2276 4310 malefac,
2315 4241 2691 4300 Maledicte.”

431 4349 687 4471 QG&
844 4335 1340 4409 Columpnienses,
1379 4344 1610 4396 mortuo
1635 4338 1797 4411 Papa
1831 4338 2152 4406 Bonifacio,
2204 4337 2278 4394 de
2315 4339 2439 4395 suis
2475 4338 2705 4412 egressi
2740 4334 2867 4395 lati·

2250 4515 2351 4527 -ο-

1366 4640 1383 4673 ¹
1417 4638 1644 4708 Amynta
1663 4637 1718 4692 in
1734 4640 1823 4694 the
1844 4640 2052 4707 printed
2074 4647 2229 4695 texts,
