3300 5617
98 2694 226 2745 MS.
251 2696 388 2748 Bibl.

97 2762 238 2839 Reg.
273 2769 333 2813 13

101 2829 167 2876 Ε.
196 2844 274 2879 lx.

109 2895 273 2946 Cont.

103 2962 417 3026 Murimuth,

103 3044 155 3094 p.
182 3035 305 3082 226.

111 4040 231 4089 MS.
251 4040 388 4091 Bibl.

109 4107 244 4189 1}eg.
271 4111 330 4158 13

1129 810 1454 863 merom
1496 810 1907 862 ANGLIOAM„
2427 798 2557 868 327

458 1086 530 1141 de
570 1085 778 1140 animoe
816 1103 938 1141 suae
981 1084 1188 1149 salute,
1243 1084 1347 1139 sed
1385 1084 1440 1138 ei
1474 1084 1706 1155 jugiter
1742 1084 2050 1139 sanitatem
2075 1086 2333 1157 corporis
2358 1104 2555 1158 repro-

457 1170 715 1233 mittens,
767 1170 948 1224 donec
996 1170 1060 1224 in
1106 1187 1175 1225 eo
1221 1168 1469 1225 vidisset
1526 1169 1855 1224 indubitata
1912 1169 2118 1225 mortis
2177 1170 2394 1225 indicia
2451 1189 2556 1242 per

457 1254 616 1310 vocis
631 1253 1093 1325 praeclusionem.
1142 1253 1305 1308 Tunc
1343 1270 1568 1324 nempe,
1598 1271 1732 1308 cum
1756 1259 2021 1308 cerneret
2042 1270 2243 1308 vocem
2267 1255 2557 1311 ademtam
2582 1252 2836 1305 nem-fleas

458 1338 590 1402 sibi,
636 1341 698 1393 et
737 1337 1039 1392 oculorum
1075 1337 1229 1392 acies
1270 1336 1550 1400 hebetari,
1597 1337 1963 1407 caloremque
2002 1336 2327 1391 naturalem
2369 1344 2553 1394 extre·
2579 1321 2796 1434 cgffiffct

457 1422 688 1477 mitates
736 1421 1085 1492 relinquere,
1122 1439 1257 1476 mox
1279 1421 1671 1476 inverecunda
1708 1421 1901 1492 pellex
1942 1421 2193 1477 detraxit
2234 1422 2476 1478 annulos
2520 1442 2557 1478 a
2576 1402 2806 1503 {ererffie

457 1506 579 1562 suis
616 1505 841 1575 digitis,
883 1513 944 1561 et
977 1505 1239 1560 recessit.
1318 1504 1491 1560 Solus
1515 1511 1656 1560 tunc
1694 1504 1933 1575 quidam
1969 1506 2237 1561 sacerdos
2262 1506 2556 1563 assidebat
2580 1531 2806 1583 Circum,

458 1590 611 1661 Regi
635 1589 996 1652 moribundo,
1025 1590 1254 1644 caeteris
1279 1589 1438 1644 circa
1469 1606 1672 1643 rerum
1695 1588 1933 1644 intentis
1959 1586 1975 1619 ¹
1992 1589 2410 1660 direptionem,
2451 1592 2554 1661 qui
2579 1606 2776 1650 stances
2799 1601 2861 1649 of

456 1672 478 1705 ²
497 1671 627 1744 [ei]‚
668 1690 737 1727 eo
775 1672 931 1743 quod
966 1672 1128 1743 loqui
1164 1691 1281 1727 non
1321 1677 1550 1744 poterat
1590 1690 1698 1728 nec
1740 1672 2162 1728 confessionem
2202 1670 2341 1728 ³ore
2384 1678 2553 1730 tenus
2580 1665 2663 1714 the
2684 1666 2867 1732 Kinss'ss

457 1757 664 1819 facere,
715 1757 1009 1827 persuasit
1054 1762 1123 1812 ut
1169 1757 1400 1812 veniam
1452 1761 1680 1827 peteret
1736 1775 1842 1828 pro
1902 1757 2248 1821 commissiS,
2310 1757 2555 1815 afferens
2580 1732 2743 1784 death·

458 1841 569 1896 sibi
593 1840 782 1895 crucis
822 1840 1159 1911 imaginem,
1204 1858 1379 1912 quam
1416 1840 1579 1896 dedit
1615 1841 1679 1895 in
1715 1857 1921 1895 manus
1965 1840 2111 1910 ejus.
2188 1840 2315 1895 Rex
2337 1848 2553 1908 autem,

453 1942 588 1980 cum
610 1924 942 1980 reverentia
977 1943 1208 1979 summa
1239 1925 1404 1980 illam
1429 1924 1739 1995 accipiens,
1768 1924 2138 1979 osculabatur
2162 1923 2553 1991 devotissime,

453 2027 606 2063 nunc
656 2009 920 2073 ⁴manus,
973 2016 1040 2064 ut
1086 2015 1332 2081 poterat,
1397 2009 1459 2062 in
1503 2008 1741 2078 signum
1782 2008 2047 2079 optandae
2084 2008 2270 2063 venioe
2326 2018 2556 2080 proten-

455 2093 660 2157 dend0,
687 2112 841 2148 nunc
865 2111 1006 2149 vero
1045 2093 1117 2148 de
1157 2093 1280 2149 suis
1320 2091 1506 2147 oculis
1544 2092 1835 2162 lacrymas
1873 2092 2084 2147 uberes
2126 2093 2459 2157 emittendO,
2499 2099 2560 2148 et

427 2195 438 2204 ·
457 2178 633 2248 pedes
683 2178 959 2248 imaginis
1003 2177 1477 2247 frequentissime
1538 2175 1869 2231 osculando,
1962 2175 2237 2240 Tandem,
2290 2194 2424 2231 cum
2484 2178 2558 2233 ad

454 2268 661 2316 nutum
708 2261 1038 2333 presbyteri
1087 2262 1342 2316 motibus
1390 2266 1453 2315 et
1511 2260 1719 2330 signis,
1772 2260 1984 2330 quibus
2044 2261 2253 2331 potuit,
2315 2262 2561 2332 petisset

453 2346 641 2417 primo
678 2352 739 2400 et
772 2345 1178 2417 principaliter
1217 2345 1289 2400 de
1329 2345 1584 2416 pcccatis
1617 2362 1655 2398 a
1676 2343 1802 2399 Deo
1824 2345 2246 2409 remissionem,
2274 2350 2334 2399 et
2358 2363 2558 2400 secun-

452 2430 614 2484 darie
661 2447 696 2484 a
744 2430 969 2485 cunctis
1031 2429 1334 2493 creaturis,
1400 2446 1544 2499 quas
1603 2428 1701 2483 vel
1761 2429 2013 2483 scienter
2071 2427 2165 2483 vel
2222 2429 2557 2499 ignoranter
2578 2434 2659 2484 Ile
2682 2435 2724 2485 is

450 2513 782 2577 offenderat,
829 2514 1101 2585 spiritum
1143 2513 1467 2579 exhalavit3
1521 2530 1850 2584 corpusque
1892 2513 2022 2583 ejus
2075 2512 2230 2585 apud
2267 2511 2553 2569 Westmo-
2579 2501 2756 2551 buried
2771 2509 2825 2579 {²⁶

449 2598 769 2653 nasterium
810 2616 944 2654 cum
985 2597 1142 2653 omni
1179 2598 1507 2653 reverentia
1540 2604 1631 2652 est
1664 2597 1987 2652 humatum.
2577 2568 2860 2685 xsssmm'

523 2680 778 2737 ⁵Fuerat
825 2700 1033 2753 nempe
1081 2682 1208 2737 Rex
1265 2682 1378 2737 iste
1426 2683 1579 2737 inter
1626 2698 1827 2736 omnes
1874 2697 2046 2750 reges
2094 2680 2252 2735 orbis
2301 2687 2362 2737 et
2395 2682 2551 2753 prin·
2580 2673 2849 2764 Chgmeoer

455 2765 615 2837 cipes
681 2766 989 2837 gloriosus,
1065 2767 1371 2837 benignus,
1447 2766 1722 2831 clemens,
1801 2770 1862 2820 et
1923 2764 2288 2835 magnificus,
2362 2766 2553 2822 dictus
2579 2780 2639 2828 of
2654 2780 2796 2844 King

457 2852 885 2907 autonomasice
946 2853 984 2878 “
1005 2850 1406 2915 “Gratiosus‚”
1457 2857 1695 2922 propter
1742 2849 1995 2921 gratiam
2044 2848 2402 2919 singularem
2440 2869 2556 2920 qua
2579 2847 2798 2896 Edward

455 2936 813 3007 praecelluit3
867 2936 1021 3007 quia,
1060 2936 1280 2991 virtute
1329 2936 1535 3006 gratiae
1583 2934 1865 2990 divinitus
1913 2933 2027 2988 sibi
2074 2949 2379 2997 concessae,
2430 2935 2557 2989 uni-
2580 2912 2677 2962 ΠῙ·

454 3038 654 3075 versos
706 3020 1163 3093 praedecessores
1233 3038 1368 3075 suos
1431 3018 1683 3089 quadam
1742 3016 2087 3071 excellentia
2144 3017 2352 3087 gratia)
2409 3034 2557 3088 proe-

454 3105 719 3160 cellebat.
813 3106 961 3161 Erat
1019 3110 1079 3160 et
1156 3104 1328 3160 corde
1390 3103 1818 3174 magnanimae,
1883 3101 1985 3171 qui
2054 3099 2196 3155 licet
2247 3100 2556 3172 aliquando

454 3190 772 3245 infortunia
829 3191 1078 3254 diversa,
1142 3195 1245 3244 aut
1316 3188 1682 3243 incommoda
1740 3170 2117 3257 emergditia,
2169 3191 2434 3240 nosceret
2492 3202 2555 3241 se

453 3292 781 3346 passurum,
823 3292 1120 3345 nunquam
1167 3274 1450 3345 expalluit
1495 3278 1598 3328 aut
1651 3271 1903 3327 mutavit
1946 3270 2193 3325 vultum.
2292 3270 2558 3340 Belliger

455 3376 684 3429 quoque
711 3358 825 3414 fuit
859 3359 1108 3429 insignis
1145 3363 1205 3412 et
1229 3358 1593 3421 fortunatusg
1634 3355 1739 3427 qui
1777 3354 1849 3408 de
1874 3354 2098 3409 cunctis
2123 3353 2552 3425 congressibus,

453 3443 515 3497 in
537 3448 696 3497 terra
737 3448 799 3498 et
834 3443 894 3498 in
932 3443 1101 3507 mari,
1145 3459 1375 3513 semper
1415 3439 1759 3512 triumphali
1802 3439 1994 3510 gloria
2030 3438 2337 3494 victoriam
2360 3456 2556 3510 repor-

453 3526 617 3581 tavit.
694 3525 1047 3591 Familiaris,
1110 3525 1370 3589 humilis,
1435 3530 1496 3579 et
1540 3528 1880 3579 mansuetus
1928 3527 2055 3577 erat
2101 3522 2386 3587 omnibus,
2436 3528 2557 3578 tam

453 3611 707 3666 externis
751 3628 927 3681 quam
967 3611 1248 3676 internis;
1293 3610 1558 3665 subditos
1597 3625 1797 3663 omnes
1842 3625 1978 3663 suos
2026 3608 2246 3671 fovens,
2278 3606 2552 3677 diligens,

451 3712 815 3767 promovenS,
857 3700 918 3750 et
957 3696 1054 3767 pie
1095 3712 1341 3763 regens3
1385 3694 1511 3749 Deo
1536 3693 1782 3748 devotus
1807 3692 2021 3756 extitit,
2060 3691 2558 3764 peregrinationes

452 3797 606 3850 saepe
644 3780 880 3843 facienS,
923 3786 983 3834 et
1017 3779 1318 3834 ministros
1354 3778 1635 3833 Ecclesioe
1675 3794 1957 3833 venerans
2001 3781 2061 3831 et
2100 3776 2403 3831 honorans.
2483 3774 2555 3829 In

452 3863 610 3918 curis
638 3863 1052 3935 temporalibus
1076 3863 1354 3934 providus
1380 3868 1441 3917 et
1463 3861 1808 3925 tractabilis,
1837 3859 2192 3931 consilioque
2231 3859 2551 3923 discretus;

453 3947 516 4003 in
539 3947 758 4017 eloquii
796 3947 1083 4003 suavitate
1118 3948 1281 4003 mitis
1315 3953 1375 4003 et
1407 3946 1715 4011 ⁷affabilis,
1756 3946 1819 4001 in
1842 3950 2016 4016 gestu
2038 3951 2099 3999 et
2120 3943 2379 3998 moribus
2403 3960 2555 3998 com-

453 4031 679 4104 positus
717 4037 778 4087 ct
816 4038 1102 4087 maturus.
1177 4030 1505 4102 ⁸Orphanis
1549 4036 1677 4085 erat
1713 4030 1879 4101 quasi
1914 4034 2097 4100 pater,
2137 4026 2367 4082 afflictis
2400 4044 2555 4081 com-

454 4115 701 4188 patiens,
787 4114 1020 4171 miseris
1099 4116 1427 4180 condolens,
1495 4131 1802 4188 oppressos
1864 4113 2148 4175 relevans,
2211 4116 2272 4167 ct
2332 4110 2554 4166 cunctis

524 4340 537 4369 ¹
560 4338 822 4405 direptioni
839 4339 896 4388 in
918 4341 1047 4405 orig.
1547 4341 1633 4391 the
1656 4340 1853 4404 printed
1873 4344 2009 4388 texts
2043 4338 2145 4387 and
2179 4334 2315 4386 Bibl.
2339 4335 2467 4399 Reg.
2496 4340 2555 4384 13

519 4420 540 4449 ²
563 4417 800 4483 Supplied
826 4420 953 4468 stom
976 4420 1110 4469 Bibl.
1139 4420 1265 4485 Reg.
1301 4426 1360 4470 13
1398 4420 1457 4470 E.
1549 4421 1609 4470 Ε.
1633 4420 1705 4469 ix.

453 4498 526 4548 ix.
552 4500 653 4547 and
675 4498 760 4549 the
782 4499 981 4563 printed
1003 4507 1148 4549 texts,
1617 4504 1637 4529 ⁸
1668 4498 1923 4548 Gloriosus
1937 4496 1990 4545 in
2006 4496 2156 4546 Cont.
2176 4492 2475 4545 Murimuth.

526 4580 545 4607 ³
568 4583 644 4627 oie
665 4577 720 4626 in
744 4579 871 4642 orig.
1627 4582 1644 4607 ⁷
1670 4575 1887 4643 effabilis
1909 4576 1963 4625 in
1988 4574 2114 4639 orig.

522 4658 540 4686 ⁴
565 4673 710 4706 manu
732 4658 788 4707 in
816 4658 901 4709 the
924 4658 1125 4723 printed
1149 4665 1298 4710 texts.
1625 4659 1643 4687 ⁸
1668 4657 1780 4706 The
1820 4656 2020 4720 eulogy,
2044 4669 2101 4704 as
2140 4653 2407 4716 compared
2442 4651 2566 4701 with

524 4738 543 4766 ³
569 4735 739 4787 Herus
762 4745 886 4799 erat,
909 4740 1205 4805 apparently
1228 4741 1298 4804 by
1322 4738 1468 4787 inad·
1558 4736 1650 4800 the
1663 4742 1776 4787 text
1787 4736 1851 4787 of
1858 4735 1941 4785 the
1957 4733 2322 4785 Continuation
2340 4732 2401 4781 of
2410 4731 2569 4780 Muri-

457 4822 709 4878 vertence,
733 4816 787 4867 in
835 4817 962 4884 orig.
987 4838 1001 4879 ;
1044 4819 1301 4870 corrected
1339 4817 1470 4869 from
1563 4816 1726 4879 muth,
1743 4815 1786 4866 is
1802 4814 2157 4879 considerably
2167 4812 2429 4883 expanded
2438 4811 2569 4860 here.
