3300 5617
1077 835 1406 887 rus-roan
1432 834 1848 887 mamona.
2422 821 2550 893 267

47 1027 210 1080 MS.
242 1032 388 1086 Bibl.
450 1021 610 1077 Nam
643 1029 705 1080 et
739 1024 933 1095 ipsum
972 1022 1180 1081 Scotus
1216 1024 1280 1079 in
1314 1024 1514 1090 latere,
1557 1025 1663 1081 sed
1709 1043 1825 1081 non
1875 1025 2148 1090 letaliter,
2200 1024 2547 1081 vulneravit.
2576 1031 2713 1083 AJ).
2743 1038 2885 1084 1345.

46 1095 231 1161 Reg.
267 1105 331 1151 13

51 1162 134 1213 E.
173 1165 264 1217 ix.

79 2750 210 2802 MS.
237 2749 388 2800 Bibl.

81 2819 231 2895 Reg.
268 2822 331 2867 13

78 2886 151 2934 E.
179 2900 264 2934 lx.

81 2954 257 3003 Cont-

81 3019 413 3081 Murimuth,

82 3100 176 3150 pp.
211 3091 334 3148 175,
362 3094 408 3139 6.

450 1107 777 1180 Episcopus
813 1127 851 1164 a
887 1108 1077 1165 Scotis
1113 1110 1188 1165 ab
1223 1126 1375 1180 equo
1411 1114 1472 1165 et
1509 1111 1639 1182 ipse
1675 1110 1968 1182 dejicitur,
2009 1116 2070 1165 et
2104 1127 2252 1182 pene
2288 1111 2517 1181 capitur
2534 1132 2549 1176 ;

451 1191 557 1245 sed
609 1210 849 1248 suorum
898 1193 1179 1248 laudabili
1227 1192 1517 1265 probitate
1573 1200 1633 1249 et
1686 1211 1836 1265 equo
1889 1195 2200 1250 restitutus
2252 1199 2359 1257 est,
2412 1199 2472 1249 et
2521 1212 2556 1248 a

454 1275 761 1331 Scotorum
819 1276 1086 1332 manibus
1145 1277 1448 1332 liberatae.
1547 1277 1626 1332 Et
1686 1279 1951 1348 quamvis
2015 1278 2173 1334 Scoti
2232 1277 2556 1333 visisunt
2582 1289 2761 1339 Deseat
2786 1292 2887 1339 and

451 1361 641 1431 primo
699 1366 937 1433 propter
987 1378 1153 1416 suam
1213 1361 1650 1417 multitudinem
1708 1362 2045 1433 praevalere,
2110 1362 2554 1418 commendabili
2580 1356 2727 1438 night
2738 1356 2887 1406 ΟΜΝ·

450 1449 646 1499 tamen
685 1446 1017 1516 Anglorum
1053 1447 1379 1502 constantia
1412 1446 1557 1501 victi
1598 1452 1753 1510 sunt,
1794 1447 1996 1502 multis
2034 1447 2242 1503 occisis
2281 1452 2341 1502 et
2374 1447 2553 1518 pluri·
2582 1426 2741 1475 θοοῖς·

451 1527 563 1582 bus
600 1530 925 1601 captivatis.
1001 1528 1252 1593 Interea,
1310 1529 1548 1583 Domini
1599 1530 1672 1584 de
1722 1530 1911 1601 Percy
1947 1536 2007 1585 et
2056 1531 2129 1585 de
2178 1531 2238 1586 N
2241 1531 2427 1602 evyle,
2485 1549 2554 1585 ex

451 1617 618 1682 parte
667 1631 799 1677 una,
854 1613 1141 1669 Dominus
1190 1613 1264 1668 de
1313 1612 1481 1683 Lucy
1535 1629 1606 1667 ex
1655 1613 1789 1677 alia,
1853 1621 1915 1669 et
1964 1615 2083 1671 viri
2135 1615 2208 1669 de
2260 1614 2555 1670 Comitatu

453 1695 807 1751 Lancastriae
845 1697 1147 1762 ¹externae,
1190 1696 1413 1760 Scotos,
1447 1697 1573 1768 jam
1597 1697 1801 1767 requie
1838 1702 1899 1753 et
1937 1698 2181 1769 prandio
2218 1697 2549 1763 destitutos,

453 1781 516 1835 in
570 1781 692 1835 suis
764 1782 1030 1838 tentoriis
1084 1781 1361 1837 invadere
1409 1781 1826 1849 condixerunt;
1885 1782 2041 1853 quod
2096 1782 2257 1837 Scoti
2304 1799 2411 1853 per
2460 1800 2554 1838 ex-

452 1865 772 1934 ploratores
823 1872 1255 1938 cognoscentes,
1296 1870 1429 1921 ante
1484 1865 1778 1921 dictorum
1821 1865 2204 1921 Dominorum
2240 1866 2553 1923 adventum

452 1948 516 2004 in
549 1966 716 2005 suam
751 1951 1000 2021 patriam
1035 1950 1376 2006 meticulose
1413 1950 1712 2021 fugerunt.

451 2164 599 2232 Rex
671 2163 897 2232 intmt
969 2163 1368 2243 Franciam,
1445 2171 1505 2231 et
1579 2164 1766 2252 capit
1850 2164 2210 2233 Oadmzum
2231 2191 2260 2247 ;
2337 2173 2555 2235 vastat

684 2265 1125 2347 Pilum-diam,
1174 2274 1235 2333 et
1287 2266 1546 2334 trwnsit
1590 2289 1854 2354 aquam
1904 2266 1987 2333 de
2034 2267 2330 2336 Summe.

521 2407 690 2462 Anno
725 2405 934 2479 gratiae
968 2405 1283 2461 millesimo
1319 2407 1729 2462 trecentesimo
1766 2407 2218 2479 quadragesimo
2245 2413 2424 2472 sexto,
2455 2408 2555 2479 qui
2581 2412 2718 2463 A.D.
2748 2417 2889 2463 1346.

449 2497 542 2546 est
576 2510 759 2547 annus
794 2491 966 2563 regni
1001 2491 1186 2563 Regis
1222 2491 1515 2557 Edwardi,
1543 2509 1579 2546 a
1603 2490 1959 2562 Conquaestu
1984 2492 2190 2555 Tertii,
2218 2491 2551 2555 vicesimuS,
2582 2481 2846 2559 SUCQPSSOE

449 2575 576 2630 Rex
623 2575 965 2639 EdwarduS‚
1005 2575 1202 2630 missis
1240 2574 1315 2629 ad
1351 2573 1592 2629 Curiam
1630 2574 1953 2629 Romanam
1987 2575 2207 2630 litteris
2244 2576 2304 2629 in
2344 2576 2555 2647 quibus
2582 2548 2808 2663 giga?
2824 2614 2879 2664 in

450 2660 702 2715 asseruit
759 2678 864 2731 per
917 2660 1144 2732 Regem
1202 2658 1464 2713 Francius
1524 2659 1865 2731 Philippum
1926 2663 1986 2713 et
2045 2659 2172 2730 ejus
2222 2659 2552 2731 compliccS,
2580 2681 2789 2731 Franco,

450 2745 625 2800 certis
660 2745 982 2819 rationibus
1019 2743 1354 2814 assignatiS,
1399 2748 1641 2813 treugas
1680 2761 1809 2797 esse
1846 2743 2114 2806 violatas,
2166 2761 2365 2798 mense
2405 2744 2445 2797 J
2448 2743 2556 2799 ulii

449 2829 750 2900 ingressus
787 2833 878 2884 est
911 2846 1091 2894 mare,
1132 2828 1194 2882 in
1233 2826 1381 2882 festo
1423 2826 1620 2881 Sancti
1659 2827 1895 2881 Thomae
1931 2826 2395 2899 Archiepiscopi,
2437 2845 2556 2881 om-

450 2913 621 2968 nibus
686 2913 1089 2984 ignorantibus
1163 2928 1442 2983 quorsum
1501 2909 1786 2965 tenderet.
1902 2911 2161 2965 Tandem
2214 2909 2555 2982 ²cujusdam

451 2996 656 3051 militis
698 2996 771 3051 de
807 2997 1189 3060 Harecourte‚
1232 3012 1420 3067 nuper
1461 2994 1534 3049 de
1574 2994 1825 3049 Francia
1866 2994 2138 3065 exlegati,
2189 2994 2253 3050 in
2289 2994 2555 3050 Australi

451 3087 616 3152 parte
673 3081 1050 3137 Normanniae
1110 3078 1264 3151 apud
1329 3079 1596 3149 Ho'ggeS,
1673 3079 1844 3150 juxta
1930 3077 2262 3150 Sequanam
2340 3080 2557 3134 flumen

453 3165 766 3238 applicuit,
806 3182 939 3219 mox
988 3163 1288 3220 Oadonum
1325 3162 1621 3217 hostiliter
1662 3162 1986 3234 ingressae,
2032 3163 2205 3235 cepit,
2258 3164 2551 3235 spoliavit,
2583 3173 2797 3237 Captum
2821 3178 2881 3226 of

451 3249 803 3314 combussit;
856 3254 917 3304 et
964 3254 1168 3320 postea
1213 3247 1429 3302 multas
1478 3248 1673 3302 urbes.
1772 3246 1999 3304 Verum
2049 3248 2188 3318 quia
2242 3247 2554 3320 Philippus
2582 3242 2733 3292 Caen-

451 3334 576 3388 Rex
634 3332 896 3388 Franciae
956 3337 1159 3403 pontes
1219 3330 1524 3385 fluminum
1570 3348 1778 3386 versus
1839 3331 2149 3387 Franciam
2208 3331 2269 3386 in
2331 3334 2555 3388 cunctis

449 3418 591 3473 locis
646 3416 858 3488 quibus
899 3415 1181 3471 transitus
1224 3414 1351 3486 ejus
1391 3431 1520 3469 esse
1567 3420 1814 3486 poterat,
1863 3420 1995 3470 ante
2050 3415 2437 3486 confregerat,
2484 3434 2555 3471 ne

451 3501 695 3556 facultas
750 3499 989 3555 daretur
1024 3498 1375 3553 exercitibus
1426 3496 1779 3568 confligendi
1831 3497 1905 3552 ad
1957 3498 2227 3562 invicem,
2269 3499 2395 3554 Rex
2442 3500 2558 3555 Ed-

449 3585 678 3641 wardus
737 3583 1159 3638 Normanniam
1207 3581 1549 3652 penetravit,
1601 3580 1701 3634 “in
1761 3599 1866 3635 suo
1914 3582 2168 3636 transitu
2217 3582 2557 3639 Pikardiam

451 3669 775 3724 devastavit
818 3674 878 3722 et
901 3666 1300 3737 conflagravit,
1330 3670 1390 3719 et
1412 3664 1648 3719 tandem
1673 3665 1911 3719 veniens
1937 3666 2277 3729 Pusianum,
2308 3667 2556 3722 fractum

450 3760 684 3826 pontem
745 3751 965 3806 ibidem
1006 3748 1190 3822 jussit
1246 3748 1525 3820 reparari.
1625 3747 1893 3812 Interim,
1948 3749 2157 3804 Comes
2206 3750 2556 3822 Northamp-

451 3838 641 3902 toniae,
661 3838 878 3892 flumen
905 3836 1190 3906 Sequanae
1215 3833 1522 3897 transiens,
1547 3833 1897 3904 quingentos
1925 3850 1995 3887 ex
2020 3834 2140 3889 illis
2168 3835 2268 3905 qui
2293 3836 2556 3906 pontium

448 3924 871 3996 reparationem
923 3920 1208 3991 impedire
1268 3917 1642 3982 conabantur,
1709 3917 1939 3973 occidit.
2058 3917 2197 3972 Mox
2257 3917 2382 3972 Rex
2440 3920 2556 3973 Ed-

448 4008 697 4073 wardus,
740 4005 1153 4062 sexto-decimo
1192 4001 1285 4056 die
1323 4001 1602 4072 Augusti,
1667 4000 1995 4072 Sequanam
2039 4003 2255 4055 flumen
2296 4008 2556 4073 pertran-

449 4093 623 4155 sienS,
688 4090 938 4163 patriam
979 4088 1314 4157 ubicunque
1371 4085 1647 4157 perrexit,
1693 4085 2073 4140 circumcirca
2111 4085 2415 4150 destruxit,
2460 4088 2555 4142 de-

448 4175 855 4248 praedatusque
915 4178 1009 4228 est
1078 4171 1242 4226 illius
1309 4169 1547 4233 incolas,
1612 4173 1674 4223 et
1744 4168 2078 4239 captivavit.
2189 4168 2423 4239 Aquam
2483 4172 2554 4226 de

454 4260 710 4323 Summe,
737 4258 838 4312 ubi
863 4263 1037 4312 antea
1071 4272 1362 4326 nusquam
1389 4253 1503 4307 suit
1535 4250 1838 4315 transitus,
1881 4251 2101 4306 illaesus
2127 4271 2259 4307 cum
2296 4259 2419 4308 toto
2451 4274 2556 4311 suo

519 4545 612 4592 'ex
661 4541 803 4590 tertia
840 4539 898 4588 in
933 4538 1019 4589 the
1057 4536 1258 4602 printed
1297 4542 1447 4609 texts,
1551 4532 1910 4585 Continuation
1999 4536 2062 4586 of
2141 4536 2442 4601 Murimuth,
2512 4539 2556 4591 is

449 4624 548 4672 and
569 4620 624 4669 in
646 4620 760 4671 MS.
792 4618 928 4669 Bibl.
973 4617 1102 4681 Reg.
1140 4620 1200 4665 13
1238 4615 1299 4664 Ε.
1331 4614 1403 4664 ix.
1433 4635 1447 4674 ς
1551 4614 1760 4663 omitted
1791 4613 1923 4664 here.
1992 4614 2040 4663 It
2074 4612 2116 4664 is
2139 4615 2350 4667 omitted
2371 4618 2479 4669 also
2502 4617 2555 4668 in

451 4701 720 4765 correctly.
1552 4692 1666 4743 MS.
1690 4692 1824 4742 Bibl.
1851 4693 1979 4758 Reg.
2010 4699 2069 4741 13
2094 4693 2153 4743 Ε.
2177 4693 2249 4744 ix.

516 4780 667 4831 ²'1'he
707 4780 849 4829 word
886 4777 1049 4840 ductu,
1084 4775 1235 4842 given
1273 4775 1328 4825 in
1367 4774 1452 4826 the
1617 4775 1638 4802 ⁸
1660 4780 1707 4823 et
1728 4772 1779 4822 in
1825 4772 1881 4822 in
1905 4772 1988 4824 the
2011 4772 2212 4838 printed
2240 4780 2388 4825 texts.
