3300 5617
1052 796 1382 846 HISTORIA
1412 795 1830 845 ANGLIOANA.
2367 786 2494 848 209

41 971 127 1024 18.
156 975 329 1031 Harl.
396 981 435 1006 ‘⁶
473 996 601 1034 eam
638 980 1120 1037 benedictionem.
1214 983 1449 1038 Dudum
1488 989 1566 1046 te,
1606 982 1693 1038 fili
1731 980 2056 1046 carissime,
2084 981 2243 1036 clara
2280 981 2496 1036 imitari
2525 977 2658 1029 A-D.
2688 986 2832 1033 1339:

42 1046 221 1158 {5ss3„
268 1114 311 1162 b
394 1064 433 1089 “
472 1065 728 1135 vestigia
773 1068 1217 1138 progenitorum
1277 1073 1531 1132 tuorum,
1596 1069 1831 1138 Regum
1888 1066 2145 1137 Angliae,
2199 1066 2301 1136 qui
2355 1083 2501 1136 erga

41 1171 145 1223 [ev
225 1127 270 1176 g
313 1152 326 1165 ‘
393 1149 431 1174 “
470 1148 664 1204 Deum
699 1155 761 1205 et
798 1150 1241 1207 Sacrosanctam
1277 1151 1601 1206 Romanam
1638 1152 1986 1217 Ecclesiam,
2032 1150 2198 1206 velut
2245 1149 2501 1221 peculia-

41 1240 245 1304 tymer,
390 1234 429 1259 “
465 1250 560 1288 res
597 1233 726 1306 ejus
763 1235 987 1291 alumni
1023 1242 1086 1292 et
1119 1235 1316 1291 devoti
1348 1222 1869 1309 filiisplenitudine
1907 1236 2231 1292 devotionis
2268 1242 2329 1289 et
2363 1235 2498 1289 fidei

390 1319 429 1342 ‘⁶
468 1317 825 1384 claruerunt,
872 1325 1108 1391 tuaeque
1147 1320 1516 1392 splendorem
1550 1322 1840 1392 prosapiae
1890 1339 1926 1375 a
1973 1322 2180 1392 quavis
2235 1320 2501 1375 obfusca-

388 1404 427 1427 “
467 1402 624 1457 tione
676 1402 976 1459 ¹nebulosi
1026 1405 1283 1475 contagii
1320 1402 1724 1476 ²praeservari,
1768 1422 1952 1475 eaque
1988 1406 2051 1459 in
2085 1410 2144 1459 te
2180 1404 2502 1476 praelucere

387 1488 425 1510 “
465 1484 681 1541 clarius
732 1488 1032 1559 cupientes
1084 1488 1319 1551 clarius,
1356 1487 1455 1543 ³et
1507 1506 1578 1543 ex
1622 1494 1878 1559 paternae
1932 1489 2191 1543 caritatis
2230 1494 2290 1543 et
2326 1488 2502 1542 dilee-

389 1572 427 1594 “
467 1569 644 1626 tionis
696 1572 929 1636 affectu,
992 1590 1107 1642 quo
1157 1579 1217 1627 te
1273 1578 1607 1643 statumque
1659 1578 1833 1626 tuum
1887 1574 2318 1643 prosequimur,
2371 1591 2504 1627 nos-

396 1655 435 1677 “
475 1657 597 1708 tras
657 1659 775 1710 tuae
828 1655 1168 1711 celsitudini
1221 1655 1453 1711 litteras
1488 1655 1817 1710 ⁴detexisse
1883 1656 2277 1722 meminimus,
2350 1657 2503 1711 inter

388 1739 426 1762 ‘⁶
466 1743 679 1792 caetera
725 1746 1096 1794 recensentes
1159 1738 1413 1810 qualiter
1465 1756 1739 1793 excessus
1800 1755 1905 1809 per
1965 1738 2223 1794 nobilem
2282 1739 2496 1803 virum,

390 1822 429 1845 “
467 1819 831 1877 Ludovicum
867 1822 940 1877 de
988 1822 1260 1886 Bavaria„
1302 1823 1462 1886 olim,
1502 1829 1571 1878 ut
1606 1821 1996 1887 asserebatur,
2040 1822 2388 1878 discorditer
2439 1823 2502 1876 in

389 1907 427 1928 ‘⁶
466 1902 690 1974 Regem
751 1905 1147 1961 Romanorum
1208 1906 1479 1970 electum,
1530 1905 1815 1960 adversus
1867 1904 2062 1959 Deum
2125 1912 2187 1961 et
2255 1905 2498 1960 eandem

390 1990 428 2012 ‘⁶
468 1986 790 2043 Romanam
806 1989 1149 2053 Ecclesiam,
1178 2007 1247 2044 ae
1272 1989 1464 2044 felicis
1494 1989 1917 2045 recordationis
1938 1989 1977 2043 J
1978 1989 2264 2044 ohannem
2281 1990 2500 2060 Papam

391 2074 429 2094 ‘⁶
467 2070 832 2126 Vicesimum
873 2073 1225 2138 Secundum,
1265 2073 1756 2145 praedecessorem
1790 2082 2076 2137 nostrum,
2129 2092 2236 2146 per
2272 2091 2498 2128 coacer-

392 2159 428 2180 “
468 2156 760 2211 vationem
796 2158 1214 2230 multiplicium
1250 2163 1314 2213 et
1335 2159 1623 2214 atrocium
1649 2158 2020 2222 offensarum,
2059 2157 2333 2229 nequiter
2370 2175 2501 2228 per-

391 2241 428 2263 “
468 2241 701 2308 peti-ati,
742 2249 911 2297 tuum
946 2244 1251 2313 praeterire
1288 2242 1608 2314 nequibant
1643 2241 1950 2308 auditum;
1992 2259 2139 2312 quos
2186 2242 2352 2296 velut
2387 2241 2496 2295 toti

389 2323 427 2346 “
467 2324 683 2378 mundo
736 2326 1012 2390 notorius,
1066 2344 1183 2380 non
1236 2343 1456 2391 omnes,
1508 2343 1644 2380 cum
1695 2325 1874 2397 longa
1932 2330 1993 2380 et
2051 2324 2278 2396 prolixa
2325 2324 2501 2378 nimis

389 2408 426 2430 ‘⁶
467 2422 669 2461 corum
700 2409 958 2464 narratio
982 2409 1290 2474 extitisset,
1331 2409 1436 2465 sed
1472 2426 1542 2463 ex
1565 2409 1653 2464 eis
1686 2409 1914 2479 aliquos
1947 2409 2011 2463 in
2043 2408 2264 2463 eisdem
2288 2407 2502 2463 litteris

388 2491 425 2514 “
464 2490 847 2560 providimus,
890 2504 959 2549 ut
1008 2494 1294 2564 sequitur,
1334 2492 1683 2548 recitandos,
1759 2492 1925 2546 Idem
1961 2510 2213 2563 namque
2251 2491 2502 2546 Ludovi-

388 2575 425 2598 ‘⁴
465 2591 588 2638 eus,
633 2581 837 2631 eontra
871 2593 1180 2648 processus
1215 2576 1669 2648 praedecessoris
1707 2574 1991 2647 ejusdem,
2031 2580 2091 2630 et
2124 2575 2502 2630 inhibitiones

388 2660 425 2682 ‘⁶
466 2657 670 2728 ipsius,
699 2658 771 2714 de
797 2661 1040 2715 consilio
1063 2662 1315 2717 fratrum
1340 2678 1599 2725 suorum,
1629 2659 1894 2731 ejusdem
1918 2659 2196 2714 Romanae
2221 2659 2502 2714 Ecclesiae

388 2745 425 2767 “
467 2741 884 2807 cardinalium,
939 2745 1123 2801 factos
1160 2751 1221 2800 et
1254 2744 1504 2808 habitos,
1546 2744 1814 2798 diversas
1853 2742 2194 2814 spirituales
2246 2749 2306 2797 et
2357 2749 2503 2797 tem·

387 2829 424 2853 “
460 2826 690 2896 porales
738 2845 941 2899 poenas
978 2835 1039 2884 et
1073 2830 1390 2884 sententias
1441 2827 1823 2891 eontinenteS,
1865 2826 2109 2882 intravit
2144 2826 2399 2890 Italiam,
2442 2833 2502 2880 ct

387 2911 424 2935 ‘⁶
464 2911 772 2967 nonnullos
825 2912 1151 2977 haereticos,
1194 2912 1267 2966 de
1319 2912 1532 2966 hoeresi
1585 2909 1822 2982 publice
1859 2917 1919 2965 et
1951 2909 2180 2964 notorie
2230 2908 2498 2964 condem-

389 2996 424 3019 “
464 3000 649 3058 natos,
690 2996 751 3050 in
787 2997 1144 3051 consortium
1178 2995 1430 3067 publieae
1466 2994 1930 3065 participationis
1967 2993 2220 3056 admisit,
2249 2999 2309 3047 et
2344 3011 2498 3046 assc-

389 3080 426 3102 “
466 3095 601 3132 rens
669 3078 923 3134 haereses
991 3080 1352 3143 manifestari,
1431 3096 1499 3134 ao
1568 3076 1818 3131 favendo
1878 3094 2192 3147 secumque
2252 3077 2500 3131 tenendo

389 3165 426 3186 ‘⁴
466 3162 794 3227 haeretieos,
858 3163 1093 3234 publice
1169 3162 1630 3233 dogmatizantes
1696 3160 2112 3232 praedictarum
2185 3160 2499 3215 haeresium

389 3250 425 3270 ‘⁴
467 3244 840 3301 detestabiles
878 3254 939 3302 et
971 3247 1292 3303 horrendos
1345 3263 1591 3309 erroreS‚
1631 3245 1911 3299 haeretica
1954 3262 2185 3315 quoque
2227 3245 2501 3315 dogmata

389 3333 428 3354 ‘⁸
470 3330 741 3394 scienter,
772 3331 950 3385 immo
986 3332 1180 3402 potius
1220 3330 1538 3395 dementer,
1568 3328 1916 3400 approbanS‚
1946 3336 2005 3382 et
2041 3329 2102 3382 in
2140 3328 2496 3383 evidentiam

388 3417 426 3437 “
467 3413 898 3484 approbationis
950 3414 1306 3484 hujusmodi,
1361 3431 1432 3468 ea
1479 3429 1586 3484 per
1639 3411 1904 3466 diversas
1973 3411 2221 3476 litte-raa,
2299 3411 2500 3481 sigillo

387 3499 425 3521 ‘⁸
468 3514 575 3549 suo
629 3503 770 3551 noto
820 3497 1096 3561 munitaS,
1150 3496 1393 3551 deduxit
1428 3496 1491 3550 in
1526 3495 1778 3550 aliorum
1835 3494 2132 3566 publicam
2181 3496 2495 3550 notionem.

386 3582 425 3605 ‘⁸
469 3578 596 3633 Sibi
632 3581 809 3634 etiam
844 3599 1056 3635 nomen
1092 3580 1395 3651 imperiale
1451 3578 1822 3651 postmodum
1873 3596 2176 3650 usurpare,
2221 3586 2282 3633 et
2317 3578 2498 3633 admi-

388 3665 425 3688 “
465 3663 716 3718 nistrare
745 3664 885 3735 jura
919 3664 1153 3736 imperii
1189 3664 1252 3718 in
1288 3663 1492 3719 eadem
1541 3662 1721 3718 Italia
1773 3666 1834 3716 et
1880 3661 2247 3727 Alamannia,
2301 3668 2501 3718 contra

387 3750 425 3774 ‘⁴
465 3765 773 3819 processus
825 3753 886 3804 et
933 3748 954 3779 ⁵
969 3749 1345 3804 inhibitiones
1399 3747 1732 3818 praedictos,
1784 3745 2118 3802 detestabili
2168 3748 2499 3802 temeritate

387 3835 425 3858 ‘⁸‘
465 3834 858 3904 praesumpsit,
899 3850 969 3887 ex
1003 3832 1140 3898 hiis,
1190 3839 1405 3903 praeter
1440 3849 1642 3903 poenas
1681 3831 1846 3895 alias,
1889 3830 2497 3886 excommunicationis

388 3920 425 3942 ‘⁴
449 3922 529 3988 ⁴et
562 3916 947 3972 anathematis
986 3917 1305 3972 sententias
1341 3913 1725 3980 incurrendo;
1766 3922 1826 3968 et
1859 3914 2095 3969 tandem
2130 3932 2307 3969 ausus
2342 3913 2496 3968 ausi-

388 4004 426 4026 “
466 4000 596 4065 bus,
640 4007 699 4055 et
748 4019 1020 4056 excessus
1073 3999 1493 4057 accumulando
1541 3998 1895 4063 excessibus,
1954 4016 2016 4053 se
2072 3999 2332 4053 conferre
2383 4015 2498 4051 non

391 4086 429 4109 “
470 4085 706 4155 expavit
740 4083 813 4138 ad
861 4085 1088 4148 urbem,
1121 4083 1224 4138 ubi
1260 4085 1325 4138 in
1359 4083 1525 4138 illam
1558 4081 1841 4153 ‘nequitiae
1878 4082 2152 4152 prorupit
2187 4081 2494 4144 insaniam,

391 4173 428 4193 ‘⁴
470 4173 538 4223 ut
589 4168 904 4223 meditatus
958 4168 1091 4222 urbi
1128 4174 1191 4223 et
1229 4166 1357 4222 orbi
1410 4166 1767 4221 “universali
1819 4164 2154 4220 schismatis
2211 4163 2497 4218 suscitare

463 4472 476 4501 ¹
503 4469 681 4530 nebuli,
706 4471 854 4522 Harl.
880 4478 994 4523 655.
1489 4469 1690 4535 printed
1733 4474 1869 4518 texts
1913 4468 1973 4518 of
2015 4467 2370 4532 Walsingham
2394 4489 2407 4528 3
2466 4484 2498 4517 a

454 4551 475 4580 ²
491 4550 802 4614 presentari,
826 4551 969 4601 Harl.
997 4555 1109 4601 655.
1491 4548 1767 4613 preferable
1788 4546 2015 4612 reading.
2095 4555 2100 4562 ‘

456 4629 475 4658 ³
496 4635 545 4676 et
558 4636 795 4694 paterna,
819 4629 963 4679 Harl.
989 4635 1102 4682 655.
1559 4630 1579 4658 ⁸
1604 4624 1968 4692 prohibitiones,
1991 4626 2136 4677 Harl.
2162 4631 2275 4677 655.

456 4708 475 4736 ⁴
496 4705 747 4768 direxisse,
787 4708 841 4757 in
880 4708 1026 4758 Harl.
1052 4713 1148 4759 655
1183 4706 1285 4756 und
1317 4707 1402 4755 the
1562 4708 1582 4735 ⁰
1604 4704 1909 4768 universalis,
1932 4705 2077 4756 Harl.
2103 4710 2214 4756 ⁰55.

2180 4803 2221 4846 0
