3300 5617
744 692 829 755 40
1393 707 1651 757 'mmm
1698 705 2166 757 wALsmomffl

408 884 545 940 ΑΒ·
573 891 719 941 12⁹2·
742 889 985 947 tentiam
1034 890 1267 947 finalem
1315 908 1502 963 usque
1540 891 1601 947 in
1636 891 1854 948 festum
1908 891 2108 949 Sancti
2153 890 2484 958 Michaelis,
2537 891 2555 925 ¹
2572 892 2837 963 proximo
2860 911 2926 963 Bi

742 979 1072 1042 venturum,
1113 975 1385 1031 differens
1420 975 1846 1047 proferendam.

814 1059 901 1115 Eo
942 1065 1221 1132 tempore,
1277 1058 1545 1127 'Ericus,
1591 1059 1720 1116 Rex
1763 1059 2116 1132 Norwagiae,
2155 1059 2318 1117 venit
2350 1077 2546 1116 eoram
2582 1059 2842 1117 Consilio

2861 979 2975 1030 ΜΒ.
2997 948 3135 1028 snu'

2862 1046 2988 1123 Bag.
3016 1049 3070 1094 ω

742 1140 979 1198 Domini
1014 1142 1200 1216 Regis
1235 1143 1470 1216 Angliae
1506 1161 1612 1217 per
1647 1149 1967 1201 attornatos
1993 1163 2150 1209 suos,
2190 1151 2251 1200 et
2283 1144 2531 1216 protulit
2553 1143 2845 1215 quoddam
2864 1113 2924 1163 Ε
2949 1127 3019 1162 ¹¹⁶

743 1227 1026 1299 scriptum
1060 1226 1123 1281 in
1157 1225 1281 1283 haec
1306 1227 1591 1283 verba:—

412 1301 576 1356 Claim
599 1302 660 1354 of

410 1369 710 1436 Eric,King
749 1395 788 1422 ιι

408 1436 469 1487 of
482 1436 720 1503 Not-ny,
750 1479 788 1505 u

409 1508 463 1553 to
484 1502 569 1554 the

408 1583 577 1621 eroum
598 1570 660 1622 of
746 1564 786 1593 ⁸⁸

408 1634 664 1691 Seotland.
746 1649 787 1675 ⁴·

818 1313 855 1337 “
895 1309 1176 1367 Omnibus
1261 1319 1580 1383 praesentes
1653 1311 1883 1368 litteras
1966 1311 2320 1385 inspecturis
2390 1312 2488 1369 vel
2557 1310 2846 1368 audituris

824 1401 1023 1488 papeat
1074 1393 1391 1461 evidenter,
1434 1395 1593 1467 quod
1641 1414 1767 1462 nos,
1830 1396 2061 1463 Ericus,
2121 1397 2234 1452 Dei
2271 1398 2466 1469 gratia
2522 1397 2651 1451 Rex
2697 1396 2845 1451 Nor·

825 1480 1050 1551 wagioe,
1090 1484 1290 1535 tenore
1336 1481 1716 1551 praesentium
1765 1480 2029 1546 fecimus,
2104 1482 2533 1546 constituimus,
2587 1487 2650 1536 et
2698 1479 2851 1534 ordi-

820 1561 1108 1630 navimus,
1172 1568 1348 1635 prout
1404 1562 1477 1619 de
1522 1563 1659 1637 jure
1709 1569 1770 1621 et
1825 1565 1978 1620 facto
2029 1565 2239 1621 melius
2295 1567 2484 1622 faeere
2532 1565 2847 1636 potuimus,

824 1653 1052 1703 nostros
1111 1665 1282 1703 veros
1338 1652 1398 1703 et
1455 1647 1754 1719 legitimos
1807 1653 2145 1713 attornatos,
2218 1653 2279 1704 et
2334 1654 2739 1726 procuratores
2791 1651 2851 1701 et

747 1733 786 1758 “
824 1731 1065 1787 nuncios
1129 1731 1430 1804 speciales,
1488 1731 1746 1788 nobilem
1797 1732 1994 1787 virum
2039 1731 2355 1787 Aduenum
2404 1732 2478 1787 de
2532 1732 2723 1802 Hagr,
2789 1735 2853 1784 et

746 1816 786 1842 ‘⁴
824 1814 1179 1886 Magistrum
1224 1815 1305 1871 H.
1398 1814 1723 1871 Plebanum
1796 1815 2003 1887 plebis,
2061 1814 2135 1870 de
2189 1815 2530 1871 Castillione
2578 1815 2855 1870 Arretino

748 1901 786 1926 ‘⁴
826 1898 1063 1953 Domini
1099 1899 1274 1971 Papae
1311 1898 1712 1971 capellanum,
1764 1905 1825 1953 et
1863 1899 2219 1970 Magistrum
2264 1896 2368 1953 ⁸1³.
2420 1899 2729 1970 Algorum‚
2781 1897 2858 1953 ad

749 1984 787 2009 ‘¹
826 1982 846 2015 ⁴
861 1982 1333 2054 compariendum
1382 2000 1489 2055 pro
1523 1982 1710 2047 nobis,
1768 1988 1830 2038 et
1862 1983 1991 2038 vice
2036 1989 2252 2048 nostra,
2304 1999 2502 2038 coram
2551 1981 2854 2037 excellenti

749 2068 786 2093 ‘⁴
824 2065 1117 2137 Principe,
1147 2065 1416 2133 Domino,
1446 2065 1559 2122 Dei
1586 2066 1803 2138 gratia,
1831 2065 2138 2132 Edwardo,
2167 2066 2332 2137 Rege
2353 2066 2589 2137 Angliae
2615 2066 2850 2130 illustri,

750 2152 789 2177 ‘⁴
828 2156 889 2206 et
940 2150 1226 2223 superiori
1266 2149 1500 2206 domino
1552 2151 1723 2222 regni
1764 2150 2011 2217 Scotioe3
2051 2157 2112 2205 et
2145 2150 2221 2206 ad
2268 2149 2583 2222 petendum
2622 2150 2853 2205 nomine

749 2235 789 2261 “
826 2240 1042 2300 nostro,
1104 2239 1382 2306 tanquam
1439 2251 1544 2306 per
1595 2234 1956 2306 superiorem
2015 2233 2314 2289 dominum
2383 2234 2553 2305 regni
2620 2233 2849 2298 scotiae,

751 2319 788 2344 ‘⁶
827 2316 993 2373 nobis
1030 2316 1355 2389 adjudicari
1390 2335 1639 2388 regnum
1680 2317 1892 2374 Scotiae
1928 2316 2349 2389 supradictum,
2403 2335 2538 2372 cum
2587 2316 2852 2371 omnibus

750 2403 789 2428 u

749 2486 789 2512 u

820 2400 1058 2473 juribus
1082 2408 1144 2458 et
1176 2401 1546 2473 pertinentiis
1584 2402 1745 2469 suis;
1790 2419 1925 2458 cum
1963 2401 2156 2473 ipsum
2178 2419 2429 2472 regnum
2463 2418 2568 2472 per
2604 2406 2848 2456 mortem

828 2483 1092 2540 Dominae
1145 2484 1516 2557 Margaretoe,
1572 2485 1712 2540 ffliae
1761 2493 1994 2550 nostrae,
2036 2485 2177 2539 olim
2213 2485 2477 2539 Dominae
2514 2491 2575 2539 et
2608 2482 2851 2554 Regium

825 2568 995 2640 regui
1036 2567 1264 2634 Scotiae,
1306 2569 1386 2624 sit
1415 2569 1617 2626 adlnos
1647 2569 1784 2641 jure
1807 2568 2179 2624 haereditario
2204 2566 2542 2624 devolutum
2565 2567 2847 2637 legitime.

749 2653 788 2678 “
826 2651 999 2717 Item,
1074 2650 1148 2706 ad
1205 2650 1520 2723 petendum
1578 2652 1812 2708 nomine
1871 2658 2070 2707 nostro
2140 2651 2464 2723 adjudicari
2533 2651 2720 2716 nobis,
2793 2655 2854 2706 et

749 2737 788 2763 ‘⁸
824 2733 1084 2807 praesatis
1139 2736 1445 2792 attornatis
1497 2742 1559 2792 et
1604 2736 2078 2809 procuratoribus
2131 2735 2344 2792 nostris
2398 2735 2707 2807 assignari,
2745 2751 2853 2805 pro

746 2822 785 2847 ‘⁴
823 2819 1010 2886 nobis,
1067 2820 1292 2876 fructus
1352 2826 1414 2876 et
1464 2820 1730 2877 redditus
1768 2821 1939 2891 regni
1992 2820 2204 2876 Scotiae
2258 2825 2508 2892 quatuor
2543 2836 2844 2883 annorum,

746 2906 785 2931 ‘⁶
825 2905 928 2976 qui
987 2904 1279 2960 fluxerunt
1326 2923 1365 2960 a
1414 2910 1675 2977 tempore
1735 2904 1941 2960 mortis
2002 2905 2239 2959 Domini
2290 2903 2629 2970 Alexandri,
2685 2903 2848 2959 bonae

746 2990 785 3016 ‘⁸
823 2989 1138 3054 memoriae,
1191 2988 1482 3060 quondam
1532 2989 1719 3061 Regis
1781 2989 2011 3055 Scotiae,
2065 3006 2253 3060 usque
2304 2988 2380 3044 ad
2437 2988 2595 3043 diem
2645 2988 2848 3043 mortis

744 3074 785 3099 ‘⁸
825 3071 1090 3128 Dominae
1148 3071 1520 3145 Margaretoe,
1582 3073 1720 3128 filiae
1777 3079 2010 3139 nostrae,
2072 3071 2213 3128 olim
2273 3072 2537 3129 Dominae
2606 3072 2849 3143 Regium

746 3159 787 3185 ‘⁸
828 3157 1150 3223 Scotorum,
1210 3158 1311 3229 qui
1364 3158 1622 3230 percepti
1679 3164 1817 3215 sunt
1849 3157 1945 3214 vel
1979 3158 2202 3229 percipi
2237 3163 2553 3228 potuerunt
2586 3156 2660 3212 de
2696 3155 2851 3212 dicto

747 3242 787 3268 ‘⁸
824 3257 1025 3311 regn0,
1081 3259 1217 3296 oum
1268 3240 1345 3297 ad
1392 3259 1497 3298 nos
1552 3241 1695 3298 dicti
1749 3242 1975 3298 fructus
2026 3260 2129 3297 seu
2178 3237 2442 3297 redditus
2492 3241 2663 3313 pleno
2713 3241 2850 3313 jure

748 3326 787 3351 ‘⁶
825 3325 1185 3396 pertineant;
1260 3330 1408 3392 tum,
1502 3326 1643 3398 quia
1713 3326 1934 3382 fuimus
2022 3326 2326 3398 legitimus
2415 3325 2848 3381 administrator

748 3411 787 3436 ‘⁸
825 3408 1106 3464 bonorum
1155 3409 1400 3481 Reginae
1450 3411 1729 3481 praefatae,
1783 3429 1920 3467 cum
1970 3411 2236 3475 viveret5
2290 3415 2420 3466 tum
2474 3410 2671 3475 etiam,
2711 3412 2851 3482 quia

748 3495 787 3519 “
826 3492 1034 3564 gravia
1084 3510 1467 3565 expensarum
1503 3500 1565 3550 et
1599 3500 1940 3567 sumptuum
1970 3513 2146 3550 onera
2180 3494 2566 3550 sustinuimus
2616 3501 2850 3566 propter

746 3578 788 3603 ‘⁸
827 3593 973 3642 eam,
1014 3574 1156 3632 dum
1190 3576 1253 3631 in
1286 3594 1469 3648 regno
1504 3577 1840 3650 Norwagiae
1890 3596 2115 3634 moram
2149 3579 2346 3644 traxit,
2387 3584 2448 3634 et
2479 3577 2849 3650 postmodum

748 3662 788 3687 “
826 3660 1110 3716 mittendo
1146 3678 1275 3716 eam
1311 3660 1387 3716 ad
1419 3679 1672 3733 regnum
1706 3681 1879 3718 suum
1917 3662 2129 3719 Scotiae
2165 3662 2583 3735 supradictum.
2675 3662 2846 3729 Item,

749 3746 788 3772 ‘⁶
827 3744 903 3800 ad
938 3744 1252 3817 petendum
1285 3746 1518 3801 nomine
1553 3753 1752 3803 nostro
1787 3746 2158 3803 condemnari
2193 3748 2641 3803 universitatem
2679 3749 2850 3819 regni

750 3832 788 3856 ‘⁸
831 3829 1060 3895 Scotiae,
1116 3835 1179 3886 et
1226 3829 1423 3902 ipsum
1470 3848 1739 3903 regnum,
1794 3830 1868 3886 ad
1922 3830 2265 3887 solvendum
2317 3831 2483 3887 nobis
2538 3850 2643 3888 seu
2679 3831 2850 3888 dictis

751 3917 788 3940 ⁸⁸
828 3913 1134 3970 attornatis
1158 3919 1220 3972 et
1240 3915 1713 3986 procuratoribus
1741 3915 1976 3979 nostris,
2015 3916 2433 3988 recipientibus
2469 3917 2596 3972 vice
2632 3923 2846 3982 nostra,

751 4000 790 4024 “
829 4015 1060 4070 poenam
1113 4005 1349 4054 eentum
1407 3997 1661 4054 millium
1713 3999 1996 4055 librarum
2057 4000 2490 4072 sterlingorum,
2554 4001 2618 4055 in
2677 4019 2850 4072 quam

751 4084 790 4109 ‘⁸
830 4081 1160 4138 inciderunt
1194 4082 1545 4139 universitas
1603 4084 1849 4155 praefata
1900 4090 1961 4140 et
2007 4102 2256 4156 regnum
2313 4084 2678 4156 praedietum,
2737 4104 2852 4141 non

819 4394 833 4426 ¹
844 4393 1002 4460 priano
1022 4393 1075 4446 in
1097 4391 1183 4445 the
1198 4393 1397 4458 printed
1416 4402 1563 4448 texts.
1912 4395 2145 4449 ‘Petrum
2166 4397 2222 4449 in
2245 4398 2333 4451 the
2353 4399 2552 4466 printed
2569 4407 2720 4452 texts.

818 4473 1456 4528 ‘Thi-numenium&
1490 4474 1753 4529 innlnter
1911 4478 2318 4545 ‘ou-persenam
2383 4478 2437 4531 in
2493 4480 2580 4532 the
2633 4480 2847 4546 printed.

751 4551 903 4604 hand.
1842 4563 1990 4609 texts.
