<?xml version="1.0" encoding="UTF-8"?>
<!DOCTYPE html PUBLIC "-//W3C//DTD XHTML 1.0 Transitional//EN"
    "http://www.w3.org/TR/xhtml1/DTD/xhtml1-transitional.dtd">
<html xmlns="http://www.w3.org/1999/xhtml" xml:lang="en" lang="en">
 <head>
  <title>
</title>
<meta http-equiv="Content-Type" content="text/html;charset=utf-8" />
  <meta name='ocr-system' content='tesseract 3.04.00' />
  <meta name='ocr-capabilities' content='ocr_page ocr_carea ocr_par ocr_line ocrx_word'/>
</head>
<body>
  <div class='ocr_page' id='page_1' title='image "./thomaewalsingha00unkngoog_0587.png"; bbox 0 0 3300 5617; ppageno 0'>
   <div class='ocr_carea' id='block_1_1' title="bbox 1068 774 2512 840">
    <p class='ocr_par' dir='ltr' id='par_1_1' title="bbox 1068 774 2512 840">
     <span class='ocr_line' id='line_1_1' title="bbox 1068 774 2512 840; baseline 0.007 -12"><span class='ocrx_word' id='word_1_1' title='bbox 1068 777 1393 828; x_wconf 72' lang='lat' dir='ltr'><strong>HISTORIA</strong></span> <span class='ocrx_word' id='word_1_2' title='bbox 1434 777 1852 833; x_wconf 61' lang='lat' dir='ltr'><strong>moneam.</strong></span> <span class='ocrx_word' id='word_1_3' title='bbox 2383 774 2512 840; x_wconf 81' lang='lat'><strong>465</strong></span> 
     </span>
    </p>
   </div>
   <div class='ocr_carea' id='block_1_2' title="bbox 76 919 2853 3884">
    <p class='ocr_par' dir='ltr' id='par_1_2' title="bbox 76 919 2846 1022">
     <span class='ocr_line' id='line_1_2' title="bbox 76 919 2846 1022; baseline 0.007 -19"><span class='ocrx_word' id='word_1_4' title='bbox 76 919 148 973; x_wconf 73' lang='lat'><strong>3·</strong></span> <span class='ocrx_word' id='word_1_5' title='bbox 189 926 362 983; x_wconf 85' lang='lat' dir='ltr'><strong>Bibl.</strong></span> <span class='ocrx_word' id='word_1_6' title='bbox 420 948 607 1005; x_wconf 87' lang='lat' dir='ltr'><strong>modis</strong></span> <span class='ocrx_word' id='word_1_7' title='bbox 666 951 847 1008; x_wconf 82' lang='lat' dir='ltr'><strong>vellet</strong></span> <span class='ocrx_word' id='word_1_8' title='bbox 904 951 966 1007; x_wconf 90' lang='lat' dir='ltr'><strong>in</strong></span> <span class='ocrx_word' id='word_1_9' title='bbox 1024 952 1274 1010; x_wconf 79' lang='lat' dir='ltr'><strong>militem</strong></span> <span class='ocrx_word' id='word_1_10' title='bbox 1332 954 1556 1010; x_wconf 89' lang='lat' dir='ltr'><strong>irruere</strong></span> <span class='ocrx_word' id='word_1_11' title='bbox 1617 955 1950 1020; x_wconf 83' lang='lat' dir='ltr'>furibunde,</span> <span class='ocrx_word' id='word_1_12' title='bbox 2012 964 2382 1015; x_wconf 82' lang='lat' dir='ltr'><strong>accesserunt</strong></span> <span class='ocrx_word' id='word_1_13' title='bbox 2439 960 2514 1015; x_wconf 87' lang='lat' dir='ltr'><strong>ad</strong></span> <span class='ocrx_word' id='word_1_14' title='bbox 2537 966 2846 1022; x_wconf 79' lang='lat' dir='ltr'><strong>A.D.1381.</strong></span> 
     </span>
    </p>

    <p class='ocr_par' dir='ltr' id='par_1_3' title="bbox 76 1019 2847 1125">
     <span class='ocr_line' id='line_1_3' title="bbox 76 1019 2847 1125; baseline 0.005 -38"><span class='ocrx_word' id='word_1_15' title='bbox 76 1024 168 1087; x_wconf 59' lang='grc' dir='ltr'><strong>’δ’</strong></span> <span class='ocrx_word' id='word_1_16' title='bbox 221 1019 297 1064; x_wconf 75' lang='lat'><strong>¹³</strong></span> <span class='ocrx_word' id='word_1_17' title='bbox 420 1033 661 1104; x_wconf 76' lang='lat' dir='ltr'><strong>Regem,</strong></span> <span class='ocrx_word' id='word_1_18' title='bbox 715 1038 814 1108; x_wconf 87' lang='lat' dir='ltr'><strong>qui</strong></span> <span class='ocrx_word' id='word_1_19' title='bbox 873 1037 1045 1108; x_wconf 84' lang='lat' dir='ltr'><strong>juxta</strong></span> <span class='ocrx_word' id='word_1_20' title='bbox 1106 1039 1356 1103; x_wconf 85' lang='lat' dir='ltr'><strong>stabant,</strong></span> <span class='ocrx_word' id='word_1_21' title='bbox 1425 1039 1617 1111; x_wconf 85' lang='lat' dir='ltr'><strong>Major</strong></span> <span class='ocrx_word' id='word_1_22' title='bbox 1676 1040 2133 1110; x_wconf 82' lang='lat' dir='ltr'><strong>Londoniarum,</strong></span> <span class='ocrx_word' id='word_1_23' title='bbox 2178 1043 2510 1099; x_wconf 88' lang='lat' dir='ltr'><strong>Willelmus</strong></span> <span class='ocrx_word' id='word_1_24' title='bbox 2536 1058 2646 1109; x_wconf 68' lang='lat' dir='ltr'><strong>The</strong></span> <span class='ocrx_word' id='word_1_25' title='bbox 2661 1060 2847 1125; x_wconf 76' lang='lat' dir='ltr'><strong>Mayor</strong></span> 
     </span>
    </p>

    <p class='ocr_par' dir='ltr' id='par_1_4' title="bbox 99 1090 2853 1520">
     <span class='ocr_line' id='line_1_4' title="bbox 99 1090 2833 1204; baseline 0.004 -32"><span class='ocrx_word' id='word_1_26' title='bbox 99 1090 224 1132; x_wconf 54' lang='lat'><strong>¹³⁶</strong></span> <span class='ocrx_word' id='word_1_27' title='bbox 418 1117 756 1184; x_wconf 81' lang='lat' dir='ltr'><strong>Walworth,</strong></span> <span class='ocrx_word' id='word_1_28' title='bbox 808 1126 869 1177; x_wconf 89' lang='lat' dir='ltr'><strong>et</strong></span> <span class='ocrx_word' id='word_1_29' title='bbox 915 1120 1114 1193; x_wconf 88' lang='lat' dir='ltr'><strong>plures</strong></span> <span class='ocrx_word' id='word_1_30' title='bbox 1167 1121 1240 1178; x_wconf 86' lang='lat' dir='ltr'><strong>de</strong></span> <span class='ocrx_word' id='word_1_31' title='bbox 1289 1123 1578 1179; x_wconf 78' lang='lat' dir='ltr'><strong>militibus</strong></span> <span class='ocrx_word' id='word_1_32' title='bbox 1633 1129 1698 1179; x_wconf 91' lang='lat' dir='ltr'><strong>et</strong></span> <span class='ocrx_word' id='word_1_33' title='bbox 1745 1125 2057 1196; x_wconf 75' lang='lat' dir='ltr'><strong>armigeris</strong></span> <span class='ocrx_word' id='word_1_34' title='bbox 2111 1127 2315 1198; x_wconf 83' lang='lat' dir='ltr'><strong>regiis,</strong></span> <span class='ocrx_word' id='word_1_35' title='bbox 2358 1145 2512 1182; x_wconf 83' lang='lat' dir='ltr'><strong>asse·</strong></span> <span class='ocrx_word' id='word_1_36' title='bbox 2535 1126 2595 1204; x_wconf 75' lang='lat' dir='ltr'><strong>pf</strong></span> <span class='ocrx_word' id='word_1_37' title='bbox 2619 1127 2833 1178; x_wconf 87' lang='lat' dir='ltr'><strong>London</strong></span> 
     </span>
     <span class='ocr_line' id='line_1_5' title="bbox 415 1198 2807 1282; baseline 0.006 -27"><span class='ocrx_word' id='word_1_38' title='bbox 415 1208 610 1258; x_wconf 88' lang='lat' dir='ltr'><strong>rentes</strong></span> <span class='ocrx_word' id='word_1_39' title='bbox 660 1204 911 1261; x_wconf 77' lang='lat' dir='ltr'><strong>dedecus</strong></span> <span class='ocrx_word' id='word_1_40' title='bbox 962 1205 1291 1263; x_wconf 88' lang='lat' dir='ltr'><strong>inauditum</strong></span> <span class='ocrx_word' id='word_1_41' title='bbox 1326 1212 1388 1263; x_wconf 90' lang='lat' dir='ltr'><strong>et</strong></span> <span class='ocrx_word' id='word_1_42' title='bbox 1422 1208 1872 1274; x_wconf 77' lang='lat' dir='ltr'><strong>interminabile,</strong></span> <span class='ocrx_word' id='word_1_43' title='bbox 1913 1210 1984 1275; x_wconf 91' lang='lat' dir='ltr'><strong>si,</strong></span> <span class='ocrx_word' id='word_1_44' title='bbox 2035 1209 2157 1266; x_wconf 88' lang='lat' dir='ltr'><strong>illis</strong></span> <span class='ocrx_word' id='word_1_45' title='bbox 2211 1213 2511 1282; x_wconf 83' lang='lat' dir='ltr'><strong>praesenti-</strong></span> <span class='ocrx_word' id='word_1_46' title='bbox 2533 1198 2807 1270; x_wconf 50' lang='lat' dir='ltr'><strong>{meumes</strong></span> 
     </span>
     <span class='ocr_line' id='line_1_6' title="bbox 413 1260 2853 1377; baseline 0.005 -36"><span class='ocrx_word' id='word_1_47' title='bbox 413 1285 542 1352; x_wconf 87' lang='lat' dir='ltr'><strong>bus,</strong></span> <span class='ocrx_word' id='word_1_48' title='bbox 606 1287 732 1344; x_wconf 83' lang='lat' dir='ltr'><strong>Rex</strong></span> <span class='ocrx_word' id='word_1_49' title='bbox 789 1290 1157 1362; x_wconf 88' lang='lat' dir='ltr'><strong>permitteret</strong></span> <span class='ocrx_word' id='word_1_50' title='bbox 1213 1290 1470 1347; x_wconf 87' lang='lat' dir='ltr'><strong>nobilem</strong></span> <span class='ocrx_word' id='word_1_51' title='bbox 1528 1292 1779 1348; x_wconf 90' lang='lat' dir='ltr'><strong>militem</strong></span> <span class='ocrx_word' id='word_1_52' title='bbox 1828 1300 1950 1349; x_wconf 88' lang='lat' dir='ltr'><strong>tam</strong></span> <span class='ocrx_word' id='word_1_53' title='bbox 1999 1295 2284 1366; x_wconf 73' lang='lat' dir='ltr'><strong>pudendae</strong></span> <span class='ocrx_word' id='word_1_54' title='bbox 2334 1298 2509 1351; x_wconf 87' lang='lat' dir='ltr'><strong>morti</strong></span> <span class='ocrx_word' id='word_1_55' title='bbox 2531 1260 2853 1377; x_wconf 43' lang='lat' dir='ltr'><strong>{Jeffilgzlsof</strong></span> 
     </span>
     <span class='ocr_line' id='line_1_7' title="bbox 415 1366 2760 1447; baseline 0.006 -23"><span class='ocrx_word' id='word_1_56' title='bbox 415 1371 790 1428; x_wconf 84' lang='lat' dir='ltr'><strong>succumbere</strong></span> <span class='ocrx_word' id='word_1_57' title='bbox 849 1390 1044 1430; x_wconf 89' lang='lat' dir='ltr'><strong>coram</strong></span> <span class='ocrx_word' id='word_1_58' title='bbox 1104 1390 1191 1430; x_wconf 90' lang='lat' dir='ltr'><strong>eo.</strong></span> <span class='ocrx_word' id='word_1_59' title='bbox 1291 1373 1657 1447; x_wconf 75' lang='lat' dir='ltr'><strong>Quapropter</strong></span> <span class='ocrx_word' id='word_1_60' title='bbox 1711 1379 2167 1434; x_wconf 89' lang='lat' dir='ltr'><strong>succurrendum</strong></span> <span class='ocrx_word' id='word_1_61' title='bbox 2221 1380 2345 1435; x_wconf 88' lang='lat' dir='ltr'><strong>fore</strong></span> <span class='ocrx_word' id='word_1_62' title='bbox 2395 1381 2509 1437; x_wconf 89' lang='lat' dir='ltr'><strong>sibi</strong></span> <span class='ocrx_word' id='word_1_63' title='bbox 2749 1366 2760 1378; x_wconf 59' lang='grc'><strong><em>’</em></strong></span> 
     </span>
     <span class='ocr_line' id='line_1_8' title="bbox 414 1455 1524 1520; baseline 0.006 -12"><span class='ocrx_word' id='word_1_64' title='bbox 414 1455 680 1520; x_wconf 89' lang='lat' dir='ltr'><strong>celerius,</strong></span> <span class='ocrx_word' id='word_1_65' title='bbox 709 1462 770 1512; x_wconf 90' lang='lat' dir='ltr'><strong>et</strong></span> <span class='ocrx_word' id='word_1_66' title='bbox 802 1456 1095 1513; x_wconf 86' lang='lat' dir='ltr'><strong>ribaldum</strong></span> <span class='ocrx_word' id='word_1_67' title='bbox 1130 1459 1524 1515; x_wconf 87' lang='lat' dir='ltr'><strong>arestandum.</strong></span> 
     </span>
    </p>

    <p class='ocr_par' dir='ltr' id='par_1_5' title="bbox 415 1537 2843 1699">
     <span class='ocr_line' id='line_1_9' title="bbox 484 1537 2843 1625; baseline 0.005 -31"><span class='ocrx_word' id='word_1_68' title='bbox 484 1537 705 1608; x_wconf 80' lang='lat' dir='ltr'><strong>Quibus</strong></span> <span class='ocrx_word' id='word_1_69' title='bbox 761 1540 994 1607; x_wconf 85' lang='lat' dir='ltr'><strong>auditis,</strong></span> <span class='ocrx_word' id='word_1_70' title='bbox 1063 1541 1206 1605; x_wconf 82' lang='lat' dir='ltr'><strong>Rex,</strong></span> <span class='ocrx_word' id='word_1_71' title='bbox 1267 1561 1597 1615; x_wconf 78' lang='lat' dir='ltr'><strong>quanquam</strong></span> <span class='ocrx_word' id='word_1_72' title='bbox 1658 1561 1804 1616; x_wconf 90' lang='lat' dir='ltr'><strong>puer</strong></span> <span class='ocrx_word' id='word_1_73' title='bbox 1857 1552 2014 1602; x_wconf 88' lang='lat' dir='ltr'><strong>esset</strong></span> <span class='ocrx_word' id='word_1_74' title='bbox 2071 1552 2133 1602; x_wconf 88' lang='lat' dir='ltr'><strong>et</strong></span> <span class='ocrx_word' id='word_1_75' title='bbox 2198 1548 2505 1604; x_wconf 76' lang='lat' dir='ltr'><strong>tenerioris</strong></span> <span class='ocrx_word' id='word_1_76' title='bbox 2530 1547 2641 1625; x_wconf 58' lang='lat' dir='ltr'><strong>{Phe</strong></span> <span class='ocrx_word' id='word_1_77' title='bbox 2658 1548 2843 1616; x_wconf 73' lang='lat' dir='ltr'><strong>Mayor</strong></span> 
     </span>
     <span class='ocr_line' id='line_1_10' title="bbox 415 1619 2805 1699; baseline 0.005 -22"><span class='ocrx_word' id='word_1_78' title='bbox 415 1624 620 1688; x_wconf 84' lang='lat' dir='ltr'><strong>aetatis,</strong></span> <span class='ocrx_word' id='word_1_79' title='bbox 666 1631 944 1697; x_wconf 90' lang='lat' dir='ltr'><strong>concepta</strong></span> <span class='ocrx_word' id='word_1_80' title='bbox 995 1625 1255 1691; x_wconf 84' lang='lat' dir='ltr'><strong>audacia,</strong></span> <span class='ocrx_word' id='word_1_81' title='bbox 1303 1626 1486 1697; x_wconf 89' lang='lat' dir='ltr'><strong>jussit</strong></span> <span class='ocrx_word' id='word_1_82' title='bbox 1531 1626 1747 1699; x_wconf 87' lang='lat' dir='ltr'><strong>Majori</strong></span> <span class='ocrx_word' id='word_1_83' title='bbox 1799 1628 2232 1685; x_wconf 86' lang='lat' dir='ltr'><strong>Londoniarum</strong></span> <span class='ocrx_word' id='word_1_84' title='bbox 2267 1636 2336 1687; x_wconf 91' lang='lat' dir='ltr'><strong>ut</strong></span> <span class='ocrx_word' id='word_1_85' title='bbox 2370 1649 2505 1687; x_wconf 89' lang='lat' dir='ltr'><strong>eum</strong></span> <span class='ocrx_word' id='word_1_86' title='bbox 2530 1630 2574 1663; x_wconf 82' lang='lat'><strong>¹⁸</strong></span> <span class='ocrx_word' id='word_1_87' title='bbox 2596 1619 2805 1668; x_wconf 75' lang='lat' dir='ltr'><strong>ordered</strong></span> 
     </span>
    </p>

    <p class='ocr_par' dir='ltr' id='par_1_6' title="bbox 327 1688 2822 3042">
     <span class='ocr_line' id='line_1_11' title="bbox 327 1688 2760 1813; baseline 0.005 -53"><span class='ocrx_word' id='word_1_88' title='bbox 327 1716 338 1725; x_wconf 84' lang='lat'><strong>·</strong></span> <span class='ocrx_word' id='word_1_89' title='bbox 413 1712 710 1765; x_wconf 87' lang='lat' dir='ltr'><strong>arestaret.</strong></span> <span class='ocrx_word' id='word_1_90' title='bbox 808 1708 1000 1782; x_wconf 86' lang='lat' dir='ltr'><strong>Major</strong></span> <span class='ocrx_word' id='word_1_91' title='bbox 1053 1715 1266 1775; x_wconf 89' lang='lat' dir='ltr'><strong>autem,</strong></span> <span class='ocrx_word' id='word_1_92' title='bbox 1317 1710 1411 1766; x_wconf 82' lang='lat' dir='ltr'><strong>vir</strong></span> <span class='ocrx_word' id='word_1_93' title='bbox 1470 1711 1939 1783; x_wconf 87' lang='lat' dir='ltr'><strong>incomparabilis</strong></span> <span class='ocrx_word' id='word_1_94' title='bbox 1999 1713 2385 1770; x_wconf 71' lang='lat' dir='ltr'><strong>animositatis</strong></span> <span class='ocrx_word' id='word_1_95' title='bbox 2446 1722 2507 1771; x_wconf 91' lang='lat' dir='ltr'><strong>et</strong></span> <span class='ocrx_word' id='word_1_96' title='bbox 2524 1688 2760 1813; x_wconf 49' lang='lat' dir='ltr'><strong>tqqugest</strong></span> 
     </span>
     <span class='ocr_line' id='line_1_12' title="bbox 412 1787 2701 1872; baseline 0.004 -27"><span class='ocrx_word' id='word_1_97' title='bbox 412 1790 687 1856; x_wconf 72' lang='lat' dir='ltr'><strong>audacias,</strong></span> <span class='ocrx_word' id='word_1_98' title='bbox 751 1791 1146 1849; x_wconf 79' lang='lat' dir='ltr'><strong>indubitanter</strong></span> <span class='ocrx_word' id='word_1_99' title='bbox 1205 1810 1339 1848; x_wconf 90' lang='lat' dir='ltr'><strong>eum</strong></span> <span class='ocrx_word' id='word_1_100' title='bbox 1389 1793 1549 1849; x_wconf 88' lang='lat' dir='ltr'><strong>illico</strong></span> <span class='ocrx_word' id='word_1_101' title='bbox 1603 1797 1901 1860; x_wconf 83' lang='lat' dir='ltr'><strong>arestavit,</strong></span> <span class='ocrx_word' id='word_1_102' title='bbox 1956 1796 2168 1853; x_wconf 85' lang='lat' dir='ltr'><strong>librato</strong></span> <span class='ocrx_word' id='word_1_103' title='bbox 2218 1798 2340 1854; x_wconf 88' lang='lat' dir='ltr'><strong>ictu</strong></span> <span class='ocrx_word' id='word_1_104' title='bbox 2375 1798 2504 1872; x_wconf 88' lang='lat' dir='ltr'><strong>ejus</strong></span> <span class='ocrx_word' id='word_1_105' title='bbox 2688 1787 2701 1800; x_wconf 76' lang='lat'>&#39;</span> 
     </span>
     <span class='ocr_line' id='line_1_13' title="bbox 411 1875 2502 1949; baseline 0.004 -21"><span class='ocrx_word' id='word_1_106' title='bbox 411 1875 605 1946; x_wconf 85' lang='lat' dir='ltr'><strong>capiti,</strong></span> <span class='ocrx_word' id='word_1_107' title='bbox 652 1876 753 1947; x_wconf 87' lang='lat' dir='ltr'><strong>qui</strong></span> <span class='ocrx_word' id='word_1_108' title='bbox 790 1894 924 1932; x_wconf 88' lang='lat' dir='ltr'><strong>eum</strong></span> <span class='ocrx_word' id='word_1_109' title='bbox 959 1877 1278 1949; x_wconf 88' lang='lat' dir='ltr'><strong>plurimum</strong></span> <span class='ocrx_word' id='word_1_110' title='bbox 1329 1877 1715 1949; x_wconf 74' lang='lat' dir='ltr'><strong>perturbavit.</strong></span> <span class='ocrx_word' id='word_1_111' title='bbox 1812 1878 1896 1935; x_wconf 87' lang='lat' dir='ltr'><strong>At</strong></span> <span class='ocrx_word' id='word_1_112' title='bbox 1947 1898 2082 1935; x_wconf 82' lang='lat' dir='ltr'><strong>mox</strong></span> <span class='ocrx_word' id='word_1_113' title='bbox 2116 1882 2189 1936; x_wconf 91' lang='lat' dir='ltr'><strong>ab</strong></span> <span class='ocrx_word' id='word_1_114' title='bbox 2225 1882 2358 1938; x_wconf 91' lang='lat' dir='ltr'><strong>aliis</strong></span> <span class='ocrx_word' id='word_1_115' title='bbox 2394 1883 2502 1937; x_wconf 91' lang='lat' dir='ltr'><strong>mi·</strong></span> 
     </span>
     <span class='ocr_line' id='line_1_14' title="bbox 409 1959 2753 2042; baseline 0.005 -29"><span class='ocrx_word' id='word_1_116' title='bbox 409 1959 609 2015; x_wconf 88' lang='lat' dir='ltr'><strong>nistris</strong></span> <span class='ocrx_word' id='word_1_117' title='bbox 662 1960 846 2031; x_wconf 90' lang='lat' dir='ltr'><strong>regiis</strong></span> <span class='ocrx_word' id='word_1_118' title='bbox 894 1961 1334 2026; x_wconf 74' lang='lat' dir='ltr'><strong>circumclusae,</strong></span> <span class='ocrx_word' id='word_1_119' title='bbox 1374 1961 1589 2032; x_wconf 81' lang='lat' dir='ltr'><strong>gladiis</strong></span> <span class='ocrx_word' id='word_1_120' title='bbox 1630 1961 1880 2018; x_wconf 82' lang='lat' dir='ltr'><strong>diversis</strong></span> <span class='ocrx_word' id='word_1_121' title='bbox 1934 1964 1996 2019; x_wconf 88' lang='lat' dir='ltr'><strong>in</strong></span> <span class='ocrx_word' id='word_1_122' title='bbox 2049 1965 2191 2021; x_wconf 89' lang='lat' dir='ltr'><strong>locis</strong></span> <span class='ocrx_word' id='word_1_123' title='bbox 2246 1967 2503 2039; x_wconf 86' lang='lat' dir='ltr'><strong>corporis</strong></span> <span class='ocrx_word' id='word_1_124' title='bbox 2528 1977 2686 2042; x_wconf 68' lang='lat' dir='ltr'><strong>Tylen·</strong></span> <span class='ocrx_word' id='word_1_125' title='bbox 2709 1979 2753 2029; x_wconf 80' lang='lat' dir='ltr'><strong>is</strong></span> 
     </span>
     <span class='ocr_line' id='line_1_15' title="bbox 406 2044 2670 2120; baseline 0.004 -21"><span class='ocrx_word' id='word_1_126' title='bbox 406 2044 945 2111; x_wconf 60' lang='lat' dir='ltr'><strong>transverberatum</strong></span> <span class='ocrx_word' id='word_1_127' title='bbox 973 2062 1364 2117; x_wconf 87' lang='lat' dir='ltr'><strong>corruensque</strong></span> <span class='ocrx_word' id='word_1_128' title='bbox 1398 2044 1470 2100; x_wconf 91' lang='lat' dir='ltr'><strong>de</strong></span> <span class='ocrx_word' id='word_1_129' title='bbox 1504 2063 1655 2117; x_wconf 91' lang='lat' dir='ltr'><strong>equo</strong></span> <span class='ocrx_word' id='word_1_130' title='bbox 1680 2046 1743 2102; x_wconf 88' lang='lat' dir='ltr'><strong>in</strong></span> <span class='ocrx_word' id='word_1_131' title='bbox 1776 2054 2013 2113; x_wconf 84' lang='lat' dir='ltr'><strong>terram,</strong></span> <span class='ocrx_word' id='word_1_132' title='bbox 2052 2049 2308 2120; x_wconf 90' lang='lat' dir='ltr'><strong>primum</strong></span> <span class='ocrx_word' id='word_1_133' title='bbox 2345 2051 2506 2109; x_wconf 87' lang='lat' dir='ltr'><strong>dedit</strong></span> <span class='ocrx_word' id='word_1_134' title='bbox 2526 2045 2670 2096; x_wconf 65' lang='grc' dir='ltr'><strong>813ῑῦ-</strong></span> 
     </span>
     <span class='ocr_line' id='line_1_16' title="bbox 408 2127 2502 2207; baseline 0.004 -25"><span class='ocrx_word' id='word_1_135' title='bbox 408 2145 571 2200; x_wconf 87' lang='lat' dir='ltr'><strong>spem</strong></span> <span class='ocrx_word' id='word_1_136' title='bbox 643 2127 987 2199; x_wconf 79' lang='lat' dir='ltr'><strong>Anglicanoe</strong></span> <span class='ocrx_word' id='word_1_137' title='bbox 1045 2128 1292 2194; x_wconf 84' lang='lat' dir='ltr'><strong>militiae,</strong></span> <span class='ocrx_word' id='word_1_138' title='bbox 1357 2130 1480 2185; x_wconf 81' lang='lat' dir='ltr'><strong>fere</strong></span> <span class='ocrx_word' id='word_1_139' title='bbox 1539 2135 1805 2197; x_wconf 75' lang='lat' dir='ltr'><strong>mortuas,</strong></span> <span class='ocrx_word' id='word_1_140' title='bbox 1869 2133 2271 2189; x_wconf 89' lang='lat' dir='ltr'><strong>communibus</strong></span> <span class='ocrx_word' id='word_1_141' title='bbox 2332 2153 2502 2207; x_wconf 90' lang='lat' dir='ltr'><strong>posse</strong></span> 
     </span>
     <span class='ocr_line' id='line_1_17' title="bbox 406 2212 2822 2292; baseline 0.004 -26"><span class='ocrx_word' id='word_1_142' title='bbox 406 2212 622 2268; x_wconf 85' lang='lat' dir='ltr'><strong>resisti.</strong></span> <span class='ocrx_word' id='word_1_143' title='bbox 700 2212 1048 2285; x_wconf 81' lang='lat' dir='ltr'><strong>Statimque,</strong></span> <span class='ocrx_word' id='word_1_144' title='bbox 1104 2219 1175 2269; x_wconf 91' lang='lat' dir='ltr'><strong>ut</strong></span> <span class='ocrx_word' id='word_1_145' title='bbox 1226 2230 1562 2270; x_wconf 88' lang='lat' dir='ltr'><strong>communes</strong></span> <span class='ocrx_word' id='word_1_146' title='bbox 1596 2213 1875 2272; x_wconf 79' lang='lat' dir='ltr'><strong>viderunt</strong></span> <span class='ocrx_word' id='word_1_147' title='bbox 1909 2216 2038 2287; x_wconf 88' lang='lat' dir='ltr'><strong>ejus</strong></span> <span class='ocrx_word' id='word_1_148' title='bbox 2090 2218 2342 2284; x_wconf 88' lang='lat' dir='ltr'><strong>ruinam,</strong></span> <span class='ocrx_word' id='word_1_149' title='bbox 2380 2238 2502 2292; x_wconf 71' lang='lat' dir='ltr'><strong>pras</strong></span> <span class='ocrx_word' id='word_1_150' title='bbox 2526 2235 2638 2286; x_wconf 67' lang='lat' dir='ltr'><strong>The</strong></span> <span class='ocrx_word' id='word_1_151' title='bbox 2661 2236 2822 2287; x_wconf 86' lang='lat' dir='ltr'><strong>insur-</strong></span> 
     </span>
     <span class='ocr_line' id='line_1_18' title="bbox 407 2295 2814 2372; baseline 0 -19"><span class='ocrx_word' id='word_1_152' title='bbox 407 2295 605 2353; x_wconf 85' lang='lat' dir='ltr'><strong>dolore</strong></span> <span class='ocrx_word' id='word_1_153' title='bbox 639 2297 845 2353; x_wconf 85' lang='lat' dir='ltr'><strong>mortis</strong></span> <span class='ocrx_word' id='word_1_154' title='bbox 894 2297 1294 2353; x_wconf 82' lang='lat' dir='ltr'><strong>clamaverunt</strong></span> <span class='ocrx_word' id='word_1_155' title='bbox 1314 2300 1449 2363; x_wconf 77' lang='lat'><strong>3-“</strong></span> <span class='ocrx_word' id='word_1_156' title='bbox 1475 2297 1748 2357; x_wconf 82' lang='lat' dir='ltr'><strong>Mortuus</strong></span> <span class='ocrx_word' id='word_1_157' title='bbox 1785 2304 1878 2354; x_wconf 91' lang='lat' dir='ltr'><strong>est</strong></span> <span class='ocrx_word' id='word_1_158' title='bbox 1911 2300 2247 2372; x_wconf 85' lang='lat' dir='ltr'><strong>capitaneus</strong></span> <span class='ocrx_word' id='word_1_159' title='bbox 2281 2309 2498 2367; x_wconf 86' lang='lat' dir='ltr'><strong>noster,</strong></span> <span class='ocrx_word' id='word_1_160' title='bbox 2524 2311 2671 2367; x_wconf 71' lang='lat' dir='ltr'><strong>gente</strong></span> <span class='ocrx_word' id='word_1_161' title='bbox 2692 2320 2814 2368; x_wconf 85' lang='lat' dir='ltr'><strong>pre-</strong></span> 
     </span>
     <span class='ocr_line' id='line_1_19' title="bbox 410 2378 2782 2454; baseline 0.003 -20"><span class='ocrx_word' id='word_1_162' title='bbox 410 2382 447 2406; x_wconf 90' lang='lat'><strong>“</strong></span> <span class='ocrx_word' id='word_1_163' title='bbox 485 2380 800 2454; x_wconf 87' lang='lat' dir='ltr'><strong>proditiose</strong></span> <span class='ocrx_word' id='word_1_164' title='bbox 875 2387 1212 2454; x_wconf 88' lang='lat' dir='ltr'><strong>peremptus</strong></span> <span class='ocrx_word' id='word_1_165' title='bbox 1273 2387 1366 2437; x_wconf 87' lang='lat' dir='ltr'><strong>est</strong></span> <span class='ocrx_word' id='word_1_166' title='bbox 1424 2381 1630 2437; x_wconf 90' lang='lat' dir='ltr'><strong>ductor</strong></span> <span class='ocrx_word' id='word_1_167' title='bbox 1702 2387 1919 2439; x_wconf 88' lang='lat' dir='ltr'><strong>noster.</strong></span> <span class='ocrx_word' id='word_1_168' title='bbox 2013 2383 2247 2440; x_wconf 83' lang='lat' dir='ltr'><strong>Stemus</strong></span> <span class='ocrx_word' id='word_1_169' title='bbox 2303 2386 2497 2452; x_wconf 89' lang='lat' dir='ltr'><strong>simul,</strong></span> <span class='ocrx_word' id='word_1_170' title='bbox 2524 2385 2640 2433; x_wconf 67' lang='lat' dir='ltr'><strong>Pare</strong></span> <span class='ocrx_word' id='word_1_171' title='bbox 2662 2378 2714 2423; x_wconf 63' lang='grc' dir='ltr'><strong>ω</strong></span> <span class='ocrx_word' id='word_1_172' title='bbox 2772 2438 2782 2449; x_wconf 82' lang='grc'><strong>,</strong></span> 
     </span>
     <span class='ocr_line' id='line_1_20' title="bbox 409 2438 2814 2553; baseline 0.003 -33"><span class='ocrx_word' id='word_1_173' title='bbox 409 2468 446 2493; x_wconf 86' lang='grc'><strong>“</strong></span> <span class='ocrx_word' id='word_1_174' title='bbox 485 2466 803 2522; x_wconf 87' lang='lat' dir='ltr'><strong>moriamur</strong></span> <span class='ocrx_word' id='word_1_175' title='bbox 862 2484 994 2522; x_wconf 91' lang='lat' dir='ltr'><strong>cum</strong></span> <span class='ocrx_word' id='word_1_176' title='bbox 1066 2467 1213 2538; x_wconf 87' lang='lat' dir='ltr'><strong>ipsc,</strong></span> <span class='ocrx_word' id='word_1_177' title='bbox 1289 2466 1637 2538; x_wconf 87' lang='lat' dir='ltr'><strong>sagittemus</strong></span> <span class='ocrx_word' id='word_1_178' title='bbox 1699 2473 1760 2523; x_wconf 90' lang='lat' dir='ltr'><strong>et</strong></span> <span class='ocrx_word' id='word_1_179' title='bbox 1816 2467 2177 2526; x_wconf 85' lang='lat' dir='ltr'><strong>vindicemus</strong></span> <span class='ocrx_word' id='word_1_180' title='bbox 2248 2469 2502 2527; x_wconf 85' lang='lat' dir='ltr'><strong>viriliter</strong></span> <span class='ocrx_word' id='word_1_181' title='bbox 2525 2452 2718 2553; x_wconf 43' lang='lat'><strong>{335⁰</strong></span> <span class='ocrx_word' id='word_1_182' title='bbox 2735 2438 2814 2488; x_wconf 67' lang='lat'><strong>¹¹¹⁸</strong></span> 
     </span>
     <span class='ocr_line' id='line_1_21' title="bbox 407 2542 2690 2626; baseline 0.003 -21"><span class='ocrx_word' id='word_1_183' title='bbox 407 2552 446 2577; x_wconf 77' lang='lat'><strong>‘⁸</strong></span> <span class='ocrx_word' id='word_1_184' title='bbox 482 2557 730 2607; x_wconf 88' lang='lat' dir='ltr'><strong>mortem</strong></span> <span class='ocrx_word' id='word_1_185' title='bbox 791 2551 980 2623; x_wconf 89' lang='lat' dir='ltr'><strong>ejus.”</strong></span> <span class='ocrx_word' id='word_1_186' title='bbox 1076 2551 1281 2607; x_wconf 87' lang='lat' dir='ltr'><strong>Tensis</strong></span> <span class='ocrx_word' id='word_1_187' title='bbox 1342 2568 1485 2622; x_wconf 86' lang='lat' dir='ltr'><strong>ergo</strong></span> <span class='ocrx_word' id='word_1_188' title='bbox 1535 2551 1807 2617; x_wconf 84' lang='lat' dir='ltr'><strong>arcubus,</strong></span> <span class='ocrx_word' id='word_1_189' title='bbox 1862 2553 2145 2624; x_wconf 79' lang='lat' dir='ltr'><strong>sagittare</strong></span> <span class='ocrx_word' id='word_1_190' title='bbox 2196 2562 2495 2626; x_wconf 86' lang='lat' dir='ltr'><strong>pararunt.</strong></span> <span class='ocrx_word' id='word_1_191' title='bbox 2677 2542 2690 2555; x_wconf 72' lang='lat'><em>⁰</em></span> 
     </span>
     <span class='ocr_line' id='line_1_22' title="bbox 404 2633 2810 2709; baseline 0.002 -21"><span class='ocrx_word' id='word_1_192' title='bbox 404 2633 529 2688; x_wconf 80' lang='lat' dir='ltr'><strong>Rex</strong></span> <span class='ocrx_word' id='word_1_193' title='bbox 596 2652 736 2690; x_wconf 77' lang='lat' dir='ltr'><strong>vero</strong></span> <span class='ocrx_word' id='word_1_194' title='bbox 801 2635 958 2691; x_wconf 86' lang='lat' dir='ltr'><strong>ultra</strong></span> <span class='ocrx_word' id='word_1_195' title='bbox 1024 2640 1257 2691; x_wconf 84' lang='lat' dir='ltr'><strong>aetatem</strong></span> <span class='ocrx_word' id='word_1_196' title='bbox 1329 2634 1678 2691; x_wconf 88' lang='lat' dir='ltr'><strong>mirabiliter</strong></span> <span class='ocrx_word' id='word_1_197' title='bbox 1741 2636 1978 2708; x_wconf 87' lang='lat' dir='ltr'><strong>ingenio</strong></span> <span class='ocrx_word' id='word_1_198' title='bbox 2030 2644 2380 2709; x_wconf 70' lang='lat' dir='ltr'><strong>praeventus,</strong></span> <span class='ocrx_word' id='word_1_199' title='bbox 2441 2646 2502 2695; x_wconf 91' lang='lat' dir='ltr'><strong>et</strong></span> <span class='ocrx_word' id='word_1_200' title='bbox 2525 2641 2679 2693; x_wconf 82' lang='lat' dir='ltr'><strong>Great</strong></span> <span class='ocrx_word' id='word_1_201' title='bbox 2699 2659 2810 2708; x_wconf 81' lang='lat' dir='ltr'><strong>pre-</strong></span> 
     </span>
     <span class='ocr_line' id='line_1_23' title="bbox 404 2712 2758 2792; baseline 0.002 -17"><span class='ocrx_word' id='word_1_202' title='bbox 404 2718 648 2775; x_wconf 82' lang='lat' dir='ltr'><strong>audacia</strong></span> <span class='ocrx_word' id='word_1_203' title='bbox 709 2720 1024 2784; x_wconf 86' lang='lat' dir='ltr'><strong>¹concitus,</strong></span> <span class='ocrx_word' id='word_1_204' title='bbox 1088 2718 1417 2775; x_wconf 88' lang='lat' dir='ltr'><strong>calcaribus</strong></span> <span class='ocrx_word' id='word_1_205' title='bbox 1472 2736 1692 2791; x_wconf 88' lang='lat' dir='ltr'><strong>urgens</strong></span> <span class='ocrx_word' id='word_1_206' title='bbox 1743 2737 1961 2792; x_wconf 89' lang='lat' dir='ltr'><strong>equum</strong></span> <span class='ocrx_word' id='word_1_207' title='bbox 2013 2721 2089 2776; x_wconf 86' lang='lat' dir='ltr'><strong>ad</strong></span> <span class='ocrx_word' id='word_1_208' title='bbox 2148 2738 2247 2778; x_wconf 90' lang='lat' dir='ltr'><strong>eos</strong></span> <span class='ocrx_word' id='word_1_209' title='bbox 2308 2740 2501 2779; x_wconf 88' lang='lat' dir='ltr'><strong>acces·</strong></span> <span class='ocrx_word' id='word_1_210' title='bbox 2523 2724 2672 2787; x_wconf 60' lang='lat' dir='ltr'><strong>⁸ef¹0⁴³</strong></span> <span class='ocrx_word' id='word_1_211' title='bbox 2693 2712 2758 2760; x_wconf 81' lang='lat' dir='ltr'><strong>⁰f</strong></span> 
     </span>
     <span class='ocr_line' id='line_1_24' title="bbox 403 2778 2753 2894; baseline 0.003 -37"><span class='ocrx_word' id='word_1_212' title='bbox 403 2802 498 2867; x_wconf 80' lang='lat' dir='ltr'><strong>sit,</strong></span> <span class='ocrx_word' id='word_1_213' title='bbox 562 2808 622 2858; x_wconf 91' lang='lat' dir='ltr'><strong>et</strong></span> <span class='ocrx_word' id='word_1_214' title='bbox 678 2803 742 2858; x_wconf 88' lang='lat' dir='ltr'><strong>in</strong></span> <span class='ocrx_word' id='word_1_215' title='bbox 800 2803 1053 2860; x_wconf 88' lang='lat' dir='ltr'><strong>circuitu</strong></span> <span class='ocrx_word' id='word_1_216' title='bbox 1107 2821 1309 2859; x_wconf 89' lang='lat' dir='ltr'><strong>eorum</strong></span> <span class='ocrx_word' id='word_1_217' title='bbox 1370 2803 1658 2876; x_wconf 85' lang='lat' dir='ltr'><strong>equitans,</strong></span> <span class='ocrx_word' id='word_1_218' title='bbox 1722 2803 1871 2860; x_wconf 85' lang='lat' dir='ltr'><strong>dixit</strong></span> <span class='ocrx_word' id='word_1_219' title='bbox 1929 2805 2166 2870; x_wconf 83' lang='lat' dir='ltr'><strong>eis;—“</strong></span> <span class='ocrx_word' id='word_1_220' title='bbox 2195 2805 2350 2876; x_wconf 90' lang='lat' dir='ltr'><strong>Quid</strong></span> <span class='ocrx_word' id='word_1_221' title='bbox 2409 2814 2500 2862; x_wconf 90' lang='lat' dir='ltr'><strong>est</strong></span> <span class='ocrx_word' id='word_1_222' title='bbox 2520 2778 2695 2892; x_wconf 48' lang='lat' dir='ltr'><strong>{ssffgn</strong></span> <span class='ocrx_word' id='word_1_223' title='bbox 2719 2846 2753 2894; x_wconf 77' lang='lat' dir='ltr'><strong>b</strong></span> 
     </span>
     <span class='ocr_line' id='line_1_25' title="bbox 406 2861 2805 2976; baseline 0.003 -36"><span class='ocrx_word' id='word_1_224' title='bbox 406 2890 441 2914; x_wconf 82' lang='lat'><strong>‘⁸</strong></span> <span class='ocrx_word' id='word_1_225' title='bbox 480 2886 607 2951; x_wconf 87' lang='lat' dir='ltr'><strong>hoc,</strong></span> <span class='ocrx_word' id='word_1_226' title='bbox 646 2886 909 2943; x_wconf 90' lang='lat' dir='ltr'><strong>homines</strong></span> <span class='ocrx_word' id='word_1_227' title='bbox 945 2886 1105 2944; x_wconf 78' lang='lat' dir='ltr'><strong>mei?</strong></span> <span class='ocrx_word' id='word_1_228' title='bbox 1178 2886 1331 2957; x_wconf 84' lang='lat' dir='ltr'><strong>Quid</strong></span> <span class='ocrx_word' id='word_1_229' title='bbox 1367 2886 1588 2958; x_wconf 78' lang='lat' dir='ltr'><strong>agitis?</strong></span> <span class='ocrx_word' id='word_1_230' title='bbox 1674 2888 1961 2960; x_wconf 85' lang='lat' dir='ltr'><strong>Nunquid</strong></span> <span class='ocrx_word' id='word_1_231' title='bbox 1997 2890 2280 2960; x_wconf 85' lang='lat' dir='ltr'><strong>sagittare</strong></span> <span class='ocrx_word' id='word_1_232' title='bbox 2314 2891 2497 2947; x_wconf 83' lang='lat' dir='ltr'><strong>vultis</strong></span> <span class='ocrx_word' id='word_1_233' title='bbox 2520 2909 2605 2958; x_wconf 84' lang='lat' dir='ltr'><strong>the</strong></span> <span class='ocrx_word' id='word_1_234' title='bbox 2628 2861 2805 2976; x_wconf 66' lang='lat' dir='ltr'><strong>ymmyg</strong></span> 
     </span>
     <span class='ocr_line' id='line_1_26' title="bbox 404 2970 2677 3042; baseline 0.001 -16"><span class='ocrx_word' id='word_1_235' title='bbox 404 2973 442 2999; x_wconf 78' lang='lat'><strong>‘⁸</strong></span> <span class='ocrx_word' id='word_1_236' title='bbox 480 2970 704 3042; x_wconf 85' lang='lat' dir='ltr'><strong>Regem</strong></span> <span class='ocrx_word' id='word_1_237' title='bbox 738 2971 1045 3027; x_wconf 79' lang='lat' dir='ltr'><strong>vestrum?</strong></span> <span class='ocrx_word' id='word_1_238' title='bbox 1114 2970 1252 3028; x_wconf 86' lang='lat' dir='ltr'><strong>Non</strong></span> <span class='ocrx_word' id='word_1_239' title='bbox 1286 2972 1622 3037; x_wconf 82' lang='lat' dir='ltr'><strong>causemini,</strong></span> <span class='ocrx_word' id='word_1_240' title='bbox 1649 2989 1758 3028; x_wconf 88' lang='lat' dir='ltr'><strong>nec</strong></span> <span class='ocrx_word' id='word_1_241' title='bbox 1794 2973 1925 3028; x_wconf 86' lang='lat' dir='ltr'><strong>sitis</strong></span> <span class='ocrx_word' id='word_1_242' title='bbox 1960 2973 2160 3029; x_wconf 84' lang='lat' dir='ltr'><strong>tristes</strong></span> <span class='ocrx_word' id='word_1_243' title='bbox 2202 2974 2275 3029; x_wconf 90' lang='lat' dir='ltr'><strong>de</strong></span> <span class='ocrx_word' id='word_1_244' title='bbox 2310 2982 2497 3031; x_wconf 89' lang='lat' dir='ltr'><strong>morte</strong></span> <span class='ocrx_word' id='word_1_245' title='bbox 2521 2975 2677 3042; x_wconf 87' lang='lat' dir='ltr'><strong>King.</strong></span> 
     </span>
    </p>

    <p class='ocr_par' dir='ltr' id='par_1_7' title="bbox 402 3054 2498 3295">
     <span class='ocr_line' id='line_1_27' title="bbox 404 3054 2498 3132; baseline 0.002 -22"><span class='ocrx_word' id='word_1_246' title='bbox 404 3057 440 3082; x_wconf 80' lang='lat'><strong>‘⁴</strong></span> <span class='ocrx_word' id='word_1_247' title='bbox 478 3056 792 3128; x_wconf 89' lang='lat' dir='ltr'><strong>proditoris</strong></span> <span class='ocrx_word' id='word_1_248' title='bbox 842 3062 902 3111; x_wconf 89' lang='lat' dir='ltr'><strong>et</strong></span> <span class='ocrx_word' id='word_1_249' title='bbox 949 3055 1180 3111; x_wconf 89' lang='lat' dir='ltr'><strong>ribaldi.</strong></span> <span class='ocrx_word' id='word_1_250' title='bbox 1274 3054 1406 3127; x_wconf 77' lang='lat' dir='ltr'><strong>Ego</strong></span> <span class='ocrx_word' id='word_1_251' title='bbox 1442 3055 1599 3110; x_wconf 87' lang='lat' dir='ltr'><strong>enim</strong></span> <span class='ocrx_word' id='word_1_252' title='bbox 1634 3072 1735 3111; x_wconf 89' lang='lat' dir='ltr'><strong>ero</strong></span> <span class='ocrx_word' id='word_1_253' title='bbox 1774 3056 1900 3112; x_wconf 84' lang='lat' dir='ltr'><strong>Rex</strong></span> <span class='ocrx_word' id='word_1_254' title='bbox 1934 3062 2148 3123; x_wconf 80' lang='lat' dir='ltr'><strong>vester,</strong></span> <span class='ocrx_word' id='word_1_255' title='bbox 2195 3074 2306 3129; x_wconf 88' lang='lat' dir='ltr'><strong>ego</strong></span> <span class='ocrx_word' id='word_1_256' title='bbox 2342 3061 2498 3132; x_wconf 89' lang='lat' dir='ltr'><strong>capi-</strong></span> 
     </span>
     <span class='ocr_line' id='line_1_28' title="bbox 403 3139 2496 3214; baseline 0.003 -20"><span class='ocrx_word' id='word_1_257' title='bbox 403 3143 440 3167; x_wconf 90' lang='lat'>“</span> <span class='ocrx_word' id='word_1_258' title='bbox 479 3145 683 3196; x_wconf 90' lang='lat' dir='ltr'><strong>taneus</strong></span> <span class='ocrx_word' id='word_1_259' title='bbox 720 3145 781 3196; x_wconf 89' lang='lat' dir='ltr'><strong>et</strong></span> <span class='ocrx_word' id='word_1_260' title='bbox 815 3140 1021 3196; x_wconf 88' lang='lat' dir='ltr'><strong>ductor</strong></span> <span class='ocrx_word' id='word_1_261' title='bbox 1056 3147 1285 3206; x_wconf 71' lang='lat' dir='ltr'><strong>vester,</strong></span> <span class='ocrx_word' id='word_1_262' title='bbox 1326 3139 1642 3211; x_wconf 88' lang='lat' dir='ltr'><strong>sequimini</strong></span> <span class='ocrx_word' id='word_1_263' title='bbox 1676 3156 1771 3194; x_wconf 91' lang='lat' dir='ltr'><strong>me</strong></span> <span class='ocrx_word' id='word_1_264' title='bbox 1807 3140 1871 3196; x_wconf 91' lang='lat' dir='ltr'><strong>in</strong></span> <span class='ocrx_word' id='word_1_265' title='bbox 1905 3158 2194 3214; x_wconf 87' lang='lat' dir='ltr'><strong>campum,</strong></span> <span class='ocrx_word' id='word_1_266' title='bbox 2235 3142 2496 3200; x_wconf 86' lang='lat' dir='ltr'><strong>habituri</strong></span> 
     </span>
     <span class='ocr_line' id='line_1_29' title="bbox 402 3221 1891 3295; baseline -0.001 -16"><span class='ocrx_word' id='word_1_267' title='bbox 402 3226 440 3250; x_wconf 77' lang='lat'><strong>‘⁸</strong></span> <span class='ocrx_word' id='word_1_268' title='bbox 478 3223 673 3279; x_wconf 84' lang='lat' dir='ltr'><strong>omnia</strong></span> <span class='ocrx_word' id='word_1_269' title='bbox 708 3240 1069 3295; x_wconf 79' lang='lat' dir='ltr'><strong>quaecunque</strong></span> <span class='ocrx_word' id='word_1_270' title='bbox 1104 3240 1208 3278; x_wconf 78' lang='lat' dir='ltr'><strong>vos</strong></span> <span class='ocrx_word' id='word_1_271' title='bbox 1243 3228 1443 3295; x_wconf 89' lang='lat' dir='ltr'><strong>petere</strong></span> <span class='ocrx_word' id='word_1_272' title='bbox 1479 3221 1891 3279; x_wconf 80' lang='lat' dir='ltr'><strong>&#39;delectabit.”</strong></span> 
     </span>
    </p>

    <p class='ocr_par' dir='ltr' id='par_1_8' title="bbox 392 3307 2815 3884">
     <span class='ocr_line' id='line_1_30' title="bbox 467 3307 2815 3378; baseline 0.003 -16"><span class='ocrx_word' id='word_1_273' title='bbox 467 3307 597 3363; x_wconf 90' lang='lat' dir='ltr'><strong>Hoc</strong></span> <span class='ocrx_word' id='word_1_274' title='bbox 634 3314 830 3364; x_wconf 88' lang='lat' dir='ltr'><strong>autem</strong></span> <span class='ocrx_word' id='word_1_275' title='bbox 865 3309 1008 3364; x_wconf 89' lang='lat' dir='ltr'><strong>fecit</strong></span> <span class='ocrx_word' id='word_1_276' title='bbox 1053 3307 1196 3372; x_wconf 80' lang='lat' dir='ltr'><strong>Rex,</strong></span> <span class='ocrx_word' id='word_1_277' title='bbox 1223 3324 1297 3362; x_wconf 87' lang='lat' dir='ltr'><strong>ne</strong></span> <span class='ocrx_word' id='word_1_278' title='bbox 1331 3307 1560 3373; x_wconf 88' lang='lat' dir='ltr'><strong>rustici,</strong></span> <span class='ocrx_word' id='word_1_279' title='bbox 1590 3308 1655 3363; x_wconf 90' lang='lat' dir='ltr'><strong>in</strong></span> <span class='ocrx_word' id='word_1_280' title='bbox 1689 3309 2076 3365; x_wconf 84' lang='lat' dir='ltr'><strong>amaritudine</strong></span> <span class='ocrx_word' id='word_1_281' title='bbox 2113 3311 2325 3367; x_wconf 90' lang='lat' dir='ltr'><strong>mentis</strong></span> <span class='ocrx_word' id='word_1_282' title='bbox 2362 3331 2494 3368; x_wconf 89' lang='lat' dir='ltr'><strong>con·</strong></span> <span class='ocrx_word' id='word_1_283' title='bbox 2518 3324 2629 3375; x_wconf 72' lang='lat' dir='ltr'><strong>The</strong></span> <span class='ocrx_word' id='word_1_284' title='bbox 2651 3327 2815 3378; x_wconf 67' lang='lat' dir='ltr'><strong>imm·-</strong></span> 
     </span>
     <span class='ocr_line' id='line_1_31' title="bbox 397 3391 2782 3466; baseline 0.004 -19"><span class='ocrx_word' id='word_1_285' title='bbox 397 3392 609 3456; x_wconf 87' lang='lat' dir='ltr'><strong>stituti,</strong></span> <span class='ocrx_word' id='word_1_286' title='bbox 665 3393 867 3464; x_wconf 89' lang='lat' dir='ltr'><strong>ignem</strong></span> <span class='ocrx_word' id='word_1_287' title='bbox 902 3392 1287 3448; x_wconf 84' lang='lat' dir='ltr'><strong>immitterent</strong></span> <span class='ocrx_word' id='word_1_288' title='bbox 1338 3391 1401 3446; x_wconf 90' lang='lat' dir='ltr'><strong>in</strong></span> <span class='ocrx_word' id='word_1_289' title='bbox 1453 3391 1722 3447; x_wconf 85' lang='lat' dir='ltr'><strong>domibus</strong></span> <span class='ocrx_word' id='word_1_290' title='bbox 1776 3393 1933 3465; x_wconf 86' lang='lat' dir='ltr'><strong>apud</strong></span> <span class='ocrx_word' id='word_1_291' title='bbox 1987 3393 2338 3466; x_wconf 82' lang='lat' dir='ltr'><strong>Smythfeld,</strong></span> <span class='ocrx_word' id='word_1_292' title='bbox 2391 3397 2494 3453; x_wconf 89' lang='lat' dir='ltr'><strong>ubi</strong></span> <span class='ocrx_word' id='word_1_293' title='bbox 2516 3400 2660 3456; x_wconf 58' lang='lat' dir='ltr'><strong>8⁶¹¹ss</strong></span> <span class='ocrx_word' id='word_1_294' title='bbox 2681 3395 2782 3444; x_wconf 80' lang='lat' dir='ltr'><strong>fol·</strong></span> 
     </span>
     <span class='ocr_line' id='line_1_32' title="bbox 395 3459 2725 3549; baseline 0.003 -19"><span class='ocrx_word' id='word_1_295' title='bbox 395 3476 637 3532; x_wconf 88' lang='lat' dir='ltr'><strong>fuerunt</strong></span> <span class='ocrx_word' id='word_1_296' title='bbox 671 3476 903 3548; x_wconf 87' lang='lat' dir='ltr'><strong>quando</strong></span> <span class='ocrx_word' id='word_1_297' title='bbox 943 3476 1150 3532; x_wconf 88' lang='lat' dir='ltr'><strong>ductor</strong></span> <span class='ocrx_word' id='word_1_298' title='bbox 1186 3492 1407 3539; x_wconf 88' lang='lat' dir='ltr'><strong>eorum,</strong></span> <span class='ocrx_word' id='word_1_299' title='bbox 1447 3476 1726 3548; x_wconf 82' lang='lat' dir='ltr'><strong>praefatus</strong></span> <span class='ocrx_word' id='word_1_300' title='bbox 1777 3476 2058 3549; x_wconf 90' lang='lat' dir='ltr'><strong>proditor,</strong></span> <span class='ocrx_word' id='word_1_301' title='bbox 2102 3485 2195 3534; x_wconf 91' lang='lat' dir='ltr'><strong>est</strong></span> <span class='ocrx_word' id='word_1_302' title='bbox 2241 3479 2486 3535; x_wconf 89' lang='lat' dir='ltr'><strong>occisus.</strong></span> <span class='ocrx_word' id='word_1_303' title='bbox 2516 3459 2616 3536; x_wconf 52' lang='lat'><strong>¹⁰?</strong></span> <span class='ocrx_word' id='word_1_304' title='bbox 2638 3461 2725 3510; x_wconf 55' lang='grc' dir='ltr'><strong>ὼε</strong></span> 
     </span>
     <span class='ocr_line' id='line_1_33' title="bbox 396 3525 2811 3647; baseline 0.003 -33"><span class='ocrx_word' id='word_1_305' title='bbox 396 3559 591 3631; x_wconf 84' lang='lat' dir='ltr'><strong>Igitur</strong></span> <span class='ocrx_word' id='word_1_306' title='bbox 626 3561 689 3616; x_wconf 90' lang='lat' dir='ltr'><strong>in</strong></span> <span class='ocrx_word' id='word_1_307' title='bbox 724 3566 993 3633; x_wconf 86' lang='lat' dir='ltr'><strong>apertum</strong></span> <span class='ocrx_word' id='word_1_308' title='bbox 1028 3576 1297 3632; x_wconf 89' lang='lat' dir='ltr'><strong>campum</strong></span> <span class='ocrx_word' id='word_1_309' title='bbox 1334 3558 1519 3615; x_wconf 85' lang='lat' dir='ltr'><strong>secuti</strong></span> <span class='ocrx_word' id='word_1_310' title='bbox 1564 3565 1702 3615; x_wconf 90' lang='lat' dir='ltr'><strong>sunt</strong></span> <span class='ocrx_word' id='word_1_311' title='bbox 1753 3559 1981 3632; x_wconf 80' lang='lat' dir='ltr'><strong>Regem</strong></span> <span class='ocrx_word' id='word_1_312' title='bbox 2034 3567 2097 3617; x_wconf 89' lang='lat' dir='ltr'><strong>et</strong></span> <span class='ocrx_word' id='word_1_313' title='bbox 2129 3563 2347 3619; x_wconf 88' lang='lat' dir='ltr'><strong>milites</strong></span> <span class='ocrx_word' id='word_1_314' title='bbox 2386 3566 2489 3636; x_wconf 90' lang='lat' dir='ltr'><strong>qui</strong></span> <span class='ocrx_word' id='word_1_315' title='bbox 2513 3525 2811 3647; x_wconf 51' lang='lat' dir='ltr'><strong>ggiffigffi</strong></span> 
     </span>
     <span class='ocr_line' id='line_1_34' title="bbox 393 3643 2489 3719; baseline 0.002 -20"><span class='ocrx_word' id='word_1_316' title='bbox 393 3661 529 3700; x_wconf 91' lang='lat' dir='ltr'><strong>cum</strong></span> <span class='ocrx_word' id='word_1_317' title='bbox 563 3662 631 3700; x_wconf 91' lang='lat' dir='ltr'><strong>eo</strong></span> <span class='ocrx_word' id='word_1_318' title='bbox 667 3652 852 3709; x_wconf 87' lang='lat' dir='ltr'><strong>erant,</strong></span> <span class='ocrx_word' id='word_1_319' title='bbox 890 3644 1145 3700; x_wconf 91' lang='lat' dir='ltr'><strong>nondum</strong></span> <span class='ocrx_word' id='word_1_320' title='bbox 1180 3643 1353 3716; x_wconf 89' lang='lat' dir='ltr'><strong>plena</strong></span> <span class='ocrx_word' id='word_1_321' title='bbox 1387 3643 1804 3700; x_wconf 85' lang='lat' dir='ltr'><strong>deliberatione</strong></span> <span class='ocrx_word' id='word_1_322' title='bbox 1840 3646 2007 3710; x_wconf 90' lang='lat' dir='ltr'><strong>certi,</strong></span> <span class='ocrx_word' id='word_1_323' title='bbox 2035 3650 2236 3701; x_wconf 87' lang='lat' dir='ltr'><strong>utrum</strong></span> <span class='ocrx_word' id='word_1_324' title='bbox 2263 3647 2489 3719; x_wconf 85' lang='lat' dir='ltr'><strong>Regem</strong></span> 
     </span>
     <span class='ocr_line' id='line_1_35' title="bbox 392 3727 2488 3800; baseline 0.003 -17"><span class='ocrx_word' id='word_1_325' title='bbox 392 3729 679 3800; x_wconf 88' lang='lat' dir='ltr'><strong>perimere</strong></span> <span class='ocrx_word' id='word_1_326' title='bbox 729 3728 1082 3793; x_wconf 84' lang='lat' dir='ltr'><strong>debuissent,</strong></span> <span class='ocrx_word' id='word_1_327' title='bbox 1130 3745 1204 3785; x_wconf 83' lang='lat' dir='ltr'><strong>an</strong></span> <span class='ocrx_word' id='word_1_328' title='bbox 1257 3727 1491 3783; x_wconf 90' lang='lat' dir='ltr'><strong>omnino</strong></span> <span class='ocrx_word' id='word_1_329' title='bbox 1527 3727 1940 3799; x_wconf 86' lang='lat' dir='ltr'><strong>conquiescere</strong></span> <span class='ocrx_word' id='word_1_330' title='bbox 1978 3736 2039 3786; x_wconf 92' lang='lat' dir='ltr'><strong>et</strong></span> <span class='ocrx_word' id='word_1_331' title='bbox 2074 3730 2315 3787; x_wconf 90' lang='lat' dir='ltr'><strong>domum</strong></span> <span class='ocrx_word' id='word_1_332' title='bbox 2350 3750 2488 3790; x_wconf 90' lang='lat' dir='ltr'><strong>cum</strong></span> 
     </span>
     <span class='ocr_line' id='line_1_36' title="bbox 392 3811 1115 3884; baseline 0 -16"><span class='ocrx_word' id='word_1_333' title='bbox 392 3811 597 3868; x_wconf 83' lang='lat' dir='ltr'><strong>charta</strong></span> <span class='ocrx_word' id='word_1_334' title='bbox 631 3814 801 3884; x_wconf 87' lang='lat' dir='ltr'><strong>regia</strong></span> <span class='ocrx_word' id='word_1_335' title='bbox 834 3830 1115 3868; x_wconf 90' lang='lat' dir='ltr'><strong>remeare.</strong></span> 
     </span>
    </p>
   </div>
   <div class='ocr_carea' id='block_1_3' title="bbox 461 3896 2821 3987">
    <p class='ocr_par' dir='ltr' id='par_1_9' title="bbox 461 3896 2821 3987">
     <span class='ocr_line' id='line_1_37' title="bbox 461 3896 2821 3987; baseline 0.004 -35"><span class='ocrx_word' id='word_1_336' title='bbox 461 3896 697 3953; x_wconf 87' lang='lat' dir='ltr'><strong>Interea</strong></span> <span class='ocrx_word' id='word_1_337' title='bbox 731 3897 925 3969; x_wconf 86' lang='lat' dir='ltr'><strong>Major</strong></span> <span class='ocrx_word' id='word_1_338' title='bbox 962 3897 1414 3961; x_wconf 87' lang='lat' dir='ltr'><strong>Londoniarum,</strong></span> <span class='ocrx_word' id='word_1_339' title='bbox 1443 3914 1579 3952; x_wconf 89' lang='lat' dir='ltr'><strong>cum</strong></span> <span class='ocrx_word' id='word_1_340' title='bbox 1616 3896 1740 3952; x_wconf 91' lang='lat' dir='ltr'><strong>solo</strong></span> <span class='ocrx_word' id='word_1_341' title='bbox 1778 3897 2031 3970; x_wconf 86' lang='lat' dir='ltr'><strong>quodam</strong></span> <span class='ocrx_word' id='word_1_342' title='bbox 2067 3899 2286 3956; x_wconf 84' lang='lat' dir='ltr'><strong>famulo</strong></span> <span class='ocrx_word' id='word_1_343' title='bbox 2324 3902 2484 3957; x_wconf 83' lang='lat' dir='ltr'><strong>sesti·</strong></span> <span class='ocrx_word' id='word_1_344' title='bbox 2510 3918 2621 3969; x_wconf 72' lang='lat' dir='ltr'><strong>The</strong></span> <span class='ocrx_word' id='word_1_345' title='bbox 2636 3920 2821 3987; x_wconf 48' lang='grc' dir='ltr'><strong>Μηρι-</strong></span> 
     </span>
    </p>
   </div>
   <div class='ocr_carea' id='block_1_4' title="bbox 389 3981 2807 4174">
    <p class='ocr_par' dir='ltr' id='par_1_10' title="bbox 389 3981 2807 4174">
     <span class='ocr_line' id='line_1_38' title="bbox 389 3981 2764 4055; baseline 0.002 -19"><span class='ocrx_word' id='word_1_346' title='bbox 389 3987 595 4036; x_wconf 88' lang='lat' dir='ltr'><strong>nauter</strong></span> <span class='ocrx_word' id='word_1_347' title='bbox 630 3982 916 4053; x_wconf 84' lang='lat' dir='ltr'><strong>equitans,</strong></span> <span class='ocrx_word' id='word_1_348' title='bbox 953 3982 1256 4053; x_wconf 89' lang='lat' dir='ltr'><strong>ingressus</strong></span> <span class='ocrx_word' id='word_1_349' title='bbox 1291 3981 1627 4036; x_wconf 76' lang='lat' dir='ltr'><strong>&#39;civitatem</strong></span> <span class='ocrx_word' id='word_1_350' title='bbox 1665 3981 1917 4037; x_wconf 84' lang='lat' dir='ltr'><strong>clamare</strong></span> <span class='ocrx_word' id='word_1_351' title='bbox 1953 3984 2281 4055; x_wconf 73' lang='lat' dir='ltr'><strong>coepitz—-“</strong></span> <span class='ocrx_word' id='word_1_352' title='bbox 2310 3985 2483 4043; x_wconf 82' lang='lat' dir='ltr'><strong>Cives</strong></span> <span class='ocrx_word' id='word_1_353' title='bbox 2507 4002 2764 4039; x_wconf 79' lang='lat' dir='ltr'><strong>summons</strong></span> 
     </span>
     <span class='ocr_line' id='line_1_39' title="bbox 392 4054 2807 4174; baseline 0.003 -54"><span class='ocrx_word' id='word_1_354' title='bbox 392 4068 429 4093; x_wconf 93' lang='lat'><strong>“</strong></span> <span class='ocrx_word' id='word_1_355' title='bbox 469 4065 693 4138; x_wconf 85' lang='lat' dir='ltr'><strong>optimi,</strong></span> <span class='ocrx_word' id='word_1_356' title='bbox 727 4065 1068 4138; x_wconf 84' lang='lat' dir='ltr'><strong>gratissimi,</strong></span> <span class='ocrx_word' id='word_1_357' title='bbox 1095 4066 1367 4138; x_wconf 88' lang='lat' dir='ltr'><strong>piissimi,</strong></span> <span class='ocrx_word' id='word_1_358' title='bbox 1408 4065 1731 4121; x_wconf 86' lang='lat' dir='ltr'><strong>succurrite</strong></span> <span class='ocrx_word' id='word_1_359' title='bbox 1757 4065 1885 4121; x_wconf 88' lang='lat' dir='ltr'><strong>sine</strong></span> <span class='ocrx_word' id='word_1_360' title='bbox 1920 4084 2085 4121; x_wconf 89' lang='lat' dir='ltr'><strong>mora</strong></span> <span class='ocrx_word' id='word_1_361' title='bbox 2111 4067 2264 4139; x_wconf 85' lang='lat' dir='ltr'><strong>Regi</strong></span> <span class='ocrx_word' id='word_1_362' title='bbox 2289 4076 2484 4127; x_wconf 86' lang='lat' dir='ltr'><strong>vestro</strong></span> <span class='ocrx_word' id='word_1_363' title='bbox 2506 4054 2807 4174; x_wconf 40' lang='lat' dir='ltr'><strong>{ganolii-his</strong></span> 
     </span>
    </p>
   </div>
   <div class='ocr_carea' id='block_1_5' title="bbox 385 4149 2606 4391">
    <p class='ocr_par' dir='ltr' id='par_1_11' title="bbox 385 4149 2606 4391">
     <span class='ocr_line' id='line_1_40' title="bbox 391 4149 2606 4239; baseline 0.002 -35"><span class='ocrx_word' id='word_1_364' title='bbox 391 4153 428 4176; x_wconf 80' lang='lat'><strong>‘⁸</strong></span> <span class='ocrx_word' id='word_1_365' title='bbox 467 4149 838 4221; x_wconf 87' lang='lat' dir='ltr'><strong>perimendo;</strong></span> <span class='ocrx_word' id='word_1_366' title='bbox 901 4150 1163 4222; x_wconf 86' lang='lat' dir='ltr'><strong>mihique</strong></span> <span class='ocrx_word' id='word_1_367' title='bbox 1224 4150 1567 4215; x_wconf 87' lang='lat' dir='ltr'><strong>succurrite,</strong></span> <span class='ocrx_word' id='word_1_368' title='bbox 1618 4155 1817 4205; x_wconf 76' lang='lat' dir='ltr'><strong>vestro</strong></span> <span class='ocrx_word' id='word_1_369' title='bbox 1878 4149 2109 4221; x_wconf 87' lang='lat' dir='ltr'><strong>Majori,</strong></span> <span class='ocrx_word' id='word_1_370' title='bbox 2164 4153 2227 4207; x_wconf 89' lang='lat' dir='ltr'><strong>in</strong></span> <span class='ocrx_word' id='word_1_371' title='bbox 2281 4155 2485 4209; x_wconf 88' lang='lat' dir='ltr'><strong>eodem</strong></span> <span class='ocrx_word' id='word_1_372' title='bbox 2508 4189 2606 4239; x_wconf 47' lang='lat' dir='ltr'><strong>aid·</strong></span> 
     </span>
     <span class='ocr_line' id='line_1_41' title="bbox 389 4233 2480 4305; baseline 0.002 -17"><span class='ocrx_word' id='word_1_373' title='bbox 389 4236 428 4261; x_wconf 80' lang='lat'><strong>‘⁶</strong></span> <span class='ocrx_word' id='word_1_374' title='bbox 465 4234 727 4305; x_wconf 81' lang='lat' dir='ltr'><strong>periculo</strong></span> <span class='ocrx_word' id='word_1_375' title='bbox 751 4235 1103 4300; x_wconf 86' lang='lat' dir='ltr'><strong>constituto;</strong></span> <span class='ocrx_word' id='word_1_376' title='bbox 1142 4234 1240 4290; x_wconf 82' lang='lat' dir='ltr'><strong>vel</strong></span> <span class='ocrx_word' id='word_1_377' title='bbox 1264 4233 1316 4290; x_wconf 92' lang='lat' dir='ltr'><strong>si</strong></span> <span class='ocrx_word' id='word_1_378' title='bbox 1339 4252 1456 4289; x_wconf 90' lang='lat' dir='ltr'><strong>non</strong></span> <span class='ocrx_word' id='word_1_379' title='bbox 1490 4234 1805 4289; x_wconf 89' lang='lat' dir='ltr'><strong>decernitis</strong></span> <span class='ocrx_word' id='word_1_380' title='bbox 1829 4234 1975 4288; x_wconf 88' lang='lat' dir='ltr'><strong>mihi</strong></span> <span class='ocrx_word' id='word_1_381' title='bbox 2002 4238 2480 4303; x_wconf 87' lang='lat' dir='ltr'><strong>succurrendum,</strong></span> 
     </span>
     <span class='ocr_line' id='line_1_42' title="bbox 385 4317 2485 4391; baseline 0.002 -19"><span class='ocrx_word' id='word_1_382' title='bbox 385 4320 423 4346; x_wconf 90' lang='lat'><strong>“</strong></span> <span class='ocrx_word' id='word_1_383' title='bbox 462 4327 699 4390; x_wconf 89' lang='lat' dir='ltr'><strong>propter</strong></span> <span class='ocrx_word' id='word_1_384' title='bbox 734 4335 869 4373; x_wconf 88' lang='lat' dir='ltr'><strong>mea</strong></span> <span class='ocrx_word' id='word_1_385' title='bbox 919 4318 1221 4383; x_wconf 89' lang='lat' dir='ltr'><strong>demerita,</strong></span> <span class='ocrx_word' id='word_1_386' title='bbox 1266 4324 1465 4375; x_wconf 85' lang='lat' dir='ltr'><strong>tamen</strong></span> <span class='ocrx_word' id='word_1_387' title='bbox 1498 4318 1681 4374; x_wconf 91' lang='lat' dir='ltr'><strong>nolite</strong></span> <span class='ocrx_word' id='word_1_388' title='bbox 1717 4317 2051 4390; x_wconf 88' lang='lat' dir='ltr'><strong>relinquere</strong></span> <span class='ocrx_word' id='word_1_389' title='bbox 2093 4319 2321 4391; x_wconf 86' lang='lat' dir='ltr'><strong>Regem</strong></span> <span class='ocrx_word' id='word_1_390' title='bbox 2356 4340 2485 4379; x_wconf 77' lang='lat' dir='ltr'><strong>ves-</strong></span> 
     </span>
    </p>
   </div>
   <div class='ocr_carea' id='block_1_6' title="bbox 387 4475 2473 4487">
    <p class='ocr_par' dir='ltr' id='par_1_12' title="bbox 387 4475 2473 4487">
     <span class='ocr_line' id='line_1_43' title="bbox 387 4475 2473 4487; baseline 0 -4"><span class='ocrx_word' id='word_1_391' title='bbox 387 4475 1440 4484; x_wconf 48' lang='lat' dir='ltr'><strong>--nffl</strong></span> <span class='ocrx_word' id='word_1_392' title='bbox 2404 4482 2473 4487; x_wconf 54' lang='lat' dir='ltr'><strong>w-</strong></span> 
     </span>
    </p>
   </div>
   <div class='ocr_carea' id='block_1_7' title="bbox 383 4564 2379 4710">
    <p class='ocr_par' dir='ltr' id='par_1_13' title="bbox 383 4564 2379 4710">
     <span class='ocr_line' id='line_1_44' title="bbox 448 4564 2122 4629; baseline 0.001 -16"><span class='ocrx_word' id='word_1_393' title='bbox 448 4566 462 4596; x_wconf 89' lang='lat'>¹</span> <span class='ocrx_word' id='word_1_394' title='bbox 486 4566 669 4614; x_wconf 76' lang='lat' dir='ltr'><strong>concito</strong></span> <span class='ocrx_word' id='word_1_395' title='bbox 689 4565 744 4614; x_wconf 87' lang='lat' dir='ltr'><strong>in</strong></span> <span class='ocrx_word' id='word_1_396' title='bbox 768 4565 894 4629; x_wconf 85' lang='lat' dir='ltr'><strong>orig.</strong></span> <span class='ocrx_word' id='word_1_397' title='bbox 910 4566 1010 4615; x_wconf 85' lang='lat' dir='ltr'><strong>and</strong></span> <span class='ocrx_word' id='word_1_398' title='bbox 1025 4564 1160 4615; x_wconf 86' lang='lat' dir='ltr'><strong>Bibl.</strong></span> <span class='ocrx_word' id='word_1_399' title='bbox 1179 4565 1304 4628; x_wconf 81' lang='lat' dir='ltr'><strong>Reg.</strong></span> <span class='ocrx_word' id='word_1_400' title='bbox 1323 4570 1385 4614; x_wconf 83' lang='lat'><strong>13</strong></span> <span class='ocrx_word' id='word_1_401' title='bbox 1489 4565 1617 4614; x_wconf 79' lang='lat' dir='ltr'><strong>from</strong></span> <span class='ocrx_word' id='word_1_402' title='bbox 1641 4564 1729 4614; x_wconf 83' lang='lat' dir='ltr'><strong>the</strong></span> <span class='ocrx_word' id='word_1_403' title='bbox 1750 4564 1950 4629; x_wconf 85' lang='lat' dir='ltr'><strong>printed</strong></span> <span class='ocrx_word' id='word_1_404' title='bbox 1974 4572 2122 4617; x_wconf 81' lang='lat' dir='ltr'><strong>texts.</strong></span> 
     </span>
     <span class='ocr_line' id='line_1_45' title="bbox 383 4644 2379 4710; baseline 0.001 -14"><span class='ocrx_word' id='word_1_405' title='bbox 383 4647 443 4696; x_wconf 79' lang='lat' dir='ltr'><strong>E.</strong></span> <span class='ocrx_word' id='word_1_406' title='bbox 467 4646 541 4694; x_wconf 84' lang='lat' dir='ltr'><strong>ix.</strong></span> <span class='ocrx_word' id='word_1_407' title='bbox 567 4666 581 4703; x_wconf 69' lang='grc' dir='ltr'><strong>ς</strong></span> <span class='ocrx_word' id='word_1_408' title='bbox 604 4646 819 4695; x_wconf 75' lang='lat' dir='ltr'><strong>concitus</strong></span> <span class='ocrx_word' id='word_1_409' title='bbox 839 4645 893 4695; x_wconf 87' lang='lat' dir='ltr'><strong>in</strong></span> <span class='ocrx_word' id='word_1_410' title='bbox 918 4645 1003 4694; x_wconf 82' lang='lat' dir='ltr'><strong>the</strong></span> <span class='ocrx_word' id='word_1_411' title='bbox 1023 4644 1220 4709; x_wconf 82' lang='lat' dir='ltr'><strong>printed</strong></span> <span class='ocrx_word' id='word_1_412' title='bbox 1237 4651 1382 4694; x_wconf 79' lang='lat' dir='ltr'><strong>texts.</strong></span> <span class='ocrx_word' id='word_1_413' title='bbox 1551 4646 1571 4674; x_wconf 80' lang='lat'><strong>³</strong></span> <span class='ocrx_word' id='word_1_414' title='bbox 1592 4646 1807 4694; x_wconf 74' lang='lat' dir='ltr'><strong>civitatis</strong></span> <span class='ocrx_word' id='word_1_415' title='bbox 1828 4644 1881 4694; x_wconf 87' lang='lat' dir='ltr'><strong>iu</strong></span> <span class='ocrx_word' id='word_1_416' title='bbox 1904 4644 1989 4695; x_wconf 82' lang='lat' dir='ltr'><strong>the</strong></span> <span class='ocrx_word' id='word_1_417' title='bbox 2011 4646 2212 4710; x_wconf 83' lang='lat' dir='ltr'><strong>printed</strong></span> <span class='ocrx_word' id='word_1_418' title='bbox 2234 4654 2379 4698; x_wconf 71' lang='lat' dir='ltr'><strong>texte.</strong></span> 
     </span>
    </p>
   </div>
   <div class='ocr_carea' id='block_1_8' title="bbox 449 4723 2214 4861">
    <p class='ocr_par' dir='ltr' id='par_1_14' title="bbox 449 4723 2214 4861">
     <span class='ocr_line' id='line_1_46' title="bbox 449 4723 1385 4789; baseline 0.003 -15"><span class='ocrx_word' id='word_1_419' title='bbox 449 4726 470 4755; x_wconf 74' lang='lat'><strong>²</strong></span> <span class='ocrx_word' id='word_1_420' title='bbox 492 4723 761 4779; x_wconf 76' lang='lat' dir='ltr'><strong>delectabat</strong></span> <span class='ocrx_word' id='word_1_421' title='bbox 802 4725 856 4775; x_wconf 88' lang='lat' dir='ltr'><strong>in</strong></span> <span class='ocrx_word' id='word_1_422' title='bbox 912 4723 1078 4789; x_wconf 81' lang='lat' dir='ltr'><strong>orig.;</strong></span> <span class='ocrx_word' id='word_1_423' title='bbox 1129 4725 1385 4777; x_wconf 82' lang='lat' dir='ltr'><strong>corrected</strong></span> 
     </span>
     <span class='ocr_line' id='line_1_47' title="bbox 2074 4809 2214 4861; baseline 0.014 -2"><span class='ocrx_word' id='word_1_424' title='bbox 2074 4809 2119 4859; x_wconf 78' lang='lat' dir='ltr'>G</span> <span class='ocrx_word' id='word_1_425' title='bbox 2168 4811 2214 4861; x_wconf 80' lang='lat' dir='ltr'>G</span> 
     </span>
    </p>
   </div>
  </div>
 </body>
</html>
