3300 5617
790 762 919 825 332
1174 844 1181 853 ι
1456 773 1714 822 mona:
1760 771 2229 823 vammum

451 967 589 1019 A.D.
617 968 760 1018 1377.
787 967 979 1017 turres
1006 966 1275 1030 quatuor,
1304 959 1365 1013 in
1391 959 1682 1031 superiori
1706 964 1872 1031 parte
1889 958 2028 1014 Fori
2052 959 2367 1025 venalium,
2397 961 2553 1031 quod
2581 963 2620 989 “
2642 961 2844 1033 Chepe
2861 960 2897 986 ’³
2926 958 3042 1010 MS.
3065 959 3180 1010 Bibl.

786 1051 1185 1116 nuncupatui-3
1250 1044 1323 1098 de
1360 1061 1476 1114 quo
1530 1042 1710 1098 etiam
1762 1060 1869 1115 per
1927 1044 2072 1099 duas
2133 1050 2330 1115 partes
2389 1046 2593 1101 vinum
2654 1046 2902 1102 defluxit
2925 1026 3056 1090 ¹³⁶3·
3083 1032 3136 1076 ¹³

786 1129 1159 1185 abundanter.
1250 1128 1323 1183 In
1358 1127 1622 1183 turribus
1659 1132 1858 1183 autem
1908 1127 2036 1198 ejus
2089 1134 2340 1199 quatuor
2374 1130 2636 1201 virgines
2675 1130 2897 1201 specio-
2925 1092 2988 1143 E*
3011 1106 3084 1144 α’

787 1214 1035 1270 sissimae
1083 1212 1101 1245 ¹
1117 1211 1413 1267 collocatae
1462 1213 1713 1277 fuerant,
1772 1217 2013 1268 staturae
2068 1218 2129 1267 et
2163 1214 2353 1269 aetatis
2388 1215 2590 1285 regius,
2630 1215 2896 1271 vestibus

786 1299 937 1354 albis
988 1297 1227 1361 indutae,
1280 1297 1345 1351 in
1400 1295 1664 1368 qualibet
1720 1296 1875 1352 turri
1926 1314 2078 1364 una;
2145 1316 2277 1368 quae
2338 1298 2677 1355 adventanti
2739 1299 2893 1371 Regi

785 1380 989 1455 procul
1049 1399 1229 1437 aurea
1286 1380 1429 1435 folia
1485 1379 1549 1435 in
1622 1380 1752 1452 ejus
1827 1380 2038 1435 faciem
2112 1381 2470 1447 efflaverunt,
2535 1388 2597 1439 et
2653 1383 2892 1455 propius

785 1466 1102 1529 accedenti,
1141 1466 1387 1520 florenos
1425 1481 1651 1529 aureos,
1709 1463 1813 1520 sed
1864 1464 2232 1536 sophisticos,
2284 1483 2462 1537 super
2497 1484 2634 1522 eum
2670 1474 2732 1524 et
2767 1469 2893 1539 ejus

785 1550 1144 1605 dextrarium
1178 1549 1566 1621 projecerunt.
1644 1548 1796 1604 Cum
1831 1553 2030 1603 autem
2067 1556 2201 1604 ante
2237 1551 2545 1605 castellum
2577 1557 2601 1587 ¹
2616 1551 2887 1616 venisset,

785 1634 987 1705 ciphos
1037 1651 1245 1689 aureos
1296 1638 1663 1703 acceperunt,
1722 1637 1782 1688 et
1831 1632 2143 1703 implentes
2199 1649 2299 1688 eos
2348 1634 2486 1689 vino
2537 1634 2614 1689 ad
2666 1635 2891 1691 fistulas

785 1717 928 1772 dicti
965 1717 1209 1781 castelli,
1250 1716 1403 1787 Regi
1441 1722 1617 1787 atque
1669 1716 1937 1772 Dominis
1988 1716 2343 1773 obtulerunt.
2433 1718 2508 1773 In
2556 1720 2889 1775 summitate

783 1801 1028 1866 castelli,
1059 1820 1189 1873 quae
1214 1802 1289 1857 ad
1310 1799 1549 1856 modum
1587 1800 1694 1855 tali
1733 1800 1887 1855 inter
1925 1806 2175 1871 quatuor
2211 1808 2405 1857 turres
2430 1802 2658 1859 elevata
2679 1804 2885 1869 filei-at,

781 1886 1007 1959 positus
1063 1892 1190 1941 erat
1224 1885 1471 1957 angelus
1507 1902 1741 1949 aureus,
1794 1890 2000 1939 tenens
2050 1902 2290 1940 auream
2325 1904 2598 1941 coronam
2635 1887 2697 1941 in
2728 1886 2751 1920 ⁸
2767 1906 2886 1942 ma·

780 1971 973 2035 nibus,
1031 1971 1133 2042 qui
1188 1970 1210 2003 ⁴
1228 1969 1334 2025 tali
1388 1970 1626 2040 ingenio
1676 1970 1867 2024 factus
1921 1969 2154 2034 fuerat,·
2207 1976 2276 2026 ut
2333 1970 2672 2027 adventanti
2733 1971 2884 2043 Regi

781 2072 1054 2110 coronam
1102 2054 1434 2126 porrigeret
1482 2052 1833 2108 inclinando·
1939 2051 2276 2109 Adinventa
2329 2061 2466 2110 sunt
2519 2055 2623 2110 illo
2674 2055 2768 2110 die
2828 2057 2888 2111 in

781 2139 1018 2194 civitate
1055 2144 1116 2194 et
1150 2138 1267 2193 alia
1315 2137 1503 2217 multa
1554 2137 1618 2191 in
1669 2136 1949 2192 honorem
1999 2137 2202 2209 Regis,
2259 2156 2390 2208 quse
2442 2156 2749 2193 numerare
2783 2158 2888 2211 per

783 2223 1018 2294 singula
1075 2222 1318 2293 longum
1377 2222 1546 2276 foret.
1646 2220 1805 2276 Nam
1876 2221 2099 2292 singuli
2158 2239 2264 2293 per
2321 2223 2485 2278 vicos
2547 2228 2608 2277 et
2665 2223 2886 2294 plateas

449 2326 561 2377 The
577 2326 719 2392 King
782 2307 1170 2370 decertarunt,
1235 2306 1369 2378 quis
1442 2306 1496 2360 ei
1568 2305 2006 2378 propensiorem
2092 2306 2483 2362 reverentiam
2570 2307 2882 2364 exhiberet.

446 2394 636 2443 arrives
657 2400 709 2443 at
783 2391 980 2462 Igitur
1053 2408 1187 2446 cum
1256 2396 1419 2445 tanto
1488 2389 1680 2462 plebis
1752 2389 2088 2461 civiumque
2162 2390 2443 2464 tripudiO,
2520 2410 2658 2447 cum
2727 2398 2887 2448 tanto

448 2460 534 2510 ὼε
557 2462 602 2510 P
601 2461 742 2511 me
778 2475 1144 2530 dominorum
1192 2491 1616 2546 procerumque
1668 2474 1904 2544 gaudi0,
1943 2474 2265 2545 perductus
2322 2481 2413 2531 est
2462 2474 2538 2530 ad
2591 2475 2886 2531 Palatium

447 2527 697 2644 ἓξὲξ
780 2560 1013 2629 regium
1046 2576 1226 2631 prope
1262 2558 1686 2613 Monasterium
1727 2556 2118 2622 Occidentale,
2159 2559 2262 2613 ubi
2298 2558 2403 2613 illa
2436 2564 2606 2619 nocte
2645 2561 2884 2630 quievit.

449 2632 754 2728 comnagion
852 2644 964 2698 Die
1013 2643 1053 2698 J
1056 2644 1200 2707 ovis,
1252 2642 1315 2697 id
1363 2648 1455 2697 est
1500 2641 1916 2696 sexto-decimo
1953 2640 2047 2696 die
2086 2641 2126 2696 J
2128 2642 2256 2706 ulii,
2295 2642 2572 2698 videlicet
2618 2644 2887 2716 septimo—

447 2745 510 2793 ος
525 2744 665 2809 King
780 2727 1006 2783 decimo
1042 2726 1341 2782 Kalendas
1376 2726 1658 2796 Augusti,
1697 2724 1930 2795 Vigilia
1967 2725 2165 2780 Sancti
2201 2725 2478 2782 Kenelmi
2514 2727 2717 2798 Regis,
2758 2746 2886 2783 con-

446 2811 685 2873 Richard,
779 2812 1146 2868 venientibus
1182 2810 1639 2882 Arcbiepiscopo
1694 2814 1755 2864 et
1806 2808 2133 2880 Episcopis,
2187 2811 2476 2882 regnique
2527 2813 2882 2884 proceribus,

452 2883 513 2928 ¹⁶
535 2877 663 2944 ‘July
782 2897 857 2951 ad
931 2896 1523 2952 westmonasterium
1605 2911 1834 2949 summo
1918 2911 2108 2959 mane,
2184 2894 2453 2951 ordinata
2522 2897 2885 2967 processione

451 2947 594 2995 ¹³⁷⁷·
781 2980 1197 3035 monachorum
1247 2980 1310 3034 in
1369 2979 1550 3050 capis,
1614 2977 1891 3048 Episcopi
1952 2994 2087 3031 cum
2146 2977 2445 3033 monachis
2522 2979 2600 3034 ad
2675 2982 2886 3034 ostium

780 3063 934 3133 regii
993 3063 1237 3118 thalami
1296 3066 1708 3133 pervenerunt,
1774 3067 1835 3116 et
1892 3065 2163 3131 paratum
2234 3061 2461 3132 Regem
2531 3064 2884 3134 reperientes

446 3162 739 3213 Pmoessjon
780 3146 999 3201 ibidem
1033 3165 1139 3218 per
1189 3163 1397 3201 manus
1435 3144 1538 3217 qui
1592 3144 1721 3216 ejus
1776 3144 2059 3199 lateribus
2113 3144 2443 3211 astiterunt,
2496 3147 2888 3217 perduxerunt

446 3237 499 3280 to
520 3230 607 3279 the
781 3230 843 3284 in
879 3231 1187 3285 ecclesiam
1238 3230 1438 3285 Sancti
1487 3229 1672 3293 Petri,
1725 3234 2025 3283 cantantes
2061 3228 2457 3301 Antiphonam
2503 3231 2568 3286 in
2611 3231 2886 3287 honorem

447 3296 652 3348 Chumh
778 3314 1065 3386 Apostoli,
1107 3332 1242 3370 cum
1264 3314 1521 3369 oratione
1563 3312 1914 3385 competenti
1949 3313 2240 3384 adjuncta,
2280 3319 2342 3369 et
2374 3313 2485 3369 hac
2520 3316 2779 3371 oratione
2798 3339 2887 3381 3-

444 3362 681 3480 &iggi-
784 3402 821 3425 ‘⁴
844 3399 1024 3462 Deus,
1050 3398 1365 3453 humilium
1389 3398 1677 3461 visitator,
1719 3396 1821 3467 qui
1845 3414 1950 3451 nos
1975 3402 2080 3452 tua
2112 3397 2513 3453 misericordia
2550 3401 2881 3465 consolari&

653 3466 669 3483 ⁶
785 3485 823 3509 “
862 3481 1156 3553 praetende
1224 3500 1400 3552 super
1462 3481 1751 3536 famulum
1811 3487 1997 3545 tuum,
2050 3480 2277 3551 Regem
2323 3489 2608 3549 nostrum,
2665 3485 2887 3543 miseri-

783 3569 823 3592 “
862 3565 1121 3621 cordiam
1159 3571 1341 3629 tuam,
1388 3570 1457 3620 ut
1496 3582 1603 3636 per
1642 3582 1777 3619 eum
1813 3570 1981 3619 tuum
2023 3564 2084 3618 in
2122 3563 2290 3619 nobis
2329 3564 2531 3621 adesse
2571 3569 2885 3623 sentiamus

785 3653 823 3676 “
861 3649 1236 3705 adventum.”
1310 3649 1439 3704 Rex
1483 3667 1643 3713 vero,
1695 3666 1830 3703 mox
1893 3655 1962 3703 nt
2008 3648 2191 3703 altare
2237 3650 2522 3720 pervenit,
2573 3654 2890 3722 prostravit

781 3751 843 3789 se
893 3734 1017 3789 solo
1064 3740 1236 3789 tenus
1286 3739 1420 3789 ante
1490 3734 1712 3798 altare;
1775 3732 2176 3804 pavimentum
2234 3739 2429 3788 autem
2485 3740 2732 3791 stratum
2779 3737 2890 3792 fuit

778 3817 975 3889 palliis
1017 3823 1079 3873 et
1119 3818 1351 3889 tapetis.
1426 3817 1765 3881 Prosecuta,
1809 3823 1877 3872 ut
1917 3815 2190 3881 diximus,
2250 3818 2529 3883 oratione,
2586 3819 2891 3892 Arcbiepi·

780 3920 1009 3973 scopae,
1037 3920 1173 3958 cum
1196 3902 1505 3973 Episcopis
1531 3901 1633 3973 qui
1659 3901 1919 3965 aderant,
1954 3901 2276 3973 prostravit
2298 3918 2361 3956 se
2386 3920 2563 3973 super
2597 3904 2891 3975 pavimen·

779 3992 908 4041 tum
943 3986 1101 4041 circa
1146 3985 1391 4058 Regem.
1486 3985 1754 4049 Interim,
1807 3985 1923 4040 duo
1983 3984 2260 4056 Episcopi
2321 3985 2622 4042 Letaniam
2683 3987 2888 4044 devote

446 4092 636 4144 Divino
658 4110 758 4146 ser,
782 4076 1122 4137 cantarunt3
1188 4088 1306 4141 qua
1358 4069 1605 4141 expleta,
1662 4075 1892 4125 erectus
1950 4069 2079 4124 Rex
2137 4068 2348 4125 ductus
2408 4076 2500 4125 est
2557 4070 2632 4125 ad
2692 4073 2888 4127 sedem

446 4160 560 4210 vice
583 4163 686 4212 and
781 4173 965 4219 suam,
1003 4156 1179 4210 choro
1217 4154 1367 4210 hanc
1401 4154 1799 4225 Antiphonem
1839 4152 2318 4219 decantante,—“
2339 4153 2637 4210 Firmetur
2682 4175 2887 4213 manus

447 4227 657 4277 semum
785 4242 823 4266 “
861 4238 1025 4294 tua.”
1121 4239 1285 4294 Tunc
1331 4238 1658 4311 Episcopus
1708 4255 2034 4293 sermonem
2081 4237 2240 4304 fecit,
2291 4238 2364 4293 de
2410 4240 2656 4295 materia
2704 4241 2887 4312 Regis

446 4293 610 4346 there·
782 4329 843 4378 et
875 4323 1065 4392 regui,
1105 4323 1180 4378 ad
1228 4324 1527 4394 populum,
1582 4322 1835 4395 qualiter
1880 4322 2008 4377 Rex
2057 4339 2119 4377 se
2167 4322 2410 4379 haberet
2455 4325 2516 4378 in
2552 4326 2788 4396 populo,
2829 4335 2890 4382 et

783 4407 843 4461 in
881 4407 1093 4478 quibus
1130 4408 1380 4479 populus
1419 4408 1529 4463 sibi
1569 4407 1774 4462 debuit
1809 4406 2060 4461 obedire.

844 4614 861 4645 ¹
886 4611 1069 4663 collatoe
1090 4613 1145 4663 in
1167 4615 1253 4666 the
1285 4616 1482 4679 printed
1504 4622 1649 4667 texts.
1830 4616 1844 4685 Ι
1886 4614 1974 4665 bns
1994 4614 2051 4665 in
2074 4617 2159 4666 the
2180 4616 2379 4681 printed
2398 4624 2532 4669 texts
2557 4638 2569 4668 :
2596 4617 2714 4668 mali
2734 4619 2780 4670 is
2800 4626 2893 4671 not

846 4694 867 4723 ²
883 4694 1122 4742 venissent
1141 4694 1196 4743 in
1220 4695 1484 4746 Camden’s
1506 4703 1631 4746 text.
1885 4695 2042 4746 found
2064 4695 2120 4744 in
2155 4696 2291 4747 Bibl.
2320 4698 2447 4762 Reg.
2482 4704 2543 4749 13
2566 4699 2626 4748 Ε.
2651 4698 2723 4751 ix.

848 4774 867 4802 ²
889 4770 1215 4824 malimnibus
1236 4774 1292 4824 in
1313 4774 1465 4839 orig.;
1489 4774 1607 4825 mali
1627 4776 1781 4826 mam'-
1949 4779 1968 4808 *
1993 4779 2042 4827 in
2065 4776 2154 4828 tali
2170 4778 2224 4827 in
2239 4778 2324 4829 the
2339 4779 2539 4843 printed
2556 4786 2705 4832 texts.
