<?xml version="1.0" encoding="UTF-8"?>
<!DOCTYPE html PUBLIC "-//W3C//DTD XHTML 1.0 Transitional//EN"
    "http://www.w3.org/TR/xhtml1/DTD/xhtml1-transitional.dtd">
<html xmlns="http://www.w3.org/1999/xhtml" xml:lang="en" lang="en">
 <head>
  <title>
</title>
<meta http-equiv="Content-Type" content="text/html;charset=utf-8" />
  <meta name='ocr-system' content='tesseract 3.04.00' />
  <meta name='ocr-capabilities' content='ocr_page ocr_carea ocr_par ocr_line ocrx_word'/>
</head>
<body>
  <div class='ocr_page' id='page_1' title='image "./thomaewalsingha00unkngoog_0037.png"; bbox 0 0 3300 5617; ppageno 0'>
   <div class='ocr_carea' id='block_1_1' title="bbox 854 1517 2036 1599">
    <p class='ocr_par' dir='ltr' id='par_1_1' title="bbox 854 1517 2036 1599">
     <span class='ocr_line' id='line_1_1' title="bbox 854 1517 2036 1599; baseline 0.004 -6"><span class='ocrx_word' id='word_1_1' title='bbox 854 1517 1341 1596; x_wconf 72' lang='lat' dir='ltr'><strong>&#39;PRAE&#39;FATIO</strong></span> <span class='ocrx_word' id='word_1_2' title='bbox 1385 1519 1502 1596; x_wconf 91' lang='lat' dir='ltr'><strong>AD</strong></span> <span class='ocrx_word' id='word_1_3' title='bbox 1553 1519 2036 1599; x_wconf 84' lang='lat' dir='ltr'><strong>LECTOREM.</strong></span> 
     </span>
    </p>
   </div>
   <div class='ocr_carea' id='block_1_2' title="bbox 1134 1749 1613 1758">
    <p class='ocr_par' dir='ltr' id='par_1_2' title="bbox 1134 1749 1613 1758">
     <span class='ocr_line' id='line_1_2' title="bbox 1134 1749 1613 1758; baseline 0 3859"><span class='ocrx_word' id='word_1_4' title='bbox 1134 1749 1613 1758; x_wconf 95' lang='lat' dir='ltr'><strong> </strong></span> 
     </span>
    </p>
   </div>
   <div class='ocr_carea' id='block_1_3' title="bbox 1630 1751 1795 1759">
    <p class='ocr_par' dir='ltr' id='par_1_3' title="bbox 1630 1751 1795 1759">
     <span class='ocr_line' id='line_1_3' title="bbox 1630 1751 1795 1759; baseline 0.012 -2"><span class='ocrx_word' id='word_1_5' title='bbox 1630 1751 1795 1759; x_wconf 55' lang='grc' dir='ltr'><strong>..Ἢ</strong></span> 
     </span>
    </p>
   </div>
   <div class='ocr_carea' id='block_1_4' title="bbox 401 1922 2566 4470">
    <p class='ocr_par' dir='ltr' id='par_1_4' title="bbox 401 1922 2566 4470">
     <span class='ocr_line' id='line_1_4' title="bbox 502 1922 2512 2007; baseline 0.001 -15"><span class='ocrx_word' id='word_1_6' title='bbox 502 1922 664 1992; x_wconf 81' lang='lat' dir='ltr'><strong>Ctm</strong></span> <span class='ocrx_word' id='word_1_7' title='bbox 730 1945 849 1991; x_wconf 89' lang='lat' dir='ltr'><strong>nos</strong></span> <span class='ocrx_word' id='word_1_8' title='bbox 909 1947 1044 1992; x_wconf 94' lang='lat' dir='ltr'><strong>non</strong></span> <span class='ocrx_word' id='word_1_9' title='bbox 1102 1926 1295 1992; x_wconf 81' lang='lat' dir='ltr'><strong>nobis</strong></span> <span class='ocrx_word' id='word_1_10' title='bbox 1354 1926 1567 1993; x_wconf 90' lang='lat' dir='ltr'><strong>solum</strong></span> <span class='ocrx_word' id='word_1_11' title='bbox 1627 1933 1823 1992; x_wconf 86' lang='lat' dir='ltr'><strong>natos</strong></span> <span class='ocrx_word' id='word_1_12' title='bbox 1887 1949 2026 1995; x_wconf 85' lang='lat' dir='ltr'><strong>esse</strong></span> <span class='ocrx_word' id='word_1_13' title='bbox 2071 1929 2512 2007; x_wconf 82' lang='lat' dir='ltr'><strong>meminerim,</strong></span> 
     </span>
     <span class='ocr_line' id='line_1_5' title="bbox 414 2029 2514 2120; baseline 0.001 -23"><span class='ocrx_word' id='word_1_14' title='bbox 414 2029 674 2116; x_wconf 86' lang='lat' dir='ltr'><strong>(Lector</strong></span> <span class='ocrx_word' id='word_1_15' title='bbox 717 2031 995 2119; x_wconf 86' lang='lat' dir='ltr'><strong>optime)</strong></span> <span class='ocrx_word' id='word_1_16' title='bbox 1056 2031 1172 2098; x_wconf 90' lang='lat' dir='ltr'><strong>sed</strong></span> <span class='ocrx_word' id='word_1_17' title='bbox 1223 2032 1475 2119; x_wconf 82' lang='lat' dir='ltr'><strong>patriae,</strong></span> <span class='ocrx_word' id='word_1_18' title='bbox 1544 2032 1947 2120; x_wconf 84' lang='lat' dir='ltr'><strong>parentibus,</strong></span> <span class='ocrx_word' id='word_1_19' title='bbox 2004 2038 2076 2099; x_wconf 83' lang='lat' dir='ltr'><strong>et</strong></span> <span class='ocrx_word' id='word_1_20' title='bbox 2118 2033 2367 2111; x_wconf 84' lang='lat' dir='ltr'><strong>amicis,</strong></span> <span class='ocrx_word' id='word_1_21' title='bbox 2428 2034 2514 2099; x_wconf 89' lang='lat' dir='ltr'><strong>is-</strong></span> 
     </span>
     <span class='ocr_line' id='line_1_6' title="bbox 410 2132 2514 2221; baseline 0 -22"><span class='ocrx_word' id='word_1_22' title='bbox 410 2138 550 2199; x_wconf 84' lang='lat' dir='ltr'><strong>tam</strong></span> <span class='ocrx_word' id='word_1_23' title='bbox 623 2132 894 2200; x_wconf 78' lang='lat' dir='ltr'><strong>Thomas</strong></span> <span class='ocrx_word' id='word_1_24' title='bbox 954 2132 1437 2221; x_wconf 84' lang='lat' dir='ltr'><strong>Walsinghami</strong></span> <span class='ocrx_word' id='word_1_25' title='bbox 1501 2133 1878 2202; x_wconf 72' lang='lat' dir='ltr'><strong>Historiam</strong></span> <span class='ocrx_word' id='word_1_26' title='bbox 1942 2155 2080 2201; x_wconf 90' lang='lat' dir='ltr'><strong>non</strong></span> <span class='ocrx_word' id='word_1_27' title='bbox 2153 2136 2272 2201; x_wconf 90' lang='lat' dir='ltr'><strong>uni</strong></span> <span class='ocrx_word' id='word_1_28' title='bbox 2350 2136 2514 2203; x_wconf 87' lang='lat' dir='ltr'><strong>mihi</strong></span> 
     </span>
     <span class='ocr_line' id='line_1_7' title="bbox 410 2234 2514 2324; baseline 0 -22"><span class='ocrx_word' id='word_1_29' title='bbox 410 2236 667 2324; x_wconf 84' lang='lat' dir='ltr'><strong>private</strong></span> <span class='ocrx_word' id='word_1_30' title='bbox 733 2234 1161 2315; x_wconf 70' lang='lat' dir='ltr'><strong>retinendam,</strong></span> <span class='ocrx_word' id='word_1_31' title='bbox 1209 2236 1325 2302; x_wconf 89' lang='lat' dir='ltr'><strong>sed</strong></span> <span class='ocrx_word' id='word_1_32' title='bbox 1370 2237 1455 2303; x_wconf 90' lang='lat' dir='ltr'><strong>ad</strong></span> <span class='ocrx_word' id='word_1_33' title='bbox 1502 2257 1916 2303; x_wconf 91' lang='lat' dir='ltr'><strong>communem</strong></span> <span class='ocrx_word' id='word_1_34' title='bbox 1988 2239 2284 2304; x_wconf 85' lang='lat' dir='ltr'><strong>omnium</strong></span> <span class='ocrx_word' id='word_1_35' title='bbox 2330 2239 2514 2305; x_wconf 91' lang='lat' dir='ltr'><strong>utili-</strong></span> 
     </span>
     <span class='ocr_line' id='line_1_8' title="bbox 408 2336 2566 2429; baseline 0.001 -25"><span class='ocrx_word' id='word_1_36' title='bbox 408 2343 615 2405; x_wconf 86' lang='lat' dir='ltr'><strong>tatem</strong></span> <span class='ocrx_word' id='word_1_37' title='bbox 662 2336 1157 2427; x_wconf 79' lang='lat' dir='ltr'><strong>divulgandam,</strong></span> <span class='ocrx_word' id='word_1_38' title='bbox 1204 2339 1477 2426; x_wconf 85' lang='lat' dir='ltr'><strong>putavi:</strong></span> <span class='ocrx_word' id='word_1_39' title='bbox 1545 2339 1747 2426; x_wconf 88' lang='lat' dir='ltr'><strong>idque</strong></span> <span class='ocrx_word' id='word_1_40' title='bbox 1792 2362 1870 2406; x_wconf 89' lang='lat' dir='ltr'><strong>eo</strong></span> <span class='ocrx_word' id='word_1_41' title='bbox 1915 2341 2147 2429; x_wconf 89' lang='lat' dir='ltr'><strong>magis,</strong></span> <span class='ocrx_word' id='word_1_42' title='bbox 2202 2343 2513 2428; x_wconf 87' lang='lat' dir='ltr'><strong>quoniam</strong></span> <span class='ocrx_word' id='word_1_43' title='bbox 2559 2405 2566 2414; x_wconf 85' lang='grc'><em>,</em></span> 
     </span>
     <span class='ocr_line' id='line_1_9' title="bbox 407 2440 2514 2529; baseline 0.002 -24"><span class='ocrx_word' id='word_1_44' title='bbox 407 2440 517 2507; x_wconf 87' lang='lat' dir='ltr'><strong>ille</strong></span> <span class='ocrx_word' id='word_1_45' title='bbox 577 2440 1030 2529; x_wconf 78' lang='lat' dir='ltr'><strong>percommode</strong></span> <span class='ocrx_word' id='word_1_46' title='bbox 1104 2441 1395 2507; x_wconf 84' lang='lat' dir='ltr'><strong>exordiri</strong></span> <span class='ocrx_word' id='word_1_47' title='bbox 1469 2440 1636 2508; x_wconf 89' lang='lat' dir='ltr'><strong>mihi</strong></span> <span class='ocrx_word' id='word_1_48' title='bbox 1712 2442 1984 2509; x_wconf 83' lang='lat' dir='ltr'><strong>videtur</strong></span> <span class='ocrx_word' id='word_1_49' title='bbox 2060 2444 2146 2509; x_wconf 91' lang='lat' dir='ltr'><strong>ab</strong></span> <span class='ocrx_word' id='word_1_50' title='bbox 2207 2443 2288 2508; x_wconf 86' lang='lat' dir='ltr'><em>H</em></span> <span class='ocrx_word' id='word_1_51' title='bbox 2283 2444 2514 2510; x_wconf 71' lang='lat' dir='ltr'><strong>enrico</strong></span> 
     </span>
     <span class='ocr_line' id='line_1_10' title="bbox 411 2542 2514 2631; baseline 0.001 -22"><span class='ocrx_word' id='word_1_52' title='bbox 411 2542 630 2609; x_wconf 76' lang='lat' dir='ltr'><strong>Tertio</strong></span> <span class='ocrx_word' id='word_1_53' title='bbox 680 2542 877 2630; x_wconf 84' lang='lat' dir='ltr'><strong>Rege,</strong></span> <span class='ocrx_word' id='word_1_54' title='bbox 922 2544 996 2610; x_wconf 92' lang='lat' dir='ltr'><strong>in</strong></span> <span class='ocrx_word' id='word_1_55' title='bbox 1025 2565 1156 2631; x_wconf 92' lang='lat' dir='ltr'><strong>quo</strong></span> <span class='ocrx_word' id='word_1_56' title='bbox 1184 2566 1344 2613; x_wconf 85' lang='lat' dir='ltr'><strong>vera</strong></span> <span class='ocrx_word' id='word_1_57' title='bbox 1381 2544 1501 2610; x_wconf 88' lang='lat' dir='ltr'><strong>illa</strong></span> <span class='ocrx_word' id='word_1_58' title='bbox 1544 2550 1615 2611; x_wconf 84' lang='lat' dir='ltr'><strong>et</strong></span> <span class='ocrx_word' id='word_1_59' title='bbox 1658 2545 1874 2611; x_wconf 86' lang='lat' dir='ltr'><strong>fidelis</strong></span> <span class='ocrx_word' id='word_1_60' title='bbox 1922 2545 2231 2613; x_wconf 83' lang='lat' dir='ltr'><strong>Matthaei</strong></span> <span class='ocrx_word' id='word_1_61' title='bbox 2277 2546 2514 2612; x_wconf 80' lang='lat' dir='ltr'><strong>Parisii</strong></span> 
     </span>
     <span class='ocr_line' id='line_1_11' title="bbox 409 2643 2513 2727; baseline 0.003 -17"><span class='ocrx_word' id='word_1_62' title='bbox 409 2643 712 2712; x_wconf 87' lang='lat' dir='ltr'><strong>Historia</strong></span> <span class='ocrx_word' id='word_1_63' title='bbox 755 2645 968 2712; x_wconf 89' lang='lat' dir='ltr'><strong>desiit.</strong></span> <span class='ocrx_word' id='word_1_64' title='bbox 1092 2646 1233 2713; x_wconf 84' lang='lat' dir='ltr'><strong>Lex</strong></span> <span class='ocrx_word' id='word_1_65' title='bbox 1276 2653 1499 2714; x_wconf 81' lang='lat' dir='ltr'><strong>autem</strong></span> <span class='ocrx_word' id='word_1_66' title='bbox 1545 2669 1697 2713; x_wconf 88' lang='lat' dir='ltr'><strong>cum</strong></span> <span class='ocrx_word' id='word_1_67' title='bbox 1744 2647 1884 2715; x_wconf 84' lang='lat' dir='ltr'><strong>haec</strong></span> <span class='ocrx_word' id='word_1_68' title='bbox 1927 2650 2020 2715; x_wconf 89' lang='lat' dir='ltr'><strong>sit</strong></span> <span class='ocrx_word' id='word_1_69' title='bbox 2065 2648 2377 2727; x_wconf 77' lang='lat' dir='ltr'><strong>historiae,</strong></span> <span class='ocrx_word' id='word_1_70' title='bbox 2433 2656 2513 2717; x_wconf 89' lang='lat' dir='ltr'><strong>ut</strong></span> 
     </span>
     <span class='ocr_line' id='line_1_12' title="bbox 406 2749 2512 2838; baseline 0.002 -24"><span class='ocrx_word' id='word_1_71' title='bbox 406 2749 500 2814; x_wconf 90' lang='lat' dir='ltr'><strong>rei</strong></span> <span class='ocrx_word' id='word_1_72' title='bbox 543 2750 766 2837; x_wconf 86' lang='lat' dir='ltr'><strong>potius</strong></span> <span class='ocrx_word' id='word_1_73' title='bbox 813 2751 1162 2816; x_wconf 87' lang='lat' dir='ltr'><strong>veritatem</strong></span> <span class='ocrx_word' id='word_1_74' title='bbox 1212 2772 1409 2837; x_wconf 87' lang='lat' dir='ltr'><strong>quam</strong></span> <span class='ocrx_word' id='word_1_75' title='bbox 1451 2750 1771 2816; x_wconf 89' lang='lat' dir='ltr'><strong>orationis</strong></span> <span class='ocrx_word' id='word_1_76' title='bbox 1828 2751 2226 2838; x_wconf 73' lang='lat' dir='ltr'><strong>elegantiam</strong></span> <span class='ocrx_word' id='word_1_77' title='bbox 2259 2752 2512 2818; x_wconf 89' lang='lat' dir='ltr'><strong>deside·</strong></span> 
     </span>
     <span class='ocr_line' id='line_1_13' title="bbox 404 2851 2509 2940; baseline 0.001 -22"><span class='ocrx_word' id='word_1_78' title='bbox 404 2857 523 2927; x_wconf 89' lang='lat' dir='ltr'><strong>ret,</strong></span> <span class='ocrx_word' id='word_1_79' title='bbox 588 2851 758 2918; x_wconf 91' lang='lat' dir='ltr'><strong>illud</strong></span> <span class='ocrx_word' id='word_1_80' title='bbox 822 2869 927 2918; x_wconf 87' lang='lat' dir='ltr'><strong>me</strong></span> <span class='ocrx_word' id='word_1_81' title='bbox 994 2874 1257 2939; x_wconf 88' lang='lat' dir='ltr'><strong>quoquo</strong></span> <span class='ocrx_word' id='word_1_82' title='bbox 1342 2853 1537 2919; x_wconf 91' lang='lat' dir='ltr'><strong>modo</strong></span> <span class='ocrx_word' id='word_1_83' title='bbox 1606 2851 1948 2919; x_wconf 86' lang='lat' dir='ltr'><strong>dehortari</strong></span> <span class='ocrx_word' id='word_1_84' title='bbox 2012 2875 2147 2919; x_wconf 91' lang='lat' dir='ltr'><strong>non</strong></span> <span class='ocrx_word' id='word_1_85' title='bbox 2223 2861 2509 2940; x_wconf 88' lang='lat' dir='ltr'><strong>poterat,</strong></span> 
     </span>
     <span class='ocr_line' id='line_1_14' title="bbox 406 2952 2511 3044; baseline 0.001 -24"><span class='ocrx_word' id='word_1_86' title='bbox 406 2952 582 3042; x_wconf 88' lang='lat' dir='ltr'><strong>quod</strong></span> <span class='ocrx_word' id='word_1_87' title='bbox 612 2953 725 3021; x_wconf 86' lang='lat' dir='ltr'><strong>ille</strong></span> <span class='ocrx_word' id='word_1_88' title='bbox 755 2976 966 3020; x_wconf 89' lang='lat' dir='ltr'><strong>crasso</strong></span> <span class='ocrx_word' id='word_1_89' title='bbox 995 2975 1070 3021; x_wconf 88' lang='lat' dir='ltr'><strong>ac</strong></span> <span class='ocrx_word' id='word_1_90' title='bbox 1096 2953 1419 3021; x_wconf 72' lang='lat' dir='ltr'><strong>levidensi</strong></span> <span class='ocrx_word' id='word_1_91' title='bbox 1448 2956 1563 3021; x_wconf 86' lang='lat' dir='ltr'><strong>filo</strong></span> <span class='ocrx_word' id='word_1_92' title='bbox 1593 2955 1942 3043; x_wconf 72' lang='lat' dir='ltr'><strong>scripserit.</strong></span> <span class='ocrx_word' id='word_1_93' title='bbox 2013 2956 2299 3044; x_wconf 80' lang='lat' dir='ltr'><strong>Egregia</strong></span> <span class='ocrx_word' id='word_1_94' title='bbox 2333 2957 2511 3023; x_wconf 89' lang='lat' dir='ltr'><strong>enim</strong></span> 
     </span>
     <span class='ocr_line' id='line_1_15' title="bbox 405 3047 2512 3144; baseline 0 -21"><span class='ocrx_word' id='word_1_95' title='bbox 405 3062 475 3123; x_wconf 89' lang='lat' dir='ltr'><strong>et</strong></span> <span class='ocrx_word' id='word_1_96' title='bbox 535 3057 876 3123; x_wconf 85' lang='lat' dir='ltr'><strong>rarissima</strong></span> <span class='ocrx_word' id='word_1_97' title='bbox 917 3062 1108 3144; x_wconf 84' lang='lat' dir='ltr'><strong>gesta</strong></span> <span class='ocrx_word' id='word_1_98' title='bbox 1151 3079 1299 3123; x_wconf 90' lang='lat' dir='ltr'><strong>cum</strong></span> <span class='ocrx_word' id='word_1_99' title='bbox 1363 3058 1542 3124; x_wconf 81' lang='lat' dir='ltr'><strong>illius</strong></span> <span class='ocrx_word' id='word_1_100' title='bbox 1609 3047 1891 3124; x_wconf 83' lang='lat' dir='ltr'><strong>historia</strong></span> <span class='ocrx_word' id='word_1_101' title='bbox 1954 3059 2315 3139; x_wconf 85' lang='lat' dir='ltr'><strong>contineat,</strong></span> <span class='ocrx_word' id='word_1_102' title='bbox 2376 3082 2512 3125; x_wconf 91' lang='lat' dir='ltr'><strong>non</strong></span> 
     </span>
     <span class='ocr_line' id='line_1_16' title="bbox 406 3159 2507 3249; baseline 0.001 -25"><span class='ocrx_word' id='word_1_103' title='bbox 406 3159 643 3225; x_wconf 84' lang='lat' dir='ltr'><strong>dubito</strong></span> <span class='ocrx_word' id='word_1_104' title='bbox 673 3159 838 3246; x_wconf 89' lang='lat' dir='ltr'><strong>quin</strong></span> <span class='ocrx_word' id='word_1_105' title='bbox 881 3160 1098 3226; x_wconf 85' lang='lat' dir='ltr'><strong>multa</strong></span> <span class='ocrx_word' id='word_1_106' title='bbox 1139 3159 1317 3245; x_wconf 88' lang='lat' dir='ltr'><strong>apud</strong></span> <span class='ocrx_word' id='word_1_107' title='bbox 1363 3181 1483 3226; x_wconf 92' lang='lat' dir='ltr'><strong>nos</strong></span> <span class='ocrx_word' id='word_1_108' title='bbox 1528 3159 1845 3247; x_wconf 84' lang='lat' dir='ltr'><strong>praeclara</strong></span> <span class='ocrx_word' id='word_1_109' title='bbox 1887 3160 2157 3249; x_wconf 85' lang='lat' dir='ltr'><strong>ingenia</strong></span> <span class='ocrx_word' id='word_1_110' title='bbox 2202 3162 2356 3241; x_wconf 89' lang='lat' dir='ltr'><strong>sint,</strong></span> <span class='ocrx_word' id='word_1_111' title='bbox 2390 3162 2507 3248; x_wconf 90' lang='lat' dir='ltr'><strong>qui</strong></span> 
     </span>
     <span class='ocr_line' id='line_1_17' title="bbox 404 3261 2511 3351; baseline 0 -22"><span class='ocrx_word' id='word_1_112' title='bbox 404 3285 548 3329; x_wconf 87' lang='lat' dir='ltr'><strong>cum</strong></span> <span class='ocrx_word' id='word_1_113' title='bbox 595 3284 713 3351; x_wconf 89' lang='lat' dir='ltr'><strong>per</strong></span> <span class='ocrx_word' id='word_1_114' title='bbox 742 3268 1007 3328; x_wconf 82' lang='lat' dir='ltr'><strong>aetatem</strong></span> <span class='ocrx_word' id='word_1_115' title='bbox 1055 3262 1287 3328; x_wconf 88' lang='lat' dir='ltr'><strong>melius</strong></span> <span class='ocrx_word' id='word_1_116' title='bbox 1332 3261 1606 3351; x_wconf 86' lang='lat' dir='ltr'><strong>possint,</strong></span> <span class='ocrx_word' id='word_1_117' title='bbox 1655 3261 1778 3328; x_wconf 90' lang='lat' dir='ltr'><strong>hoc</strong></span> <span class='ocrx_word' id='word_1_118' title='bbox 1821 3261 2001 3328; x_wconf 87' lang='lat' dir='ltr'><strong>illius</strong></span> <span class='ocrx_word' id='word_1_119' title='bbox 2048 3284 2211 3351; x_wconf 89' lang='lat' dir='ltr'><strong>opus</strong></span> <span class='ocrx_word' id='word_1_120' title='bbox 2256 3263 2511 3329; x_wconf 88' lang='lat' dir='ltr'><strong>meliori</strong></span> 
     </span>
     <span class='ocr_line' id='line_1_18' title="bbox 404 3364 2548 3454; baseline 0 -24"><span class='ocrx_word' id='word_1_121' title='bbox 404 3364 552 3431; x_wconf 83' lang='lat' dir='ltr'><strong>fuco</strong></span> <span class='ocrx_word' id='word_1_122' title='bbox 594 3370 667 3431; x_wconf 90' lang='lat' dir='ltr'><strong>et</strong></span> <span class='ocrx_word' id='word_1_123' title='bbox 711 3369 1035 3453; x_wconf 86' lang='lat' dir='ltr'><strong>apparatu</strong></span> <span class='ocrx_word' id='word_1_124' title='bbox 1080 3365 1520 3454; x_wconf 81' lang='lat' dir='ltr'><strong>splendidiore</strong></span> <span class='ocrx_word' id='word_1_125' title='bbox 1565 3364 1921 3432; x_wconf 69' lang='lat' dir='ltr'><strong>illustrent.</strong></span> <span class='ocrx_word' id='word_1_126' title='bbox 2015 3365 2370 3431; x_wconf 81' lang='lat' dir='ltr'><strong>Rationem</strong></span> <span class='ocrx_word' id='word_1_127' title='bbox 2409 3367 2510 3431; x_wconf 89' lang='lat' dir='ltr'><strong>in·</strong></span> <span class='ocrx_word' id='word_1_128' title='bbox 2541 3415 2548 3418; x_wconf 92' lang='lat'>-</span> 
     </span>
     <span class='ocr_line' id='line_1_19' title="bbox 404 3466 2505 3555; baseline -0 -21"><span class='ocrx_word' id='word_1_129' title='bbox 404 3469 602 3534; x_wconf 82' lang='lat' dir='ltr'><strong>terim</strong></span> <span class='ocrx_word' id='word_1_130' title='bbox 646 3473 717 3533; x_wconf 91' lang='lat' dir='ltr'><strong>et</strong></span> <span class='ocrx_word' id='word_1_131' title='bbox 760 3467 1134 3555; x_wconf 86' lang='lat' dir='ltr'><strong>exemplum</strong></span> <span class='ocrx_word' id='word_1_132' title='bbox 1193 3467 1331 3533; x_wconf 87' lang='lat' dir='ltr'><strong>Titi</strong></span> <span class='ocrx_word' id='word_1_133' title='bbox 1400 3466 1577 3532; x_wconf 84' lang='lat' dir='ltr'><strong>Livii</strong></span> <span class='ocrx_word' id='word_1_134' title='bbox 1641 3466 2000 3534; x_wconf 83' lang='lat' dir='ltr'><strong>Frulovisii</strong></span> <span class='ocrx_word' id='word_1_135' title='bbox 2072 3467 2505 3534; x_wconf 82' lang='lat' dir='ltr'><strong>Ferrariensis</strong></span> 
     </span>
     <span class='ocr_line' id='line_1_20' title="bbox 404 3567 2506 3658; baseline 0 -23"><span class='ocrx_word' id='word_1_136' title='bbox 404 3570 558 3635; x_wconf 84' lang='lat' dir='ltr'><strong>odi:</strong></span> <span class='ocrx_word' id='word_1_137' title='bbox 640 3570 757 3657; x_wconf 90' lang='lat' dir='ltr'><strong>qui</strong></span> <span class='ocrx_word' id='word_1_138' title='bbox 822 3591 972 3635; x_wconf 88' lang='lat' dir='ltr'><strong>cum</strong></span> <span class='ocrx_word' id='word_1_139' title='bbox 1035 3568 1334 3635; x_wconf 57' lang='lat' dir='ltr'><strong>Hemdci</strong></span> <span class='ocrx_word' id='word_1_140' title='bbox 1396 3567 1648 3651; x_wconf 70' lang='lat' dir='ltr'><strong>Quinti</strong></span> <span class='ocrx_word' id='word_1_141' title='bbox 1710 3591 1814 3635; x_wconf 89' lang='lat' dir='ltr'><strong>res</strong></span> <span class='ocrx_word' id='word_1_142' title='bbox 1860 3574 2106 3656; x_wconf 79' lang='lat' dir='ltr'><strong>&#39;gestas</strong></span> <span class='ocrx_word' id='word_1_143' title='bbox 2171 3571 2506 3658; x_wconf 87' lang='lat' dir='ltr'><strong>proposito</strong></span> 
     </span>
     <span class='ocr_line' id='line_1_21' title="bbox 401 3670 2502 3760; baseline -0.001 -21"><span class='ocrx_word' id='word_1_144' title='bbox 401 3672 675 3760; x_wconf 82' lang='lat' dir='ltr'><strong>praemio</strong></span> <span class='ocrx_word' id='word_1_145' title='bbox 741 3670 1118 3739; x_wconf 85' lang='lat' dir='ltr'><strong>scribendas</strong></span> <span class='ocrx_word' id='word_1_146' title='bbox 1177 3673 1249 3736; x_wconf 92' lang='lat' dir='ltr'><strong>in</strong></span> <span class='ocrx_word' id='word_1_147' title='bbox 1291 3693 1360 3737; x_wconf 88' lang='lat' dir='ltr'><strong>se</strong></span> <span class='ocrx_word' id='word_1_148' title='bbox 1406 3672 1805 3758; x_wconf 88' lang='lat' dir='ltr'><strong>susciperet;</strong></span> <span class='ocrx_word' id='word_1_149' title='bbox 1860 3693 1944 3737; x_wconf 85' lang='lat' dir='ltr'><strong>ne</strong></span> <span class='ocrx_word' id='word_1_150' title='bbox 1987 3671 2328 3737; x_wconf 84' lang='lat' dir='ltr'><strong>videretur</strong></span> <span class='ocrx_word' id='word_1_151' title='bbox 2388 3694 2502 3736; x_wconf 87' lang='lat' dir='ltr'><strong>au-</strong></span> 
     </span>
     <span class='ocr_line' id='line_1_22' title="bbox 402 3771 2506 3860; baseline 0 -20"><span class='ocrx_word' id='word_1_152' title='bbox 402 3775 665 3841; x_wconf 84' lang='lat' dir='ltr'><strong>thorem</strong></span> <span class='ocrx_word' id='word_1_153' title='bbox 710 3774 1039 3860; x_wconf 82' lang='lat' dir='ltr'><strong>quendam</strong></span> <span class='ocrx_word' id='word_1_154' title='bbox 1083 3771 1370 3857; x_wconf 74' lang='grc' dir='ltr'><strong>ἀνώνυμον</strong></span> <span class='ocrx_word' id='word_1_155' title='bbox 1414 3774 1662 3840; x_wconf 89' lang='lat' dir='ltr'><strong>eisdem</strong></span> <span class='ocrx_word' id='word_1_156' title='bbox 1691 3774 1994 3860; x_wconf 87' lang='lat' dir='ltr'><strong>vestigiis</strong></span> <span class='ocrx_word' id='word_1_157' title='bbox 2037 3774 2315 3859; x_wconf 80' lang='lat' dir='ltr'><strong>insequi,</strong></span> <span class='ocrx_word' id='word_1_158' title='bbox 2349 3796 2506 3860; x_wconf 90' lang='lat' dir='ltr'><strong>quo-</strong></span> 
     </span>
     <span class='ocr_line' id='line_1_23' title="bbox 402 3873 2507 3964; baseline -0 -22"><span class='ocrx_word' id='word_1_159' title='bbox 402 3878 585 3943; x_wconf 87' lang='lat' dir='ltr'><strong>niam</strong></span> <span class='ocrx_word' id='word_1_160' title='bbox 660 3877 893 3964; x_wconf 81' lang='lat' dir='ltr'><strong>pingui</strong></span> <span class='ocrx_word' id='word_1_161' title='bbox 962 3875 1266 3942; x_wconf 85' lang='lat' dir='ltr'><strong>Minerva</strong></span> <span class='ocrx_word' id='word_1_162' title='bbox 1331 3897 1491 3942; x_wconf 88' lang='lat' dir='ltr'><strong>usus</strong></span> <span class='ocrx_word' id='word_1_163' title='bbox 1558 3879 1745 3954; x_wconf 89' lang='lat' dir='ltr'><strong>esset,</strong></span> <span class='ocrx_word' id='word_1_164' title='bbox 1790 3874 1976 3961; x_wconf 88' lang='lat' dir='ltr'><strong>cujus</strong></span> <span class='ocrx_word' id='word_1_165' title='bbox 2046 3873 2348 3940; x_wconf 79' lang='lat' dir='ltr'><strong>Historia</strong></span> <span class='ocrx_word' id='word_1_166' title='bbox 2414 3877 2507 3941; x_wconf 90' lang='lat' dir='ltr'><strong>sic</strong></span> 
     </span>
     <span class='ocr_line' id='line_1_24' title="bbox 403 3975 2507 4065; baseline -0.001 -19"><span class='ocrx_word' id='word_1_167' title='bbox 403 3979 765 4057; x_wconf 87' lang='lat' dir='ltr'><strong>exorditur,</strong></span> <span class='ocrx_word' id='word_1_168' title='bbox 816 3985 853 4014; x_wconf 92' lang='lat'><strong>“</strong></span> <span class='ocrx_word' id='word_1_169' title='bbox 886 3978 1182 4045; x_wconf 88' lang='lat' dir='ltr'><strong>Lucerna</strong></span> <span class='ocrx_word' id='word_1_170' title='bbox 1246 3978 1463 4065; x_wconf 89' lang='lat' dir='ltr'><strong>posita</strong></span> <span class='ocrx_word' id='word_1_171' title='bbox 1522 3977 1646 4043; x_wconf 88' lang='lat' dir='ltr'><strong>sub</strong></span> <span class='ocrx_word' id='word_1_172' title='bbox 1707 3975 1984 4056; x_wconf 88' lang='lat' dir='ltr'><strong>modio,’&#39;</strong></span> <span class='ocrx_word' id='word_1_173' title='bbox 2042 3976 2256 4042; x_wconf 88' lang='lat' dir='ltr'><strong>multa</strong></span> <span class='ocrx_word' id='word_1_174' title='bbox 2300 3977 2385 4042; x_wconf 85' lang='lat' dir='ltr'><strong>ab</strong></span> <span class='ocrx_word' id='word_1_175' title='bbox 2431 3998 2507 4043; x_wconf 90' lang='lat' dir='ltr'><strong>eo</strong></span> 
     </span>
     <span class='ocr_line' id='line_1_25' title="bbox 405 4078 2504 4170; baseline -0.002 -22"><span class='ocrx_word' id='word_1_176' title='bbox 405 4082 664 4170; x_wconf 85' lang='lat' dir='ltr'><strong>egregie</strong></span> <span class='ocrx_word' id='word_1_177' title='bbox 732 4081 996 4169; x_wconf 85' lang='lat' dir='ltr'><strong>scripta,</strong></span> <span class='ocrx_word' id='word_1_178' title='bbox 1044 4085 1114 4147; x_wconf 86' lang='lat' dir='ltr'><strong>et</strong></span> <span class='ocrx_word' id='word_1_179' title='bbox 1157 4103 1199 4145; x_wconf 86' lang='lat' dir='ltr'><strong>a</strong></span> <span class='ocrx_word' id='word_1_180' title='bbox 1258 4080 1551 4167; x_wconf 85' lang='lat' dir='ltr'><strong>principe</strong></span> <span class='ocrx_word' id='word_1_181' title='bbox 1618 4079 1872 4167; x_wconf 82' lang='lat' dir='ltr'><strong>inclyto</strong></span> <span class='ocrx_word' id='word_1_182' title='bbox 1940 4079 2266 4145; x_wconf 87' lang='lat' dir='ltr'><strong>divinitus</strong></span> <span class='ocrx_word' id='word_1_183' title='bbox 2313 4078 2504 4157; x_wconf 87' lang='lat' dir='ltr'><strong>facta,</strong></span> 
     </span>
     <span class='ocr_line' id='line_1_26' title="bbox 407 4180 2506 4270; baseline -0.003 -20"><span class='ocrx_word' id='word_1_184' title='bbox 407 4184 683 4250; x_wconf 89' lang='lat' dir='ltr'><strong>omnino</strong></span> <span class='ocrx_word' id='word_1_185' title='bbox 710 4183 1152 4270; x_wconf 87' lang='lat' dir='ltr'><strong>praetermisit.</strong></span> <span class='ocrx_word' id='word_1_186' title='bbox 1247 4181 1591 4248; x_wconf 86' lang='lat' dir='ltr'><strong>Curiosam</strong></span> <span class='ocrx_word' id='word_1_187' title='bbox 1620 4183 1821 4248; x_wconf 87' lang='lat' dir='ltr'><strong>istam</strong></span> <span class='ocrx_word' id='word_1_188' title='bbox 1866 4180 1939 4246; x_wconf 87' lang='lat' dir='ltr'><strong>in</strong></span> <span class='ocrx_word' id='word_1_189' title='bbox 1983 4181 2147 4246; x_wconf 89' lang='lat' dir='ltr'><strong>alios</strong></span> <span class='ocrx_word' id='word_1_190' title='bbox 2174 4180 2506 4266; x_wconf 85' lang='lat' dir='ltr'><strong>injuriam,</strong></span> 
     </span>
     <span class='ocr_line' id='line_1_27' title="bbox 409 4282 2508 4373; baseline -0.002 -22"><span class='ocrx_word' id='word_1_191' title='bbox 409 4308 522 4352; x_wconf 90' lang='lat' dir='ltr'><strong>seu</strong></span> <span class='ocrx_word' id='word_1_192' title='bbox 569 4285 922 4352; x_wconf 85' lang='lat' dir='ltr'><strong>delicatam</strong></span> <span class='ocrx_word' id='word_1_193' title='bbox 992 4284 1407 4373; x_wconf 85' lang='lat' dir='ltr'><strong>philantiam,</strong></span> <span class='ocrx_word' id='word_1_194' title='bbox 1472 4306 1608 4350; x_wconf 90' lang='lat' dir='ltr'><strong>non</strong></span> <span class='ocrx_word' id='word_1_195' title='bbox 1653 4283 1961 4372; x_wconf 88' lang='lat' dir='ltr'><strong>approbo,</strong></span> <span class='ocrx_word' id='word_1_196' title='bbox 2008 4282 2311 4369; x_wconf 88' lang='lat' dir='ltr'><strong>maloque</strong></span> <span class='ocrx_word' id='word_1_197' title='bbox 2357 4304 2508 4348; x_wconf 88' lang='lat' dir='ltr'><strong>cum</strong></span> 
     </span>
     <span class='ocr_line' id='line_1_28' title="bbox 409 4385 2513 4470; baseline -0.001 -17"><span class='ocrx_word' id='word_1_198' title='bbox 409 4388 586 4454; x_wconf 91' lang='lat' dir='ltr'><strong>bona</strong></span> <span class='ocrx_word' id='word_1_199' title='bbox 654 4387 785 4453; x_wconf 87' lang='lat' dir='ltr'><strong>fide</strong></span> <span class='ocrx_word' id='word_1_200' title='bbox 861 4385 1254 4453; x_wconf 87' lang='lat' dir='ltr'><strong>crassissime</strong></span> <span class='ocrx_word' id='word_1_201' title='bbox 1328 4386 1508 4452; x_wconf 85' lang='lat' dir='ltr'><strong>dicta</strong></span> <span class='ocrx_word' id='word_1_202' title='bbox 1580 4406 2100 4463; x_wconf 88' lang='lat' dir='ltr'><strong>commemorare,</strong></span> <span class='ocrx_word' id='word_1_203' title='bbox 2164 4405 2378 4470; x_wconf 89' lang='lat' dir='ltr'><strong>quam,</strong></span> <span class='ocrx_word' id='word_1_204' title='bbox 2433 4389 2513 4450; x_wconf 89' lang='lat' dir='ltr'><strong>ut</strong></span> 
     </span>
    </p>
   </div>
   <div class='ocr_carea' id='block_1_5' title="bbox 422 4577 2464 4591">
    <p class='ocr_par' dir='ltr' id='par_1_5' title="bbox 422 4577 2464 4591">
     <span class='ocr_line' id='line_1_29' title="bbox 422 4577 2464 4591; baseline -0.003 0"><span class='ocrx_word' id='word_1_205' title='bbox 422 4582 567 4591; x_wconf 77' lang='lat'><strong>——-</strong></span> <span class='ocrx_word' id='word_1_206' title='bbox 2011 4577 2464 4585; x_wconf 42' lang='lat' dir='ltr'><strong>ffl———m-m-</strong></span> 
     </span>
    </p>
   </div>
   <div class='ocr_carea' id='block_1_6' title="bbox 576 4581 1099 4591">
    <p class='ocr_par' dir='ltr' id='par_1_6' title="bbox 576 4581 1099 4591">
     <span class='ocr_line' id='line_1_30' title="bbox 576 4581 1099 4591; baseline 0 1026"><span class='ocrx_word' id='word_1_207' title='bbox 576 4581 1099 4591; x_wconf 95' lang='lat' dir='ltr'><strong> </strong></span> 
     </span>
    </p>
   </div>
   <div class='ocr_carea' id='block_1_7' title="bbox 421 4690 2254 4860">
    <p class='ocr_par' dir='ltr' id='par_1_7' title="bbox 421 4690 2254 4860">
     <span class='ocr_line' id='line_1_31' title="bbox 707 4690 2248 4757; baseline -0.003 -12"><span class='ocrx_word' id='word_1_208' title='bbox 707 4694 734 4725; x_wconf 70' lang='grc'>*</span> <span class='ocrx_word' id='word_1_209' title='bbox 772 4693 981 4744; x_wconf 74' lang='lat' dir='ltr'><strong>Preface</strong></span> <span class='ocrx_word' id='word_1_210' title='bbox 1004 4702 1057 4744; x_wconf 79' lang='lat' dir='ltr'><strong>to</strong></span> <span class='ocrx_word' id='word_1_211' title='bbox 1078 4691 1407 4757; x_wconf 76' lang='lat' dir='ltr'><strong>Archbishop</strong></span> <span class='ocrx_word' id='word_1_212' title='bbox 1426 4691 1667 4743; x_wconf 79' lang='lat' dir='ltr'><strong>Parker’s</strong></span> <span class='ocrx_word' id='word_1_213' title='bbox 1687 4690 1914 4752; x_wconf 67' lang='lat' dir='ltr'><strong>Baition,</strong></span> <span class='ocrx_word' id='word_1_214' title='bbox 1938 4692 2075 4743; x_wconf 59' lang='grc' dir='ltr'><strong>ΔΛ).</strong></span> <span class='ocrx_word' id='word_1_215' title='bbox 2107 4693 2248 4742; x_wconf 76' lang='grc'><strong>1574.</strong></span> 
     </span>
     <span class='ocr_line' id='line_1_32' title="bbox 421 4787 2254 4860; baseline -0.014 -1"><span class='ocrx_word' id='word_1_216' title='bbox 421 4816 536 4860; x_wconf 72' lang='lat'><strong>58³³.</strong></span> <span class='ocrx_word' id='word_1_217' title='bbox 2206 4787 2254 4833; x_wconf 76' lang='lat' dir='ltr'>A</span> 
     </span>
    </p>
   </div>
  </div>
 </body>
</html>
