3300 5617
868 799 999 862 434
1151 831 1158 839 ·
1558 810 1819 865 ‘meum
1866 814 2340 864 wALsmom

526 993 836 1045 A.D.1380.
866 985 1292 1057 subripuerant.
1386 985 1511 1042 Rex
1559 998 1702 1042 vero
1751 992 1814 1042 et
1845 1000 2135 1058 proceres,
2192 992 2329 1044 cuni
2376 986 2669 1044 vidissent
2722 986 2961 1044 militem
2978 1002 3065 1055 us,
3080 1008 3155 1059 Bstss

863 1076 984 1126 tam
1020 1072 1296 1136 animose,
1341 1076 1463 1126 tam
1497 1070 1715 1136 vivide,
1742 1071 1966 1126 bellum
2000 1077 2285 1144 repetere,
2320 1076 2382 1129 et
2415 1072 2659 1145 insuper
2693 1090 2961 1144 magnam
2979 1070 3127 1136 Res-1³

864 1172 1150 1212 summam
1189 1156 1319 1211 auri
1357 1155 1565 1211 offerre
1600 1155 1837 1227 publice
1883 1160 1953 1211 ut
2000 1156 2064 1211 id
2115 1162 2316 1228 posset
2367 1157 2537 1223 effici,
2584 1158 2963 1214 decreverunt
2978 1137 3025 1187 E·
3042 1140 3091 1190 ῙῙ*

862 1256 996 1295 eum
1031 1240 1248 1295 iterum
1281 1239 1696 1311 reponendum,
1730 1246 1790 1294 et
1825 1239 2187 1311 armigerum
2222 1258 2400 1313 super
2433 1258 2589 1307 eum,
2629 1241 2808 1296 modo
2842 1243 2959 1296 uni·

861 1325 1169 1381 versaliter
1210 1330 1459 1389 servato,
1500 1338 1616 1395 quo
1644 1324 1957 1394 jacuerant
1989 1330 2124 1381 ante
2160 1326 2459 1398 prostrati.
2561 1325 2679 1382 Sed
2733 1326 2959 1381 interim

860 1411 1135 1481 armiger,
1176 1406 1479 1464 deficiente
1514 1409 1746 1480 spiritu,
1796 1414 2040 1481 repente
2079 1410 2151 1465 de
2201 1410 2481 1466 cathedra
2526 1410 2756 1466 corruit
2802 1411 2957 1481 quasi

859 1499 1144 1558 mortuus,
1193 1493 1348 1549 inter
1381 1493 1697 1548 astantium
1744 1492 1858 1547 sibi
1906 1510 2133 1549 manus.
2206 1493 2542 1550 Accurrunt
2576 1512 2724 1566 ergo
2772 1494 2953 1557 multi,

859 1579 1154 1633 hominem
1205 1578 1343 1633 vino
1394 1577 1752 1648 perfundunt
1796 1581 1858 1633 et
1903 1592 2087 1649 aqua3
2150 1578 2255 1634 sed
2305 1578 2457 1634 nihil
2516 1580 2756 1635 omnino
2796 1578 2954 1649 profl-

859 1662 1039 1727 cinnt,
1068 1662 1267 1726 donec,
1299 1660 1577 1717 detractis
1612 1661 1794 1716 armis
1831 1668 1892 1717 et
1926 1662 2196 1718 omnibus
2226 1661 2604 1728 indumentis,
2642 1662 2722 1718 ad
2757 1680 2957 1733 corpus

858 1760 1047 1819 usque
1081 1745 1336 1801 nudatus
1371 1745 1600 1801 fuisset.
1676 1743 1844 1814 Quod
1878 1745 2101 1802 factum
2135 1752 2197 1802 et
2229 1746 2481 1802 militem
2516 1748 2807 1803 victorem
2842 1764 2957 1819 pro-

859 1831 1023 1886 bavit
1068 1835 1128 1885 et
1162 1831 1522 1901 armigerum
1578 1844 1709 1884 esse
1758 1827 2002 1885 victum.
2101 1829 2247 1885 Post
2279 1829 2569 1886 diutinam
2617 1835 2818 1885 autem
2852 1847 2959 1885 mo-

861 1930 1007 1978 ram,
1057 1912 1364 1986 paululum
1433 1911 1650 1968 revixit
1714 1912 1958 1983 spiritus
2024 1912 2326 1984 armigeri,
2384 1918 2446 1968 et
2504 1915 2727 1984 apertis
2789 1914 2958 1969 oculis

860 1998 1041 2070 coepit
1073 2003 1250 2069 caput
1319 1996 1567 2067 erigere,
1632 2001 1694 2050 et
1750 1990 2099 2050 terribiliter
2146 2002 2625 2068 unumquemque
2676 1998 2957 2069 respicere

858 2083 1367 2137 circumstantem:
1409 2079 1565 2150 quod
1599 2084 1670 2133 ut
1702 2079 2043 2133 nunciatum
2067 2084 2160 2134 est
2181 2079 2377 2144 militi,
2406 2079 2655 2135 accessit
2689 2086 2955 2145 armatus,

860 2166 1075 2237 quippe
1118 2165 1219 2235 qui
1266 2163 1416 2218 nihil
1464 2162 1817 2234 deposuerat
1850 2168 2164 2218 armaturas
2206 2178 2243 2217 a
2287 2176 2503 2234 pugnoe
2562 2162 2870 2235 principie,
2905 2171 2957 2220 et

859 2248 1160 2321 alloquens
1214 2264 1369 2310 eum,
1409 2251 1469 2301 et
1502 2245 1862 2317 proditorem
1915 2252 1977 2301 et
2017 2245 2234 2302 falsum
2280 2246 2600 2317 appellans,
2659 2248 2872 2318 quaerit
2913 2249 2955 2303 si

525 2339 832 2405 Katrington
858 2335 1075 2388 iterum
1121 2331 1334 2387 audeat
1382 2329 1645 2385 duellum
1684 2335 1969 2401 repetere.
2069 2329 2185 2385 1110
2232 2346 2373 2385 vero
2418 2347 2526 2386 nec
2568 2348 2810 2387 sensum
2864 2349 2957 2387 nec

522 2405 568 2456 is
591 2407 768 2472 finally
861 2418 1136 2490 spiritum
1181 2415 1430 2470 habente
1467 2413 1872 2486 respondendi,
1931 2413 2248 2470 clamatum
2287 2420 2379 2470 est
2411 2430 2669 2487 pugnam
2725 2416 2953 2481 finitam,

523 2476 845 2591 P¹⁰¹¹⁰¹3¹¹1f²d
864 2508 924 2557 et
957 2507 1026 2557 ut
1063 2501 1314 2572 quisque
1362 2498 1436 2553 ad
1470 2499 1712 2570 propria
1760 2503 2068 2553 remearet.
2142 2497 2423 2569 Armiger
2468 2499 2673 2570 igitur,
2726 2517 2859 2555 mox
2901 2502 2960 2555 ut

522 2555 735 2604 ”mlum
771 2543 932 2641 ed‘ad
967 2586 1184 2641 lectmn
1225 2583 1455 2638 delatus
1492 2588 1601 2647 est,
1640 2582 1822 2653 coepit
1855 2583 2073 2648 furere,
2113 2588 2192 2647 et,
2231 2584 2295 2637 in
2330 2584 2560 2638 insania
2593 2585 2810 2639 mentis
2844 2602 2958 2656 per-

522 2684 647 2734 And
659 2687 767 2738 dies
857 2687 1148 2734 severana,
1187 2668 1250 2723 in
1273 2667 1614 2731 crastinum,
1641 2667 1802 2722 circa
1833 2666 2037 2722 horam
2072 2682 2303 2732 nonam,
2344 2668 2620 2739 spiritum
2656 2669 2953 2724 exhalavit.

525 2767 592 2801 on
616 2753 702 2803 the
855 2753 1072 2809 Actum
1120 2757 1211 2808 est
1255 2751 1479 2806 bellum
1513 2748 1827 2821 praefatum
1887 2751 2137 2822 septimo
2199 2746 2345 2807 Idus
2406 2750 2448 2807 J
2449 2751 2593 2819 unii,
2645 2753 2955 2808 communis

522 2833 755 2872 ¹¹²⁰¹'¹'⁰W·
855 2839 1024 2909 vulgi
1060 2836 1296 2909 gaudio,
1324 2835 1689 2908 proditorum
1728 2833 1936 2890 dolori.

858 3076 1212 3145 Emi-citus
1256 3073 1704 3162 Amnamus
1769 3072 2032 3160 eqwitat
2090 3092 2221 3159 per
2265 3092 2562 3161 requam
2619 3074 2945 3153 Francia,

1549 3173 1829 3243 nemine
1877 3173 2250 3242 resistente.

522 3315 611 3366 ΑΒ
634 3332 776 3384 army
929 3323 1106 3379 Circa
1152 3322 1299 3378 istos
1349 3320 1477 3376 dies
1528 3318 1657 3374 Rex
1713 3318 1952 3391 Angliae
2005 3323 2067 3375 et
2114 3319 2246 3390 ejus
2297 3317 2644 3385 Consilium,
2704 3321 2951 3378 validum

522 3390 632 3433 ΜΠ*
649 3385 778 3434 θ’θω
858 3407 1171 3465 conflantes
1209 3405 1551 3469 exercitum,
1590 3402 1884 3458 miserunt
1916 3402 1980 3456 in
2016 3419 2363 3459 succursum
2398 3403 2585 3460 Ducis
2620 3404 2946 3470 Britannias,

522 3450 811 3569 ξΰξξὲἓέω.
859 3492 962 3564 qui
997 3508 1144 3563 pene
1180 3490 1254 3546 ab
1290 3489 1447 3545 omni
1485 3504 1588 3559 spe
1624 3487 1923 3542 exciderat
1967 3486 2281 3543 resistendi
2319 3487 2336 3519 ¹
2353 3487 2618 3553 Gallicis,
2656 3496 2950 3562 postquam

520 3584 605 3633 the
622 3586 774 3635 Duke
861 3576 1125 3632 audisset
1158 3573 1438 3631 videlicet
1487 3572 1809 3627 Dominum
1862 3570 1904 3627 J
1905 3571 2192 3628 ohannem
2243 3571 2316 3627 de
2367 3571 2697 3629 Arundelia
2742 3580 2803 3630 et
2834 3574 2949 3646 ejus

521 3650 587 3699 ⁰f
607 3651 731 3701 Bre-
858 3661 1179 3716 exercitum
1237 3659 1301 3713 in
1358 3657 1528 3721 mari,
1584 3661 1656 3711 ut
1706 3654 2104 3727 praediximus,
2158 3662 2426 3728 expertos
2482 3663 2605 3714 tam
2657 3658 2788 3715 dira
2820 3660 2943 3714 fata.

520 3723 687 3782 ΨΘ·
858 3745 1132 3801 Praefecti
1209 3747 1347 3799 sunt
1420 3746 1618 3797 autem
1668 3740 1806 3796 huic
1866 3740 2150 3796 exercitui
2216 3741 2505 3797 Dominus
2574 3742 2825 3798 Thomas
2880 3743 2945 3797 de

856 3828 1207 3887 Wodestoke
1245 3826 1455 3882 Comes
1491 3824 1976 3895 Bokynghamiae‚
2034 3823 2220 3895 Regis
2270 3825 2616 3891 avunculus,
2674 3826 2944 3881 Dominus

855 3913 1106 3969 Thomas
1160 3911 1369 3980 Percy,
1409 3909 1591 3963 frater
1638 3907 1883 3963 Domini
1930 3908 2178 3964 Henrici
2216 3908 2407 3980 Percy
2455 3908 2706 3966 Comitis
2740 3910 2943 3966 North·

853 3998 1120 4061 umbriae,
1160 3994 1447 4050 Dominus
1482 3993 1667 4063 Hugo
1691 3991 2027 4058 Kalverlee,
2061 3992 2349 4049 Dominus
2374 3993 2668 4051 Robertus
2692 3994 2940 4058 Knolles,

853 4082 1140 4138 Dominus
1176 4080 1250 4135 de
1303 4078 1532 4142 Basset,
1586 4076 1876 4133 Dominus
1913 4076 1953 4132 J
1954 4077 2208 4133 ohannes
2261 4078 2634 4145 Harlestone,
2674 4079 2944 4135 Dominus

853 4167 1186 4224 willelmus
1222 4165 1296 4220 de
1318 4162 1743 4234 Wyndeshore,
1770 4179 1971 4218 omnes
2006 4162 2268 4233 profecto
2302 4163 2436 4227 viri,
2466 4163 2682 4234 quibus
2706 4163 2943 4236 singulis

853 4252 1064 4307 merito
1098 4250 1388 4306 exercitus
1425 4247 1677 4317 quisque
1713 4245 2000 4303 committi
2034 4251 2250 4317 posset,
2289 4264 2412 4318 prae
2449 4247 2757 4320 sapientia,
2793 4247 2941 4303 forti·

855 4335 1075 4401 tudine,
1130 4340 1190 4390 et
1241 4339 1367 4389 arte
1416 4330 1693 4387 bellandi.
1769 4330 1896 4396 Hii,
1953 4331 2128 4401 ²quia
2176 4336 2371 4387 tutum
2424 4349 2541 4387 non
2576 4340 2704 4389 erat
2736 4332 2941 4388 directo

855 4437 1034 4475 cursu
1093 4418 1166 4474 ab
1218 4417 1439 4489 Anglia
1495 4416 1560 4470 in
1612 4414 1981 4470 Britanniam
2038 4415 2337 4487 navigare,
2399 4424 2640 4489 propter
2697 4417 2941 4490 galleyas

923 4627 937 4655 ¹
970 4622 1166 4674 Gallias
1182 4623 1236 4673 in
1260 4623 1388 4689 orig.
1411 4623 1514 4673 and
1534 4620 1622 4671 the
1656 4619 1855 4685 printed
2020 4622 2042 4652 ²
2062 4619 2226 4685 quiin
2248 4620 2402 4687 orig.;
2427 4623 2685 4674 corrected
2718 4622 2843 4673 stom
2864 4622 2941 4672 the

856 4710 1013 4755 texts:
1038 4704 1294 4755 corrected
1314 4703 1447 4754 from
1475 4700 1612 4751 Bibl.
1635 4700 1765 4765 Reg.
1794 4706 1855 4751 13
1955 4699 2156 4765 printed
2174 4707 2324 4753 texts.

857 4784 920 4835 E.
940 4783 1013 4833 ix.
