3300 5617
1107 822 1434 872 msromA
1464 823 1882 875 Artemam«.
2419 815 2550 884 337

63 1010 203 1064 MS.
236 1016 386 1070 Bibl.
449 1009 660 1066 Sancto
702 1010 897 1075 Petr0,
944 1010 995 1065 si
1032 1010 1334 1082 placuerit.
1412 1011 1555 1068 Post
1601 1014 1952 1070 oblationem
1999 1015 2280 1087 pecuniae,
2335 1016 2548 1073 obtulit
2570 1028 2878 1088 A,D,1377,

65 1077 226 1158 Reg.
265 1089 333 1136 13
445 1095 901 1167 Archiepiseopo
937 1112 1143 1166 panem
1184 1101 1244 1151 et
1277 1097 1500 1160 vinum,
1541 1098 1615 1153 ad
1651 1099 1889 1154 modum
1918 1101 2349 1165 monachorum,
2388 1101 2544 1156 unde

63 1143 140 1196 E·
169 1162 264 1200 Π·
443 1185 661 1251 postea,
703 1186 822 1235 tam
870 1179 1352 1251 Metropolitanus
1397 1199 1571 1252 quam
1611 1183 1736 1254 ipse
1788 1183 1913 1238 Rex
1960 1186 2370 1241 communicati
2421 1186 2542 1241 fue·

442 1271 596 1320 runt.
673 1263 798 1334 Quo
836 1265 1006 1328 facto,
1049 1263 1276 1326 Comes,
1317 1265 1391 1320 ad
1429 1267 1597 1339 cujus
1636 1268 1888 1324 officinm
1936 1269 2264 1340 pertinebat
2308 1277 2539 1342 portare

443 1349 707 1419 gladium
758 1366 956 1403 coram
1003 1348 1186 1418 Rege,
1231 1349 1495 1418 gladium
1549 1369 1725 1422 quem
1783 1352 2092 1417 obtulerat,
2157 1353 2292 1408 dato
2349 1356 2539 1426 pretio

393 1446 414 1471 ²
440 1439 706 1502 redemit,
748 1443 807 1492 et
844 1455 1145 1492 assumens
1189 1455 1342 1501 eum,
1385 1440 1654 1510 portabat
1694 1458 1890 1496 coram
1933 1441 2054 1498 illo.
2130 1441 2537 1499 Percelebrata
2560 1450 2671 1501 The
2690 1451 2823 1504 Con·

439 1522 625 1577 Missa
670 1540 857 1594 usque
906 1522 981 1577 ad
1023 1522 1518 1588 Communionem,
1569 1524 1848 1580 reductus
1898 1532 1989 1582 est
2036 1526 2161 1580 Rex
2209 1527 2283 1581 ad
2329 1527 2529 1592 altare,
2559 1518 2743 1569 fession
2766 1522 2867 1598 qud

439 1613 499 1662 et
540 1625 694 1678 genu
743 1609 890 1662 flexo
940 1624 1135 1662 coram
1160 1607 1634 1681 Archiepiscop0‚
1690 1609 1949 1665 dixit—‘⁶
1978 1609 2328 1667 Confiteor.”
2409 1612 2535 1681 Quo
2558 1586 2877 1639 Ab⁸⁰¹¹¹t¹⁰¹¹·

437 1692 721 1757 absolute,
776 1693 1234 1748 communicatus
1276 1699 1382 1757 est,
1427 1700 1487 1748 et
1523 1694 1741 1749 iterum
1789 1694 2064 1750 reductus
2102 1702 2194 1752 est
2228 1696 2302 1751 ad
2339 1684 2535 1753 sedem

438 1796 621 1833 suam.

507 1863 741 1918 Interea
787 1868 1217 1934 praeparaverat
1253 1880 1316 1917 se
1355 1861 1594 1933 quidam
1628 1863 1819 1927 miles,
1863 1863 2150 1919 Dominus
2214 1865 2254 1920 J
2256 1865 2532 1931 ohannes,
2564 1876 2674 1928 The
2690 1877 2874 1944 King’g

435 1953 815 2018 cognomento
867 1950 904 1974 ‘⁴
925 1946 1278 2019 Dymmok‚”
1330 1947 1431 2019 qui
1481 1947 1770 2003 clamabat
1816 1965 1879 2002 se
1926 1947 2140 2003 habere
2182 1949 2282 2019 jus
2326 1949 2401 2004 ad
2441 1950 2538 2004 de·
2566 1938 2855 2009 Chamlfion

434 2031 786 2086 fendendum
826 2032 967 2102 jura
1006 2031 1190 2102 Regis
1239 2032 1505 2095 ille.die,
1559 2037 1619 2085 et
1668 2032 1898 2087 etiamsi
1945 2051 2089 2103 opus
2139 2040 2296 2089 esset
2342 2033 2538 2089 duello
2564 2021 2842 2128 ἰξΡἝξῐ

433 2116 878 2187 confligendum,
933 2116 984 2171 si
1035 2115 1249 2187 aliquis
1309 2121 1692 2188 praesumeret
1762 2115 2048 2170 affirmare
2124 2116 2348 2188 Regem
2424 2136 2539 2173 non
2564 2092 2731 2195 ἀέξω.
2807 2096 2871 2145 ey

432 2200 646 2254 habere
696 2201 796 2272 jus
848 2202 910 2256 in
956 2219 1141 2271 regno
1202 2200 1472 2271 Angliae3
1515 2217 1850 2271 quanquam
1897 2216 2003 2271 per
2059 2206 2210 2264 ante,
2253 2201 2539 2257 Dominus

430 2284 824 2355 Baldewynus
863 2285 1120 2339 Freville
1163 2284 1318 2338 idem
1375 2284 1631 2339 officium
1674 2284 2107 2347 calumniasset,
2156 2283 2261 2340 sed
2297 2285 2539 2339 minime

431 2369 792 2424 obtinuisset.
858 2369 980 2425 Iste
1008 2388 1148 2440 ergo
1164 2368 1457 2425 Dominus·
1478 2369 1519 2422 J
1521 2369 1776 2424 ohannes
1800 2374 2158 2424 memoratus
2185 2370 2343 2424 circa
2365 2370 2539 2423 finem

432 2454 634 2508 Missae
662 2454 677 2485 ¹
699 2455 948 2510 accessit
972 2454 1046 2508 ad
1071 2454 1272 2509 valvas
1310 2453 1593 2516 ecelesiae,
1634 2458 1895 2508 armatus
1933 2453 2359 2517 decentissime,
2401 2454 2539 2508 insi-

430 2537 569 2591 dens
608 2537 964 2592 dextrarium
989 2538 1380 2609 pulcherrime
1405 2530 1793 2608 phaleratum,
1823 2543 2000 2609 caput
2025 2539 2203 2592 etiam
2239 2548 2300 2592 et
2332 2543 2536 2608 peetus

428 2627 753 2687 armatum3
810 2640 983 2692 quem
1019 2620 1176 2675 idem
1214 2621 1500 2676 Dominus
1540 2621 1581 2674 J
1583 2621 1837 2676 ohannes
1863 2622 2183 2692 assumpsit
2210 2621 2283 2675 de
2309 2621 2536 2675 stabulo

429 2706 614 2774 regie,
667 2712 832 2759 utens
875 2705 1155 2759 videlicet
1196 2706 1354 2759 avita
1410 2704 1828 2760 consuetudine
1880 2713 2000 2759 tam
2048 2705 2111 2759 in
2159 2722 2309 2775 equo
2360 2722 2536 2775 quam

428 2789 606 2843 armis
647 2788 935 2859 eligendis
975 2789 1045 2843 de
1085 2790 1359 2844 thesauro
1402 2790 1604 2861 Regis.
1695 2788 1851 2843 Nam
1888 2794 1948 2843 et
1989 2789 2275 2859 optimum
2318 2805 2533 2858 equum

425 2879 638 2945 praeter
677 2892 875 2939 unum,
919 2880 981 2929 et
1017 2880 1229 2945 praeter
1267 2891 1444 2928 unam
1475 2874 1830 2946 praecipuam
1868 2879 2242 2935 armaturam,
2272 2873 2532 2927 facturus

425 2958 645 3012 dictum
683 2958 934 3012 officium
968 2957 1188 3028 2eliget
1224 2958 1298 3013 ad
1332 2964 1469 3013 vota
1506 2977 1627 3013 sua.
1704 2957 1962 3014 Veniens
1999 2958 2186 3027 igitur
2219 2957 2293 3012 ad
2317 2957 2532 3011 ostium

424 3041 784 3106 Monasterii,
849 3042 1368 3114 praeequitantibus
1448 3042 1694 3106 duobuS,
1773 3042 1873 3113 qui
1939 3042 2066 3113 ejus
2139 3041 2399 3095 lanceam
2472 3048 2533 3096 et

423 3126 692 3198 clypeum
742 3133 1136 3198 portaverunt,
1185 3128 1511 3199 expectavit
1547 3126 1766 3181 ibidem
1804 3126 1977 3180 finem
2015 3125 2234 3179 Missae.
2308 3125 2527 3179 Mares-

423 3210 606 3265 callus
644 3216 857 3273 antem,
900 3209 1187 3265 Dominus
1230 3211 1524 3267 Henricus
1579 3211 1789 3281 Percy‚
1836 3210 2100 3265 facturus
2139 3210 2297 3263 viam
2335 3226 2528 3263 coram

422 3293 605 3363 Rege,
646 3312 780 3349 cum
819 3294 1149 3350 Senesoallo
1188 3294 1440 3365 Angliae,
1488 3295 1715 3350 scilicet
1749 3294 1930 3357 Duce,
1971 3300 2032 3349 et
2067 3291 2525 3357 Constabularim

423 3378 673 3433 Domino
746 3379 968 3434 Thoma
1024 3380 1360 3443 Wodestok,
1419 3385 1593 3450 atque
1656 3379 1836 3433 fratre
1885 3377 2149 3450 ejusdem
2195 3376 2528 3432 Maresoalli

424 3462 673 3516 Domino
718 3462 942 3517 Thema
989 3463 1195 3535 Percy‚
1252 3464 1353 3534 qui
1403 3481 1603 3518 omnes
1655 3480 1898 3533 magnos
1947 3461 2345 3533 inequitavere
2394 3460 2528 3515 dex·

421 3547 652 3610 tra-rios,
715 3548 879 3602 venit
937 3546 1012 3601 ad
1071 3547 1291 3602 dictum
1349 3547 1620 3612 militem,
1685 3546 1884 3601 dicens
1943 3564 2060 3600 non
2120 3545 2330 3600 debere
2391 3562 2526 3599 eum
2550 3548 2775 3601 Heisdi·

423 3647 492 3684 ea
537 3630 681 3684 hora
739 3630 958 3696 venire,
1027 3630 1130 3686 sed
1191 3630 1346 3703 quod
1404 3649 1590 3703 usque
1653 3630 1728 3685 ad
1773 3630 2084 3702 prandium
2131 3628 2315 3699 Regis
2369 3627 2526 3683 ⁸dis-
2550 3619 2792 3734 fecti-'dg’

422 3715 655 3770 tulisset
710 3714 1023 3770 adventum
1072 3734 1259 3771 suum.
1362 3715 1724 3788 Quapropter
1781 3715 2008 3771 monuit
2054 3720 2124 3769 ut
2167 3714 2405 3777 rediret,
2441 3722 2517 3778 et,
2547 3694 2843 3802 {gssfftoftfm

421 3799 681 3870 deposito
732 3804 892 3854 tanto
945 3817 1116 3855 onere
1171 3818 1482 3863 armorum,
1548 3800 1876 3871 quiesceret
1926 3798 2001 3852 ad
2061 3797 2210 3852 illud
2267 3804 2516 3868 tempus.
2544 3818 2685 3880 ,οἷαι
2708 3818 2843 3868 Bm-

417 3882 631 3937 ⁴Miles
667 3900 824 3947 vem,
869 3884 1040 3952 juxta
1075 3884 1381 3939 consilium
1416 3883 1751 3938 Marescalli
1788 3883 2068 3945 facturus,
2109 3881 2375 3937 abcessit.
2546 3890 2679 3946 quet.

490 3966 659 4020 Illico
693 3972 826 4037 post
863 3966 1166 4023 decessum
1205 3969 1430 4032 militis,
1459 3966 1979 4039 praeequitantibus
2004 3965 2230 4037 Regem
2252 3964 2520 4019 Dominis
2546 3973 2656 4025 The
2678 3975 2820 4040 King

419 4051 766 4123 supradictis
818 4070 991 4123 super
1041 4052 1359 4108 dextrarios
1410 4071 1566 4116 suos,
1617 4069 1841 4106 necnon
1898 4049 2261 4122 praecedente
2307 4066 2520 4119 magno
2544 4047 2739 4092 returns
2763 4050 2815 4093 t0

415 4152 659 4189 numero
708 4135 926 4188 diversi
976 4137 1208 4205 generis
1251 4137 1621 4200 histrionum,
1675 4140 1941 4206 portatus
1990 4139 2081 4188 est
2137 4133 2200 4187 in
2258 4132 2518 4187 humeris
2543 4108 2629 4158 the
2645 4109 2843 4162 Palam·

420 4219 684 4274 militum
707 4236 896 4291 usque
922 4219 997 4273 ad
1018 4220 1220 4291 regale
1238 4220 1535 4276 Palatium
1558 4243 1573 4286 ;
1615 4220 1826 4275 ductus
1868 4234 2098 4290 quoque
2122 4217 2185 4271 in
2207 4233 2513 4283 cameram,

455 4426 880 4435 -...—-—-————
1027 4426 1164 4431 7*-—
1221 4426 1302 4431 ..-
1353 4426 1532 4433 --——--
1651 4426 1749 4431 ——ffl
1904 4424 2109 4430 4-——0
2130 4424 2509 4430 ..-———...-——-

487 4563 717 4611 ¹ineessit
735 4561 790 4611 in
813 4561 898 4612 the
919 4560 1120 4624 printed
1140 4566 1287 4610 texts.
1460 4563 1471 4605 Ι
1584 4559 1812 4609 *Milites
1844 4560 1896 4610 in
1954 4560 2098 4626 orig„
2150 4560 2304 4612 Miles
2340 4562 2394 4611 in
2431 4563 2516 4613 the

479 4645 501 4672 ‘-'
523 4641 662 4707 eleyit
683 4642 738 4691 in
760 4642 846 4692 the
867 4641 1068 4705 printed
1107 4646 1256 4690 texts.
1521 4640 1724 4705 printed
1742 4646 1889 4691 texts.

482 4724 502 4751 ³
524 4721 749 4788 daefferree
770 4721 825 4770 in
841 4724 926 4771 the
943 4721 1139 4784 printed
1161 4727 1307 4770 texts.

2198 4818 2249 4865 Y
