3300 5617
1092 823 1421 878 HISTORIA
1463 825 1884 881 ANGLICANA.
2456 818 2536 882 51

1893 945 1916 984 0

120 1002 392 1068 RQ·
505 1011 731 1068 Eodem
796 1019 964 1077 anno,
1039 1009 1317 1078 Karolus,
1338 1039 1351 1052 <
1393 1029 1710 1084 germanus
1781 1015 1968 1087 Regis
2038 1014 2323 1087 Francius,
2373 1014 2541 1071 Was-
2563 1014 2870 1074 A.D.129⁵.

122 1064 213 1120 MS.
226 1069 360 1122 Bibl.

122 1138 224 1200 Bag.
246 1143 305 1188 13

121 1203 277 1271 uin

433 1096 661 1151 ooniam
694 1096 999 1167 ingressus
1024 1113 1159 1151 eum
1181 1097 1459 1162 exercitu,
1487 1097 1838 1154 Risuncium
1864 1098 2110 1164 obsedit,
2155 1103 2232 1164 et,
2275 1099 2538 1170 fugiente

429 1180 558 1251 ejus
606 1180 925 1254 capitaneO,
976 1180 1018 1235 J
1019 1181 1242 1235 ohanne
1301 1180 1375 1236 de
1434 1182 1758 1248 Britannia,
1804 1202 1939 1239 cum
1986 1183 2242 1239 Roberto
2290 1184 2540 1255 Typetot
2564 1182 2751 1235 Tmus-

427 1265 629 1337 paucis
676 1264 899 1321 relictis
946 1264 1022 1319 ad
1084 1265 1391 1320 tuitionem
1450 1266 1610 1321 villae
1656 1267 1963 1333 militibus,
2027 1267 2176 1322 feria
2223 1257 2428 1339 {luinta
2473 1268 2536 1322 in
2561 1251 2756 1302 &5⁰⁰⁵
2779 1254 2831 1304 ᾗ]

426 1347 788 1404 hebdomada
855 1348 1098 1404 Paschae
1168 1349 1360 1420 oepit,
1433 1349 1772 1421 militesque
1819 1351 1902 1405 ibi
1961 1355 2242 1422 repertos,
2306 1343 2534 1406 scilicet
2695 1335 2767 1372 ΟΕ·

429 1430 445 1463 ¹
461 1431 837 1504 Radulphum
872 1432 944 1488 de
983 1431 1227 1503 Gorges,
1256 1432 1557 1503 Bogerum
1602 1432 1675 1488 de
1700 1433 2067 1505 Leybourne,
2108 1439 2169 1488 et
2204 1433 2244 1488 J
2246 1434 2531 1489 ohannem

428 1516 501 1572 de
547 1515 888 1588 Oretingge,
939 1533 1075 1572 oum
1110 1516 1243 1572 aliis
1281 1516 1572 1572 militibus
1619 1517 1934 1574 tresdecim
1972 1525 2033 1574 et
2079 1518 2373 1574 scutiferis
2425 1520 2530 1574 tri-

428 1601 594 1672 ginta
642 1601 853 1668 tribus,
915 1601 1181 1657 Pax-isius
1249 1602 1510 1673 captivos
1557 1603 1905 1666 transmisit.
2018 1601 2261 1659 Occisus
2309 1608 2402 1658 est
2445 1603 2530 1657 ibi

427 1685 616 1748 Adam
686 1685 759 1741 de
842 1685 1185 1757 Oretinggssae
1257 1686 1429 1741 miles
1514 1685 1828 1741 admodum
1902 1687 2140 1758 probus,
2203 1686 2531 1758 proditione

428 1769 731 1841 cujusdam
764 1770 993 1836 militis,
1020 1770 1253 1825 nomine
1304 1770 1672 1836 “Walteri,’'
1711 1778 2092 1840 cognomento
2133 1771 2528 1838 “Giffardi’';

428 1855 545 1926 qui,
586 1854 775 1910 factus
810 1854 1135 1925 transfuga,
1162 1859 1422 1910 moratus
1471 1859 1563 1910 est
1608 1854 1673 1909 in
1722 1853 1933 1909 Galliis
1981 1855 2149 1910 annis
2196 1855 2420 1911 multis.

492 1937 714 1995 Eodem
738 1937 834 1994 die
879 1938 1110 1994 reddita
1155 1944 1248 1994 est
1290 1939 1561 2010 Anglicis
1608 1938 1756 1993 villa
1804 1937 2002 1994 Sancti
2055 1938 2293 2005 Severi;
2357 1939 2529 2011 cujus

425 2023 758 2096 capitaneus
828 2022 1011 2094 Hugo
1092 2021 1166 2077 de
1237 2021 1395 2078 Veer
1472 2023 1868 2078 constituitur.
1969 2022 2228 2079 Karolus
2309 2028 2525 2090 autem,

423 2105 640 2161 eversis
687 2106 832 2161 villa
867 2111 928 2161 et
964 2111 1154 2161 castro
1202 2105 1489 2172 Risuncii,
1544 2106 1825 2161 Sanctum
1875 2105 2176 2170 Severum,
2218 2113 2528 2179 antequam

422 2189 771 2246 sufficienter
828 2191 1145 2258 muniatur,
1196 2199 1471 2263 properat
1516 2190 1802 2247 obsidere.
1879 2189 2084 2259 Quam,
2136 2192 2199 2246 in
2245 2209 2527 2262 magnum

422 2273 779 2330 Gallicorum
866 2274 1255 2347 dispendium,
1345 2276 1448 2346 qui
1541 2274 1761 2330 ibidem
1849 2275 2003 2331 fame
2108 2276 2527 2342 moriebantur,-

421 2364 481 2414 et
522 2364 706 2431 peste,
750 2359 944 2415 tenuit
998 2360 1279 2431 praefatus
1341 2358 1522 2430 Hugo
1565 2359 1880 2415 tresdecim
1952 2360 2312 2429 septimanis.
2412 2358 2526 2415 De-

420 2442 746 2498 ficientibus
818 2441 1055 2498 tandem
1112 2442 1251 2507 hiis,
1326 2444 1427 2513 qui
1500 2443 1660 2498 intus
1733 2448 1914 2507 erant,
1963 2459 2068 2514 per
2114 2443 2526 2498 mediationem

420 2526 714 2582 Comitum
762 2526 835 2581 de
889 2524 1192 2597 ²Anudoys
1241 2532 1301 2581 et
1355 2525 1706 2592 ⁸Fuctensis,
1773 2528 1876 2598 qui
1924 2533 2052 2583 erat
2089 2535 2232 2582 'cum
2281 2527 2521 2592 KarolO,

418 2612 653 2666 obtenta
698 2616 790 2666 est
833 2616 1047 2681 treuga
1094 2609 1323 2664 dierum
1372 2610 1724 2682 quindecim,
1776 2611 1933 2666 infra
1980 2629 2126 2682 quos
2175 2611 2382 2667 liceret
2427 2611 2524 2666 ob-

418 2696 595 2752 sessis
643 2712 750 2768 pro
815 2694 1076 2751 subsidio
1122 2695 1356 2750 mittere
1417 2695 1481 2750 in
1525 2695 1545 2726 ⁴
1561 2695 1878 2762 Baionam3
1937 2714 2052 2767 quo
2099 2695 2401 2751 deficiente
2449 2696 2524 2750 ad

418 2781 732 2837 terminum
778 2783 1179 2851 praetaxatum,
1248 2777 1478 2833 reddita
1546 2785 1638 2834 est
1687 2779 1834 2834 villa
1903 2779 2179 2846 Gallicis;
2237 2780 2321 2834 ita
2368 2778 2523 2849 quod

417 2864 643 2920 salvata
705 2863 826 2918 sint
886 2861 1291 2918 recedentibus
1358 2879 1540 2926 arma,
1611 2879 1746 2952 qum
1796 2862 2150 2933 supellectili
2209 2881 2317 2918 sua
2377 2869 2518 2928 tota,

418 2947 552 3003 dato
599 2945 890 3002 conductu
938 2962 1126 3016 usque
1175 2945 1250 2999 ad
1296 2944 1441 3000 duas
1489 2945 1678 3001 dietas
1727 2946 1801 3001 ab
1849 2947 2124 3001 exercitu.
2200 2945 2522 3001 Remanen-

416 3033 573 3088 tibus
622 3049 763 3086 vero
832 3029 998 3085 nulla
1068 3034 1161 3084 est
1228 3029 1396 3085 illata
1464 3030 1753 3095 molestia,
1831 3031 1936 3086 sed
1997 3032 2213 3104 potius,
2289 3030 2520 3086 obsides

415 3118 578 3187 prius
626 3114 863 3170 abducti
924 3113 1211 3178 Tolosam,
1263 3131 1370 3185 per
1437 3113 1836 3170 Senescallum
1901 3114 2084 3186 Regis
2149 3114 2412 3170 Francia>
2459 3115 2524 3169 in

414 3200 557 3257 villa
596 3199 840 3272 repositi
878 3204 1046 3265 sunt3
1086 3198 1376 3254 restitutis
1403 3199 1488 3253 eis
1528 3200 1797 3254 omnibus
1822 3199 1996 3254 rebus
2026 3199 2168 3255 suis.
2243 3197 2520 3263 Karolus,

414 3285 620 3358 positis
668 3285 733 3339 in
778 3284 924 3339 villa
988 3282 1346 3350 custodibus,
1398 3299 1534 3338 cum
1593 3284 1854 3339 exercitu
1916 3301 2020 3339 suo
2084 3283 2400 3339 revertitur
2460 3283 2525 3337 in

414 3370 755 3435 Franciam3
794 3373 928 3440 post
972 3367 1143 3438 cujus
1191 3367 1532 3433 discessum,
1584 3367 1740 3424 infra
1783 3385 1999 3441 paucos
2046 3367 2172 3424 dies
2220 3373 2391 3441 capta
2432 3372 2526 3425 est

414 3454 557 3510 villa
603 3453 677 3508 ab
723 3450 994 3522 Anglicis
1043 3452 1271 3507 iterato·

442 3537 707 3594 -Eodem
755 3553 904 3591 anno
964 3535 1081 3591 duo
1148 3535 1506 3600 cardinales,
1570 3534 1922 3592 Albanensis
1971 3542 2032 3593 et
2101 3536 2516 3601 Praenestinus,
2546 3544 2673 3595 Two
2696 3545 2821 3596 Car-

412 3623 600 3695 primo
647 3620 724 3676 ad
793 3619 1020 3691 Regem
1066 3619 1348 3685 Franciae,
1404 3625 1606 3691 postea
1653 3619 1729 3674 ad
1775 3619 2000 3691 Regem
2046 3619 2300 3691 Angliae,
2348 3637 2520 3676 vene-
2545 3612 2708 3663 (1311818
2723 3623 2849 3676 sent,

413 3710 585 3771 runt3
646 3705 816 3760 missi
864 3722 900 3758 a
945 3703 1111 3776 Papa
1144 3703 1460 3758 Bonesaeio
1507 3721 1615 3775 pro
1663 3721 1807 3775 pace
1856 3704 2010 3759 inter
2056 3721 2228 3776 reges
2279 3709 2341 3759 et
2384 3721 2516 3759 con-
2542 3687 2595 3729 ²⁰
2612 3687 2739 3796 “gat
2760 3682 2823 3731 of

414 3789 611 3846 cordia
656 3787 1040 3843 reformanda.
1117 3785 1231 3856 Qui
1292 3788 1447 3842 circa
1499 3787 1718 3842 festum
1780 3787 2153 3844 Pentecostes
2213 3789 2511 3843 venientes
2537 3761 2760 3864 ἔξω

413 3873 758 3936 Londonias,
819 3870 1039 3926 ibidem
1096 3888 1168 3926 ex
1213 3870 1483 3926 mandato
1519 3871 1724 3942 Regis,
1787 3870 1976 3926 adhuc
2023 3871 2087 3926 in
2132 3871 2350 3927 Wallia
2416 3888 2510 3925 ex·
2536 3881 2774 3945 England

410 3958 660 4021 istentis,
711 3956 840 4027 ejus
888 3954 1368 4027 praestolabantur
1409 3954 1754 4021 adventum3
1798 3955 1900 4026 qui
1947 3954 2061 4010 fuit
2107 3956 2255 4011 citm
2295 3956 2510 4010 festum
2533 3949 2635 4001 and
2646 3948 2855 4002 Franoe·

414 4043 610 4098 Sancti
644 4041 810 4096 Petri
858 4040 933 4095 ad
977 4038 1247 4096 Vincula.
1322 4038 1660 4094 Cardinales
1708 4040 1895 4110 igitur
1940 4056 2135 4094 coram
2183 4040 2346 4109 Rege
2371 4058 2515 4094 nun-

413 4128 568 4182 cium
604 4143 780 4181 suum
815 4129 1248 4195 prosequentes,
1278 4128 1338 4178 et
1352 4141 1552 4195 pacem
1578 4124 1907 4189 suadentes,
1935 4123 2347 4194 ⁵t1·eugamque
2373 4124 2513 4178 duo-

414 4230 545 4268 rum
580 4225 866 4267 annorum
887 4213 1170 4281 petentes,
1197 4207 1698 4283 respondenteque
1722 4208 1889 4280 Rege
1926 4208 2083 4280 quod
2105 4208 2168 4263 in
2187 4225 2394 4279 pacem
2416 4208 2513 4264 vel
2552 4282 2564 4292 ο

484 4507 647 4558 ¹Tw0
685 4520 874 4567 names,
914 4520 970 4555 as
1000 4503 1151 4569 given
1172 4504 1242 4567 by
1264 4499 1415 4551 Rish-
1516 4501 1709 4552 Trivet,

418 4601 586 4654 anger,
611 4601 699 4638 are
722 4586 931 4636 omitted
952 4585 1085 4635 here.
1584 4581 1855 4631 *Boionam
1876 4580 1930 4631 in
1961 4582 2086 4648 orig.

483 4671 503 4699 ²
520 4666 743 4717 Amidois
764 4665 821 4714 in
842 4664 1033 4715 Trivet.
1586 4663 1606 4690 ⁵
1621 4669 1834 4726 treuyam
1855 4660 1909 4711 iu
1932 4661 2018 4711 the
2039 4660 2239 4726 printed
2259 4669 2408 4714 texts.

482 4749 502 4778 ³
524 4746 793 4799 Sne-censis
856 4744 912 4793 in
980 4742 1268 4808 Rishmger
1321 4741 1420 4791 and
