3300 5617
1087 767 1417 818 rus-roam
1459 766 1869 817 memsam„
2496 756 2535 820 9

110 943 399 1024 Βῑὼῢῐξεθΐ·
442 955 773 1012 ¹senectute
810 956 872 1011 in
906 955 1224 1026 ²'cygneam
1258 971 1432 1010 versa
1465 954 1738 1010 canitiem
1761 953 2123 1011 venustabat.
2187 955 2374 1011 Frons
2398 956 2535 1022 lata,
2565 959 2700 1012 ΑΒ.
2730 966 2871 1015 1272.

109 1011 205 1129 {328⁶
227 1011 372 1129 Ῑῗὲω·
442 1047 769 1112 cteteraque
817 1041 995 1096 facies
1042 1039 1309 1111 pariliter
1356 1039 1656 1111 disposita,
1697 1057 1767 1096 eo
1814 1046 2071 1113 excepte,
2113 1040 2269 1111 quod
2316 1040 2539 1097 sinistri

110 1147 161 1198 E,
174 1095 251 1195 ᾗ
441 1125 594 1180 oculi
632 1125 911 1198 palpebra
945 1124 1253 1179 demissior
1284 1125 1511 1196 paterni
1548 1132 1818 1197 aspectus
1856 1125 2301 1182 similitudinem
2350 1126 2540 1197 expri-

437 1208 664 1275 mebat;
720 1210 926 1280 lingua
978 1207 1175 1273 blaesa,
1229 1209 1324 1263 cui
1378 1213 1573 1263 tamen
1621 1209 1822 1265 efficax
1874 1209 2146 1266 facundia
2191 1209 2266 1265 ad
2301 1227 2536 1282 persua-

436 1293 691 1349 dendum
751 1294 813 1349 in
870 1293 1046 1349 rebus
1105 1310 1221 1348 non
1293 1292 1483 1348 defuit
1551 1294 1908 1365 perorandis,
2020 1294 2403 1349 Brachiorum
2464 1295 2538 1350 ad

435 1378 865 1450 proportionem
924 1377 1181 1449 corporis
1242 1377 1513 1432 flexibilis
1573 1378 1897 1449 producti0,
1951 1378 2163 1450 quibus
2223 1378 2536 1434 vivacitate

434 1462 670 1518 nervios.
715 1462 879 1518 nulla
924 1463 1211 1534 cujusque
1260 1467 1428 1517 erant
1462 1461 1537 1516 ad
1571 1479 1748 1517 usum
1782 1462 1966 1534 gladii
2003 1463 2242 1534 aptiora.
2319 1462 2534 1518 Pectus

432 1547 623 1603 ventri
658 1545 1090 1618 praeeminebat,
1130 1544 1526 1617 tibiarumque
1572 1546 1752 1617 longa
1798 1547 2010 1602 divisio
2051 1565 2336 1618 equorum
2370 1548 2532 1602 nobi-

432 1632 580 1687 lium
628 1649 805 1686 cursu
860 1636 920 1686 et
969 1630 1126 1686 saltu
1185 1631 1430 1686 sessoris
1490 1630 1827 1686 firmitatem
1876 1630 2177 1704 prohibuit
2228 1631 2529 1687 infirmari.

434 1715 583 1771 Cum
618 1722 854 1770 vacaret
889 1715 962 1769 ab
998 1715 1197 1777 armis,
1231 1714 1636 1771 venationibus
1673 1720 1793 1770 tam
1830 1715 2026 1769 avium
2065 1733 2240 1786 quam
2276 1716 2534 1771 serarum

431 1799 790 1870 indulgebat,
856 1805 916 1855 et
967 1800 1219 1854 maxime
1271 1816 1598 1863 cervorum,
1658 1816 1802 1869 quos
1854 1799 1917 1853 in
1969 1800 2137 1870 equis
2198 1800 2534 1856 cursoribus

433 1883 653 1939 solebat
702 1882 953 1956 insequi,
1008 1883 1341 1955 gladioque,
1382 1884 1511 1938 vice
1570 1881 1899 1947 'venabuli,
1962 1882 2268 1938 confodere
2329 1900 2533 1955 appre-

430 1969 659 2023 heusos,

501 2051 686 2121 Quem
722 2052 1069 2107 commorari
1106 2051 1168 2106 in
1202 2053 1561 2123 protectione
1587 2050 1700 2105 Dei
1724 2050 1858 2105 coeli
1883 2057 2085 2107 notum
2110 2056 2254 2106 erat.
2304 2051 2534 2124 Nempe

431 2155 563 2192 cum
599 2136 787 2192 adhuc
824 2136 1159 2191 adolescens
1197 2141 1371 2199 esset,
1412 2141 1474 2190 et
1508 2153 1643 2191 cum
1692 2134 1944 2205 quodam
1980 2133 2168 2189 milite
2205 2136 2266 2189 in
2304 2153 2536 2191 camera

430 2220 785 2276 testudinata
833 2220 975 2275 ludo
1023 2220 1300 2275 scaccarii
1337 2225 1742 2292 occuparetur,
1783 2218 1993 2283 subito,
2033 2218 2199 2273 nulla
2233 2220 2533 2275 occasione

431 2305 709 2376 praestita,
774 2304 927 2360 inter
984 2303 1307 2359 ludendum
1367 2320 1617 2373 surgens
1679 2302 1967 2365 discessit,
2031 2306 2093 2356 et
2151 2303 2322 2358 ecce!
2383 2303 2533 2376 lapis

432 2390 728 2445 immensoe
762 2389 1208 2459 magnitudinis,
1250 2388 1351 2459 qui
1388 2387 1688 2443 sedentem
1724 2393 2188 2458 conquassasset,
2228 2387 2440 2443 cecidit
2474 2388 2536 2444 in

432 2473 676 2528 eundem
713 2473 909 2528 locum
945 2491 1061 2543 quo
1097 2473 1363 2538 sederat;
1414 2476 1653 2543 propter
1690 2470 1847 2542 quod
1883 2471 2249 2536 miraculum,
2291 2471 2534 2528 Beatam

431 2557 679 2612 Mariam
733 2557 889 2630 apud
942 2557 1348 2626 Walsingham
1405 2556 1426 2587 ⁴
1446 2557 1791 2627 propensius
1845 2554 2183 2611 honorabat.
2258 2555 2333 2611 Ei
2391 2574 2532 2613 vero

431 2642 799 2704 attribuebat,
841 2641 998 2713 quod
1032 2641 1359 2713 periculum
1393 2639 1582 2695 ‘'istuc
1618 2640 1823 2696 evasit.

501 2727 699 2781 Inerat
733 2726 789 2780 ei
824 2731 1110 2796 praeterea
1143 2724 1488 2795 magnificus
1523 2724 1773 2789 animus,
1808 2724 2160 2796 injuriarum
2194 2725 2523 2797 impatiens,
2553 2733 2651 2784 His
2665 2735 2870 2787 charac-

429 2809 824 2881 periculorum
847 2809 1116 2864 oblivisci
1140 2826 1373 2878 cogens,
1402 2809 1543 2864 dum
1576 2809 1866 2865 vindicari
1889 2815 2130 2881 cuperet
2150 2832 2165 2876 ;
2207 2810 2308 2881 qui
2333 2818 2527 2867 tamen
2550 2807 2642 2852 ²²¹¹·

433 2893 726 2958 facillime,
792 2893 1123 2948 humilitate
1174 2893 1450 2958 exhibita,
1513 2893 1707 2965 potuit
1764 2893 2033 2948 emolliri.
2108 2893 2338 2966 Nempe
2398 2913 2533 2950 cum

432 2977 681 3048 quodam
729 2983 990 3049 tempore
1031 2978 1202 3048 juxta
1256 2977 1568 3048 quamdam
1615 2977 1807 3048 ripam
1855 2978 2148 3032 falconum
2184 2980 2434 3051 aucupio
2470 2997 2534 3035 se

431 3066 745 3125 exerceret,
779 3079 959 3116 unum
986 3060 1057 3116 de
1083 3060 1394 3116 comitibus
1432 3062 1556 3115 suis
1592 3078 1665 3115 ex
1700 3061 1886 3116 altera
1919 3067 2085 3132 parte
2121 3062 2306 3127 fluvii,
2346 3062 2532 3134 negli-

432 3146 666 3216 gentius
704 3162 767 3200 se
802 3146 1113 3200 habentem
1160 3145 1319 3200 circa
1354 3145 1657 3209 falconem,
1699 3162 1830 3216 quae
1868 3151 2097 3200 anatem
2133 3145 2288 3200 inter
2324 3146 2533 3202 salices

431 3229 812 3300 corripuerat,
853 3229 1069 3299 arguit,
1122 3234 1183 3283 et
1228 3227 1625 3299 objurgationi
1673 3228 1888 3293 minus,
1927 3233 1997 3283 ut
2031 3228 2358 3294 videbatur,
2399 3230 2532 3285 obe-

431 3313 633 3378 dienti,
673 3314 862 3368 minas
899 3311 1148 3384 adjecit:
1189 3317 1252 3366 at
1274 3312 1395 3376 ille,
1424 3310 1727 3366 attendens
1762 3329 1872 3366 nec
1907 3317 2141 3384 pontem
2175 3331 2282 3367 nec
2319 3314 2534 3369 vadum

433 3398 752 3454 consistere
801 3397 864 3450 in
896 3396 1242 3468 propinquO,
1282 3395 1563 3450 facilitate
1602 3396 1854 3466 quadam
1889 3396 2340 3469 respondit;—“
2359 3398 2531 3470 Eja,”

432 3482 644 3553 inquit,
712 3483 751 3507 “
773 3479 988 3535 sufficit
1038 3478 1187 3534 mihi
1241 3479 1396 3549 quod
1446 3496 1552 3535 nos
1607 3479 1680 3535 ab
1734 3479 1986 3535 invicem
2045 3479 2260 3536 dividit
2317 3481 2535 3537 flumen

435 3569 471 3593 “
498 3564 750 3621 ⁶istud.''
813 3563 940 3633 Quo
962 3580 1242 3635 responso
1267 3568 1661 3635 exasperatus,
1689 3563 1847 3619 filius
1873 3564 2056 3634 Regis
2080 3582 2293 3635 aquam
2316 3566 2534 3636 ignotae

430 3648 845 3723 profunditatis
895 3648 1215 3718 ingressus,
1257 3664 1410 3719 equo
1456 3654 1713 3712 natante,
1755 3647 2027 3703 transivit
2071 3649 2136 3703 in
2174 3649 2532 3720 crepidinem

430 3734 583 3789 alvei
620 3732 877 3787 fluminis
913 3731 1167 3787 decursu
1202 3736 1485 3797 cavatam,
1525 3738 1587 3787 et
1633 3750 1769 3787 cum
1816 3731 2154 3788 difficultate
2191 3734 2528 3800 ascendens,

431 3817 627 3889 gladio
676 3821 952 3881 extract0‚
997 3815 1328 3886 insequitur
1375 3816 1737 3886 fugientem3
1777 3817 1878 3887 qui
1915 3816 2151 3872 tandem
2185 3835 2291 3888 per
2327 3819 2529 3888 sugam

432 3901 744 3972 desperans
782 3899 1046 3964 evadere,
1084 3906 1363 3970 regyrato
1399 3917 1569 3970 equo,
1608 3900 1943 3971 nudatoque
1979 3900 2188 3972 capite,
2227 3901 2532 3956 humiliter

430 3984 644 4040 collum
679 3982 1008 4055 praetendit,
1047 3989 1110 4039 et
1142 3983 1416 4039 Edwardi
1453 4001 1516 4039 se
1565 3983 1779 4039 obtulit
1811 3983 2115 4040 voluntati.
2192 3982 2318 4052 Quo
2353 3985 2526 4050 fact0‚

430 4069 502 4124 ab
528 4069 758 4140 incepto
783 4084 890 4123 suo
914 4067 1154 4131 fractus,
1178 4067 1368 4138 Regis
1392 4067 1548 4123 filius
1573 4067 1839 4139 gladium
1861 4068 2125 4139 reposuit
2147 4067 2208 4123 in
2232 4068 2523 4139 vaginam.

432 4268 2522 4279 »mmm-‘-

496 4393 509 4422 ¹
533 4398 816 4441 senectutem
851 4391 907 4440 in
947 4390 1075 4455 orig.
1118 4391 1219 4440 and
1259 4390 1313 4440 in
1351 4389 1438 4440 the
1595 4392 1614 4421 ⁸
1636 4389 1872 4440 venabuli
1892 4390 1945 4441 in
1968 4391 2095 4456 orig.

432 4471 634 4536 printed
656 4478 806 4520 texts.
1595 4472 1612 4499 ⁴
1628 4470 1923 4534 propcnce’us
1945 4470 1997 4519 in
2024 4471 2150 4535 orig.

499 4553 518 4580 ²
538 4566 740 4615 cyneam
785 4549 838 4598 in
885 4548 1030 4613 orig„
1087 4549 1436 4612 erroneously;
1593 4552 1613 4579 ⁵
1637 4548 1770 4598 istud
1789 4549 1844 4598 in
1865 4550 1951 4600 the
1972 4550 2174 4614 printed
2194 4558 2342 4602 texts.

437 4646 661 4696 cyyneam
698 4628 755 4678 in
793 4628 1098 4694 Rishanger‚
1142 4629 1257 4682 MS.
1306 4627 1435 4679 Bibl.
1593 4629 1836 4692 “fluvium
1872 4628 2007 4678 istud
2039 4630 2092 4679 in
2132 4630 2367 4684 Psrker’s
2403 4641 2526 4697 text,

436 4711 563 4775 Reg.
593 4715 654 4760 13
670 4709 730 4760 Ε.
746 4709 834 4771 ix„
860 4710 960 4761 and
974 4708 1061 4760 the
1078 4708 1273 4776 printed
1287 4715 1434 4759 texts.
1509 4707 1708 4774 fluvius
1730 4710 1820 4759 iste
1841 4708 1896 4759 in
1920 4709 2185 4763 Csmden’s
2204 4719 2326 4765 text.
