3300 5617
1118 811 1447 861 msronm
1476 809 1891 862 ANGLmANA.
2426 800 2558 868 373

53 1002 185 1053 518.
220 1003 391 1057 Bibl.
455 1003 517 1052 et
550 996 622 1052 ad
661 995 953 1053 Galesiam
989 997 1360 1064 ducerentur,
1399 1016 1536 1054 cum
1584 999 1745 1054 omni
1781 1005 2066 1071 apparatu
2102 1005 2460 1056 armatorum
2497 1008 2559 1056 et
2581 1011 2718 1064 AD,
2749 1018 2892 1066 1³78.

54 1070 207 1153 ἓξὲξ·
256 1076 333 1122 ¹3
452 1081 701 1136 aliarum
750 1100 968 1148 rerum,
1026 1082 1157 1155 ipso
1191 1082 1511 1155 Capitaneo
1564 1082 1639 1139 de
1688 1083 1851 1138 Arde
1900 1084 2160 1140 nondum
2206 1102 2447 1155 egresso
2482 1083 2555 1139 de

53 1150 114 1187 ²⁴·
146 1151 251 1187 ¹¹·
451 1165 730 1237 praedicto
764 1167 1073 1239 colloquio,
1102 1166 1258 1240 quod
1294 1168 1421 1239 ipse
1445 1167 1647 1225 dolose
1670 1168 2027 1224 confinxerat
2048 1168 2123 1223 ad
2146 1168 2555 1240 decipiendum

451 1250 785 1321 Hugonem.
883 1250 1108 1307 Videns
1168 1251 1354 1323 igitur
1413 1252 1609 1308 omnia
1672 1252 1875 1307 venire
1936 1252 2245 1317 Calesiam,
2321 1252 2556 1323 expavit

449 1334 979 1400 vehementissime,
1032 1336 1309 1392 recedens
1369 1354 1504 1392 cum
1565 1337 1796 1407 gemitu
1853 1343 2031 1408 atque
2090 1354 2428 1402 murmure;
2493 1344 2555 1392 et

450 1416 650 1473 dolum
703 1437 879 1491 quem
919 1419 1364 1492 imaginaverat,
1416 1421 1730 1487 fatebatur,
1772 1438 2039 1477 asserens
2102 1420 2199 1478 ¹se
2245 1421 2551 1492 ingeniose

450 1501 756 1573 deceptum
792 1508 854 1560 et
886 1502 949 1559 in
984 1503 1330 1560 adventione
1365 1504 1605 1577 propria
1638 1505 2121 1562 circumventum.

1262 1718 1487 1806 Anqli
1529 1718 1712 1787 vieti.

518 1862 783 1935 Contigit
840 1863 951 1921 sub
1009 1863 1235 1920 eisdem
1291 1863 1500 1920 diebus
1559 1863 1833 1936 Anglicis
1893 1881 2076 1936 grave
2136 1865 2432 1933 damnum,
2488 1872 2549 1922 et
2572 1872 2684 1923 The

445 1947 697 2004 dedecus
732 1949 841 2004 toti
879 1966 1082 2021 regne,
1122 1948 1518 2020 imprudentia
1563 1954 1626 2006 et
1660 1949 1938 2020 superbia
1968 1950 2029 2006 N
2031 1949 2543 2015 orthumbrorum;
2571 1939 2846 2055 {ortham-

445 2050 714 2103 quorum,
740 2039 811 2088 ut
844 2038 938 2090 est
970 2033 1295 2105 proprium,
1334 2033 1499 2105 loqui
1536 2033 1816 2089 sublimia
1848 2031 1872 2065 ³
1891 2030 2003 2104 [et]
2042 2032 2292 2104 grandia
2326 2039 2546 2089 temere
2572 2021 2849 2124 ‹12¹ss2ssAEss

442 2121 748 2182 attentare,
807 2117 890 2172 ita
942 2115 1016 2172 de
1068 2116 1227 2172 facili
1282 2116 1683 2182 succumbere,
1741 2123 1803 2172 et
1855 2117 1982 2173 sine
2042 2118 2253 2188 grandi
2311 2117 2548 2188 negotio
2571 2139 2658 2190 the
2680 2090 2882 2192 Scomy

443 2201 728 2255 enervari.
804 2200 913 2255 Hii
971 2218 1243 2272 namque,
1307 2200 1380 2255 de
1428 2219 1536 2255 sua
1584 2201 1809 2256 virtute
1881 2200 2146 2267 fidentes,
2221 2201 2547 2257 inconsulte

441 2284 618 2339 nimis
671 2290 996 2356 eruperunt
1041 2284 1115 2340 de
1164 2284 1528 2340 Occidentali
1563 2283 1833 2340 Marchia
1866 2283 1926 2339 in
1960 2290 2180 2340 terram
2219 2284 2544 2351 Scotorum,

441 2374 710 2440 putantes
747 2386 811 2424 se
846 2385 1021 2440 posse
1074 2367 1294 2424 ibidem
1348 2373 1574 2424 montes
1622 2385 1859 2440 aequare
1894 2367 2167 2433 vallibus,
2205 2367 2548 2440 lapidesque

440 2460 739 2507 conterere
812 2452 939 2507 sine
1012 2451 1230 2507 auxilio
1302 2452 1654 2507 vicinorum.
1757 2450 1918 2507 Scoti
1988 2468 2130 2506 vero
2199 2450 2276 2506 de
2345 2469 2548 2507 eorum

439 2535 743 2607 eruptione
798 2535 942 2590 satis
1003 2535 1212 2599 edocti,
1275 2540 1635 2606 congregata
1694 2534 2006 2590 sufficienti
2066 2540 2291 2591 armata
2347 2552 2544 2602 mauu,

438 2619 524 2674 cis
584 2619 815 2674 obviam
874 2625 1301 2691 processerunt,
1365 2625 1442 2683 et,
1501 2619 1628 2674 sine
1687 2636 1901 2691 magno
1959 2635 2161 2673 eorum
2221 2617 2545 2691 dispendio,

438 2703 720 2774 majorem
784 2709 1012 2774 partem
1062 2719 1264 2757 eorum
1317 2701 1636 2758 crudeliter
1692 2707 2085 2774 peremerunt.
2184 2700 2313 2770 Quo
2371 2702 2545 2767 fact0,

438 2787 695 2843 accrevit
720 2786 911 2842 Scotis
940 2785 1199 2851 audacia,
1238 2785 1448 2841 vicinis
1482 2784 1700 2857 Anglis
1736 2785 1914 2841 timor
1948 2790 2011 2840 et
2043 2786 2274 2850 inertia,
2314 2786 2458 2841 adeo
2481 2792 2551 2841 ut

432 2871 558 2942 jam
594 2870 977 2926 effoeminatos
1015 2868 1306 2934 crederes,
1347 2887 1493 2941 quos
1543 2887 1752 2941 parum
1800 2874 1936 2924 ante
1973 2868 2168 2927 cordis
2203 2869 2549 2939 magnitudo

438 2960 772 3027 aequaverat
824 2953 1134 3025 leopardis.
1226 2953 1448 3009 Missus
1508 2959 1602 3008 est
1660 2970 1803 3024 ergo
1862 2952 2150 3009 Dominus
2203 2952 2547 3008 Edmundus
2573 2961 2626 3012 A
2649 2969 2788 3014 truce

437 3039 764 3103 Mortimer,
819 3037 1030 3094 Oomes
1090 3037 1390 3102 Marchiae,
1453 3037 1528 3092 ad
1587 3035 1959 3093 tractandum
2020 3054 2156 3091 cum
2209 3037 2421 3102 Scotis,
2479 3044 2549 3092 ut
2571 3029 2782 3080 effoeoed
2797 3032 2866 3097 by

438 3123 618 3178 moris
678 3129 771 3179 est
824 3122 1076 3193 singulis
1110 3120 1133 3153 ²
1154 3118 1396 3192 [annis],
1448 3120 1511 3175 in
1570 3119 1668 3176 die
1729 3137 1908 3193 quam
1959 3118 2202 3190 Anglici
2262 3126 2325 3175 et
2384 3119 2545 3176 Scoti
2569 3095 2890 3213 ῧὲτξῖἱὲξ

441 3211 479 3235 “
519 3208 674 3264 diem
710 3207 991 3262 Marchiae
1012 3205 1048 3230 '’
1085 3205 1648 3262 consuetudinaliter
1684 3204 2000 3277 appellant.
2078 3202 2191 3272 Qui
2230 3203 2295 3258 id
2330 3204 2541 3270 effecit,
2567 3228 2631 3278 ος
2643 3201 2784 3280 „hm-’2

438 3300 506 3348 ut
527 3299 754 3363 treugae
779 3290 1021 3348 stabiles
1045 3289 1201 3347 inter
1224 3295 1542 3361 utrumque
1577 3288 1881 3362 populum,
1923 3286 2029 3343 sed
2052 3305 2235 3360 parvo
2258 3294 2541 3360 tempore,
2570 3294 2819 3347 duration.

440 3379 828 3433 firmarentur.

614 3586 794 3653 Acta
834 3585 923 3652 ’ἱπ
966 3582 1356 3651 Britannia
1399 3581 1598 3669 apud
1643 3580 1987 3648 Sanctum
2029 3580 2362 3648 Maleum.

507 3737 697 3808 Prope
732 3734 860 3791 dies
896 3735 1041 3791 istos
1078 3734 1213 3790 Dux
1251 3732 1630 3797 Lancastriae,
1670 3731 1836 3804 cnjus
1872 3731 2216 3787 memoriam
2247 3747 2402 3804 saepe
2437 3748 2544 3803 per
2567 3741 2680 3793 The
2702 3744 2855 3795 Duke

437 3828 571 3876 ante
605 3819 873 3885 fecimus,
912 3824 1048 3891 post
1086 3818 1323 3889 longam
1358 3823 1421 3872 et
1466 3816 1757 3871 diutinam
1791 3832 2014 3893 moram
2051 3815 2114 3870 in
2147 3823 2324 3880 terra,
2365 3833 2541 3886 quam
2566 3808 2626 3859 os
2641 3810 2776 3860 Lan·

436 3909 817 3975 protraxerat,
867 3901 1012 3975 jam,
1069 3901 1211 3957 licet
1256 3901 1442 3965 ’ser0,
1495 3905 1947 3956 conversaturus
1995 3898 2058 3953 in
2107 3898 2278 3968 aquis
2328 3897 2541 3954 validis
2565 3884 2728 3927 Μ
2747 3893 2857 3942 9¹⁵0·

439 3987 786 4058 accingitur,
825 4004 960 4042 oum
995 3986 1169 4041 turba
1204 3986 1347 4041 satis
1382 3984 1598 4050 valida,
1625 4001 1835 4039 versus
1870 4000 2050 4037 mare.
2126 3980 2268 4050 Qua>
2304 3981 2541 4053 quidem
2563 3952 2783 4060 {3⁸ssss
2812 4020 2865 4063 nt

442 4071 755 4126 multitudo
800 4070 876 4125 ad
926 4069 1317 4125 resistendum
1365 4068 1728 4141 quibuslibet
1785 4067 2052 4122 hostibus
2099 4065 2445 4131 suffecisset,
2491 4067 2544 4121 si
2570 4076 2681 4128 last.
2775 4048 2791 4073 ’

442 4155 557 4210 Dei
591 4155 786 4225 gratia
831 4159 995 4210 tanto
1040 4153 1263 4224 agmini
1312 4153 1556 4207 minime
1603 4151 1907 4206 defuisset.
1985 4149 2102 4205 Sed
2138 4148 2322 4221 pudet
2353 4167 2545 4205 recor·

442 4239 694 4294 dationis
740 4243 830 4294 tot
873 4255 1072 4292 rerum
1118 4244 1242 4292 tam
1301 4235 1455 4291 male
1515 4241 1819 4306 gestarum
1865 4232 1996 4304 ipso
2056 4238 2336 4305 tempore,
2399 4233 2544 4290 adeo

442 4328 512 4378 ut
534 4322 768 4378 silentio
804 4321 992 4377 multa
1013 4326 1284 4391 tegamus
1311 4336 1442 4390 quae
1480 4318 1737 4375 scribere
1773 4316 2136 4383 deberemus,
2175 4335 2249 4373 ne
2285 4318 2435 4374 forte
2471 4317 2545 4372 ab

1887 4472 2028 4477 ffl--
2063 4472 2128 4478 ⁶——
2183 4472 2302 4479 ...ἡ

446 4476 515 4482 Β-.
530 4476 815 4483 --·-——-—-——
836 4476 867 4481 —

509 4578 599 4625 'sc
610 4574 818 4624 omitted
832 4573 888 4623 in
909 4572 997 4624 the
1018 4570 1219 4637 printed
1240 4579 1389 4623 texts.
1613 4571 1633 4599 ⁸
1655 4586 1707 4619 se
1763 4568 1816 4618 in
1871 4568 2000 4632 orig.
2053 4569 2155 4618 and
2210 4568 2294 4617 the
2345 4567 2544 4631 printed

506 4655 528 4686 ²
550 4653 788 4719 Supplied
834 4654 964 4703 from
1009 4651 1147 4702 Bibl.
1198 4651 1324 4716 ch.
1383 4654 1444 4699 13
1545 4656 1681 4699 texts
1705 4668 1720 4707 ς
1744 4647 1998 4697 corrected
2021 4646 2150 4696 stom
2171 4646 2304 4696 BibL
2327 4646 2453 4711 Reg.
2483 4652 2542 4695 13

444 4736 504 4785 Ε.
528 4735 603 4784 ix.
627 4754 641 4794 3
665 4732 873 4784 omitted
894 4730 949 4782 in
972 4730 1059 4782 the
1079 4729 1278 4795 printed
1294 4738 1440 4781 texts.
1546 4729 1606 4779 E.
1628 4727 1702 4778 ix.
