3300 5617
109 1339 232 1391 MS.
255 1338 395 1391 Bibl.

107 1408 248 1485 Beg.
276 1412 336 1456 13

112 1475 178 1525 Ε.
203 1489 280 1525 lx.

1100 780 1426 835 HIS-rom
1453 780 1875 833 ANGLICANA.
2413 764 2544 836 397

443 1082 618 1150 Aere
656 1089 993 1152 certamen
1038 1081 1228 1151 inter
1271 1082 1606 1171 Anylicos
1653 1090 1714 1151 et
1759 1081 2059 1151 Gallicos
2089 1081 2286 1170 apud
2312 1079 2546 1150 Scher-

1066 1184 1296 1273 bquh,
1351 1209 1486 1274 pro
1532 1185 1967 1254 victualibus.

521 1343 743 1400 Eodem
789 1363 958 1412 anno,
1010 1344 1378 1419 stipendiarii
1428 1348 1533 1420 qui
1580 1352 1748 1403 erant
1800 1365 1935 1404 cum
1983 1346 2235 1403 Domino
2284 1344 2325 1400 J
2326 1346 2548 1400 ohanne
2576 1352 2889 1403 A.D.1379.

451 1428 770 1486 Harleston
816 1431 973 1502 apud
1022 1431 1418 1504 Scherburgh,
1473 1438 1534 1489 et
1578 1432 1830 1487 maxime
1876 1430 1964 1486 hii
2004 1432 2108 1503 qni
2153 1435 2553 1486 remanserant
2577 1444 2799 1495 Dim-ess
2821 1445 2883 1494 of

450 1519 587 1586 post
629 1532 929 1573 recessum
976 1514 1214 1571 Domini
1262 1514 1505 1572 Roberti
1551 1515 1611 1570 le
1659 1515 1840 1581 Rous,
1890 1516 2048 1572 versi
2096 1516 2161 1570 in
2208 1514 2553 1572 seditionem
2577 1512 2664 1563 the
2677 1511 2894 1576 English

456 1598 473 1630 ¹
488 1598 777 1666 dixerunt,
839 1597 862 1631 ²
879 1600 947 1669 [“
984 1600 1176 1656 Ecce!
1237 1600 1389 1655 nihil
1449 1606 1721 1673 superest
1782 1600 1939 1672 quod
1994 1600 2431 1665 manducemus,
2495 1604 2556 1654 et
2579 1586 2828 1699 gffl'goat

459 1685 497 1711 “
537 1683 822 1754 quomodo
884 1701 1123 1756 pascere
1186 1680 1432 1756 poteris]
1496 1685 1647 1740 hanc
1707 1683 2163 1751 multitudinem,
2227 1683 2558 1757 praesertim
2663 1661 2717 1698 er
2783 1660 2892 1710 ”¹⁸3⁶

461 1770 498 1794 ‘⁸
536 1785 673 1823 cum
709 1766 923 1823 Gallici
969 1785 1169 1824 omnes
1205 1784 1354 1840 pene
1396 1767 1416 1795 ⁸
1431 1768 1645 1834 aditae,
1695 1785 1895 1825 omnes
1943 1768 2091 1835 vias,
2145 1768 2553 1833 concluserint,

463 1853 501 1877 “
537 1869 645 1923 per
704 1869 849 1922 quas
910 1870 1044 1924 spes
1104 1852 1296 1908 victus
1352 1869 1482 1908 esse
1534 1850 1764 1923 possit?
1781 1851 1816 1877 ’²
1908 1852 2196 1909 Dominus
2262 1851 2303 1907 J
2303 1853 2558 1909 ohannes

420 1995 424 1999 ,
457 1952 614 2001 vero,
656 1953 857 1991 eorum
895 1936 1425 1993 necessitudinibus
1461 1953 1821 2009 compassus,
1861 1954 2065 1993 eorum
2101 1937 2285 1992 lenire
2322 1937 2561 2009 cupiens

457 2019 924 2086 amaritudinem,
988 2020 1139 2077 dixit
1197 2020 1272 2076 ad
1336 2038 1436 2076 eos
1463 2023 1597 2088 ;—“
1621 2019 1901 2086 Cernitis,
1965 2004 2408 2086 commilitoneS,
2466 2036 2561 2074 me

461 2105 499 2130 “
537 2103 742 2159 eadem
774 2104 1123 2161 necessitate
1154 2104 1477 2177 ⁴pressum,
1515 2104 1822 2161 vobiscum
1858 2106 2260 2171 communiter,
2303 2122 2422 2176 qua
2455 2121 2561 2159 vos

461 2190 499 2215 ‘⁶
537 2189 743 2260 urgeri
774 2189 1002 2245 doletis.
1076 2189 1156 2245 Et
1192 2189 1335 2261 quid
1375 2195 1466 2245 est
1504 2189 1663 2260 quod
1687 2189 1845 2246 ultra
1869 2190 2060 2245 facere
2083 2190 2251 2246 vobis
2277 2186 2561 2244 debeam?

463 2274 500 2298 “
539 2271 850 2329 Decernite
914 2272 1057 2345 quid
1103 2290 1199 2328 me
1244 2273 1427 2329 vultis
1480 2274 1672 2329 facere
1708 2290 1816 2345 pro
1865 2273 2054 2329 salute
2102 2278 2332 2341 vestra3
2395 2290 2561 2344 para-

463 2359 500 2382 “
539 2362 668 2411 tum
723 2375 818 2412 me
872 2356 1162 2412 habebitis
1212 2357 1336 2413 sive
1404 2357 1481 2413 ad
1525 2358 1712 2414 vitam
1748 2357 1874 2414 sive
1921 2357 1998 2413 ad
2043 2356 2351 2413 mortem.”
2450 2354 2564 2410 Cui

465 2443 502 2467 “
538 2440 649 2506 illi,
695 2444 733 2467 ‘⁸
750 2441 861 2496 Est
896 2440 1054 2507 hic,”
1099 2441 1389 2512 inquiunt,
1439 2445 1477 2469 “
1496 2459 1613 2497 non
1647 2442 1853 2513 procul
1892 2442 2139 2498 ecclesia
2177 2448 2237 2498 et
2276 2440 2565 2514 quoddam

466 2527 503 2550 “
541 2524 956 2590 molendinum,
1014 2525 1077 2580 in
1137 2543 1267 2597 quse
1325 2525 1524 2581 hostes
1573 2526 1762 2581 nostri
1812 2543 1920 2583 sua
1975 2526 2256 2582 victualia
2305 2543 2564 2596 compor-

469 2612 505 2636 “
545 2614 778 2675 tarunt3
828 2615 1192 2665 transeamus
1240 2609 1383 2665 illuc
1418 2610 1722 2666 instructis
1758 2610 1958 2675 armis,
1998 2616 2067 2665 ut
2113 2608 2479 2681 experiamur
2515 2608 2567 2664 si

469 2696 507 2720 ‘⁴
546 2694 695 2750 forte
745 2694 913 2749 nobis
966 2693 1224 2750 arrideat
1269 2695 1503 2750 fortuna
1549 2695 1828 2751 serenior.
1881 2694 2099 2750 Melius
2150 2700 2242 2750 est
2300 2694 2456 2748 enim
2509 2699 2571 2748 et

469 2779 508 2804 “
543 2778 1017 2834 honorificentius
1074 2778 1242 2834 nobis
1301 2780 1452 2834 mori
1510 2777 1761 2845 fortiter,
1824 2796 2001 2849 quam
2051 2778 2205 2833 fame
2253 2782 2314 2834 et
2371 2777 2569 2832 inedia

470 2865 507 2888 ‘⁶
545 2880 681 2918 oum
717 2862 1000 2918 dedecore
1035 2861 1363 2934 deperire.''

536 2944 861 3018 Applaudit
893 2946 996 3001 ille
1019 2946 1195 3002 dictis
1234 2964 1455 3013 eorum,
1483 2952 1546 3003 et
1579 2952 1750 3003 nocte
1775 2951 2055 3018 sequente
2079 2945 2464 3017 accinguntur
2487 2942 2564 2999 ad
2590 2951 2701 3002 The
2722 2952 2859 3016 Eng-

467 3030 612 3086 iter:
653 3030 728 3086 ad
762 3030 892 3086 loca
928 3048 1073 3103 ergo
1109 3030 1391 3103 praedicta
1423 3031 1790 3103 perveniunt,
1823 3031 1929 3087 sed
1952 3048 2022 3086 ea
2058 3029 2300 3086 Gallicis
2337 3030 2563 3102 repleta
2586 3019 2683 3068 lissh
2706 3028 2876 3082 t¹⁹00P⁵³

469 3115 787 3186 reperiunt.
855 3114 983 3171 Nec
1005 3132 1187 3181 mora,
1214 3114 1504 3170 insultum
1544 3114 1688 3171 dant
1724 3115 2076 3170 acerrimum
2113 3114 2190 3170 ad
2244 3121 2560 3185 utrumque
2587 3085 2863 3202 ffilcchthe

469 3199 682 3264 locum,
712 3206 772 3255 et
794 3198 862 3255 fit
882 3199 1161 3271 utrinque
1185 3216 1437 3271 magnus
1474 3198 1778 3271 sla-spitus,
1822 3198 1961 3253 hinc
1983 3197 2255 3269 Anglicis
2293 3198 2564 3254 certanti·
2789 3192 2800 3203 ’

470 3285 580 3339 bus
603 3302 710 3356 pro
734 3284 1029 3340 communi
1065 3283 1249 3348 victu,
1290 3282 1455 3338 illinc
1491 3280 1739 3338 Gallicis
1765 3299 1864 3338 eos
1898 3282 2155 3338 viriliter
2188 3283 2563 3355 propellenti-

471 3369 581 3424 bus
606 3386 714 3441 pro
738 3367 1007 3425 custodia
1028 3372 1418 3438 utrarumque
1441 3384 1663 3432 rerum,
1688 3366 1881 3423 victus
1905 3366 2185 3423 videlicet
2209 3373 2385 3439 atque
2408 3367 2566 3424 vitae.

472 3452 569 3507 Ibi
591 3453 824 3509 videres
876 3452 941 3507 in
987 3450 1261 3524 Anglicis
1314 3469 1433 3506 non
1466 3469 1574 3522 per
1625 3451 1932 3522 speculum
1965 3452 2062 3507 vel
2099 3450 2119 3478 ⁵
2136 3452 2199 3506 in
2233 3452 2563 3524 aenigmate,

473 3536 578 3593 sed
601 3537 749 3593 facie
784 3542 975 3601 tenus,
1017 3536 1161 3607 quid
1184 3537 1368 3591 fames
1403 3535 1673 3607 imperat,
1704 3535 1848 3606 quid
1871 3534 2067 3590 inedia
2089 3535 2389 3602 stimulat3
2430 3534 2570 3589 dum

473 3625 762 3676 nostrates
798 3619 994 3691 potius
1028 3619 1204 3674 letale
1243 3616 1469 3674 ferrum
1508 3618 1770 3674 hostium
1808 3623 2106 3690 appetunt,
2148 3637 2287 3675 saxa
2319 3619 2571 3673 libenter

475 3704 745 3769 subeunt,
772 3721 974 3760 muros
998 3704 1290 3769 alacriter,
1318 3703 1423 3760 sed
1457 3703 1805 3775 periculose,
1843 3702 2147 3770 invadunt,
2189 3721 2365 3775 quam
2401 3702 2571 3757 famis

475 3788 840 3843 incommoda
898 3787 1123 3859 seipsos
1188 3788 1440 3844 tolerare
1498 3787 1865 3859 permittunt.
1957 3786 2111 3856 Quid
2168 3787 2357 3842 multa
2370 3785 2398 3842 P
2455 3786 2574 3840 Pro

479 3872 643 3927 victu
674 3871 928 3927 instatur
961 3872 1261 3937 audacius,
1299 3877 1601 3943 pugnatur
1636 3870 1972 3937 ardentius3
2011 3876 2297 3942 occupant
2319 3868 2576 3925 famelici

482 3960 792 4022 saturatos,
846 3955 1089 4027 Anglici
1143 3954 1422 4021 Gallicos,
1478 3961 1540 4011 et
1587 3954 1851 4027 captivos
1903 3953 2202 4026 accipiunt
2251 3969 2359 4025 pro
2406 3952 2574 4007 libito

473 4038 611 4110 jure
659 4038 840 4107 belli3
899 4039 1150 4096 redeunt
1200 4039 1397 4097 onusta·
1433 4038 1660 4112 spoliis,
1710 4037 1972 4109 gaudent
2003 4035 2252 4094 victoria
2286 4035 2571 4092 affectata.

550 4391 565 4423 ¹
588 4390 830 4441 dua-mat
846 4390 902 4440 in
923 4389 1049 4457 orig.
1066 4389 1171 4440 and
1184 4388 1271 4439 the
1281 4386 1479 4452 printed
1645 4389 1666 4419 ⁸
1686 4386 1843 4439 edim
1862 4387 1921 4439 in
1942 4388 2100 4454 σήμ
2121 4388 2192 4454 by
2208 4387 2573 4440 inadvertence.

481 4478 651 4532 texts3
708 4471 965 4521 corrected
986 4469 1117 4519 from
1158 4467 1296 4518 Bibl.
1341 4467 1469 4533 Reg.
1646 4470 1666 4497 ⁴
1679 4484 1895 4533 proesum
1928 4467 2166 4518 vobiscum
2199 4470 2392 4519 comiter
2413 4469 2467 4518 in
2489 4469 2576 4519 the

489 4557 547 4602 13
570 4551 634 4602 E.
654 4549 729 4600 ix.
1580 4546 1781 4612 printed
1802 4553 1951 4599 texts.

550 4632 572 4661 ²
592 4629 832 4695 supplied
869 4628 998 4679 from
1018 4627 1152 4679 Bibl.
1175 4627 1303 4694 Reg.
1332 4633 1393 4678 13
1415 4627 1476 4680 E.
1647 4628 1668 4657 ⁸
1688 4628 1872 4693 eni-cyma
1893 4626 1949 4677 in
1973 4627 2057 4679 the
2077 4627 2276 4693 printed
2292 4635 2444 4680 texts.

486 4712 583 4766 ix:
617 4710 826 4761 omitted
846 4706 903 4759 in
922 4708 1008 4761 the
1029 4707 1227 4775 printed
1247 4712 1396 4760 texts.
