3300 5617
433 952 570 1004 An.
600 954 742 1030 1372·

431 1048 595 1097 Peuce
616 1062 693 1097 re-

431 1115 609 1163 stored.

433 1282 584 1347 siege
607 1282 669 1333 of

431 1346 670 1400 Rochelle

429 1416 498 1479 by
521 1415 607 1466 the

431 1480 645 1533 Frencb.

429 2125 540 2175 The
560 2126 681 2175 Esrl

427 2192 488 2240 of
503 2192 647 2241 Pem-

427 2259 597 2319 broke‚
620 2263 720 2310 and

424 2332 569 2388 great
589 2334 714 2376 tma-

426 2406 555 2451 sure,
578 2408 697 2457 cap-

426 2459 570 2508 tured
591 2460 664 2524 by

427 2525 511 2573 the
538 2526 698 2589 Span-

424 2590 507 2639 ish
529 2590 663 2645 ficet.

422 2768 645 2818 Various

424 2849 628 2885 reasons

421 2901 653 2967 assigned

421 2968 499 3017 sor
519 2969 621 3018 this

419 3035 729 3086 missortune.

771 739 900 801 314
1434 754 1694 804 'rnomn
1740 756 2203 806 wsnsmom

767 957 904 995 cum
949 941 1266 997 insolenter
1315 942 1613 1012 provocati
1668 942 1918 997 fuissent
1970 943 2043 997 ab
2091 943 2332 1008 eisdem,
2384 948 2454 998 ut
2504 943 2872 1013 praedicitur,
2901 957 3022 1009 ΜΒ,
3048 954 3171 1011 niu,

767 1025 1070 1081 universos
1118 1030 1525 1097 peremerunt;
1577 1026 1732 1081 unde
1769 1027 1969 1097 gravis
2006 1027 2301 1083 discordia
2347 1033 2411 1082 et
2441 1027 2618 1099 plura
2658 1028 2877 1083 damna
2900 1025 3037 1104 Reg-
3068 1031 3123 1076 1³

765 1109 1170 1179 pervenissent
1203 1109 1438 1180 utrique
1474 1110 1691 1181 populo
1727 1128 1796 1165 ex
1834 1109 1850 1142 ¹
1871 1107 2030 1181 [hac]
2069 1112 2387 1176 occasione,
2426 1112 2541 1167 nisi
2578 1129 2693 1183 pax
2726 1113 2874 1167 ami-
2900 1092 3134 1210 ἐωξὶ,

766 1192 971 1248 oabffls
1013 1194 1224 1250 fuisset
1269 1194 1445 1249 citius
1483 1196 1814 1250 reformata.
2900 1225 3110 1285 „imm
3134 1178 3181 1210 ¹*

833 1277 1054 1332 Eodem
1108 1286 1368 1350 tempore
1415 1278 1627 1334 Franci
1679 1280 2031 1335 obsederunt
2078 1280 2281 1334 villam
2346 1280 2419 1334 de
2461 1279 2760 1345 Rochelle,
2812 1288 2876 1337 et
2898 1308 2984 1357 pp.
3009 1298 3124 1355 211,
3144 1302 3186 1345 2.

761 1361 825 1415 in
870 1366 1030 1416 terra
1076 1362 1181 1417 illa
1237 1363 1424 1418 multa
1481 1363 1637 1417 mala
1695 1364 1975 1418 fecerunt.
2075 1362 2461 1431 Quamobrem
2507 1364 2725 1419 missus
2781 1372 2876 1421 est

763 1445 972 1501 Comes
1009 1446 1081 1501 de
1123 1446 1412 1510 Penbrok,
1445 1446 1685 1517 juvenis
1730 1447 1945 1517 viginti
1982 1447 2240 1517 quinque
2292 1447 2526 1502 circiter
2561 1460 2865 1513 annorum,

761 1530 823 1584 in
858 1529 1246 1595 Wasconiam,
1286 1530 1361 1585 ad
1417 1531 1846 1585 refraenandum
1901 1529 2261 1586 Gallicorum
2296 1530 2708 1586 immoderatos
2763 1533 2872 1586 im-

758 1619 948 1686 petus,
994 1621 1056 1671 et
1088 1616 1163 1671 ad
1210 1614 1645 1671 dissolvendum
1695 1614 2059 1670 obsidionem
2093 1615 2450 1686 prm-dictam,
2494 1632 2630 1669 cum
2652 1632 2871 1687 magna

757 1699 1134 1755 multitudine
1172 1704 1546 1754 armatorum.
1623 1697 1738 1767 Qui
1774 1716 1910 1753 cum
1946 1698 2087 1754 satis
2126 1697 2319 1753 securi
2354 1698 2757 1769 pervenissent
2793 1699 2869 1754 ad

758 1789 993 1854 portum
1028 1783 1101 1838 de
1138 1783 1378 1847 Bochel,
1431 1788 1672 1856 repente
1706 1783 1831 1838 ruit
1878 1800 2054 1854 super
2102 1799 2201 1837 eos
2237 1782 2444 1837 classis
2480 1783 2863 1854 Hispannica,

759 1869 1020 1924 incautos
1069 1874 1207 1923 tunc
1259 1873 1320 1923 et
1353 1868 1714 1922 inordinatos
1764 1866 1841 1921 ad
1874 1883 2153 1938 pugnam,
2206 1866 2490 1930 feriende,
2532 1867 2861 1932 sternend0,

759 1952 1098 2017 mactand03
1137 1950 1290 2006 unde
1326 1952 1576 2021 contigit
1599 1950 1757 2021 quod
1779 1950 2028 2005 victoria
2051 1950 2229 2004 cessit
2250 1949 2553 2021 Hispanis,
2593 1949 2863 2021 Anglicis

758 2035 938 2107 ²pene
975 2037 1199 2092 cunctis
1236 2036 1298 2090 in
1344 2036 1452 2091 hoc
1501 2052 1821 2106 congressu
1857 2035 2061 2105 captis,
2097 2034 2418 2089 vulneratis
2467 2034 2739 2099 letaliter,
2768 2036 2863 2091 vel

760 2121 984 2175 occisis.
1102 2120 1355 2191 Hispani
1409 2120 1668 2191 insuper,
1726 2118 1957 2173 nullum
2022 2135 2211 2188 genus
2264 2119 2283 2147 ⁸
2301 2118 2648 2172 damnorum
2705 2119 2865 2189 quod
2890 2123 3007 2173 MS.
3034 2124 3159 2174 BibL

757 2204 776 2235 ⁴¹
795 2205 1054 2275 irrogare
1089 2208 1358 2275 poterant
1390 2203 1921 2274 proetermittentes,
1972 2218 2149 2256 naves
2187 2218 2385 2255 omnes
2421 2202 2672 2256 flammis
2695 2220 2861 2257 vora·
2888 2190 3018 2267 1³²ss-
3050 2196 3108 2241 ¹³

758 2287 922 2342 cibus
970 2287 1430 2349 combusserunt,
1482 2291 1833 2357 captumque
1885 2284 2192 2349 Comitem,
2247 2302 2383 2340 cum
2428 2285 2644 2355 viginti
2684 2286 2861 2340 milli·
2888 2256 2954 2307 Ε·
2978 2271 3050 2307 ¹¹·

757 2370 865 2425 bus
913 2386 1243 2425 marcarum
1283 2375 1688 2440 susceptarum
1736 2387 1772 2423 a
1806 2368 1973 2439 Rege
2008 2366 2243 2438 Angliae
2291 2368 2367 2422 ad
2414 2368 2863 2424 continuandam

756 2453 974 2508 ibidem
1049 2471 1349 2523 guerram,
1419 2470 1644 2507 necnon
1698 2452 2016 2507 Dominum
2082 2451 2155 2506 de
2216 2451 2277 2506 la
2337 2452 2539 2523 Spaer,
2598 2452 2863 2524 aliosque

756 2538 970 2593 multos
1005 2537 1230 2592 nobiles
1267 2544 1328 2592 et
1361 2537 1649 2601 robustos,
1688 2536 2078 2607 Hispanniam
2126 2535 2506 2591 abduxerunt.
2599 2537 2865 2608 Contigit

757 2626 953 2676 autem
991 2620 1149 2676 istud
1185 2620 1571 2675 infortunium
1605 2621 1669 2674 in
1691 2619 1921 2689 Vigilia
1954 2618 2300 2674 Nativitatis
2338 2619 2539 2675 Sancti
2577 2620 2616 2674 J
2619 2621 2863 2676 ohannis

757 2705 1057 2777 Baptistae‚
1110 2705 1172 2759 in
1208 2722 1324 2775 qua
1359 2704 1379 2732 ⁸
1395 2705 1607 2759 festiva
1645 2704 1874 2759 Sanctoe
1910 2703 2282 2759 Etheldredae
2315 2703 2586 2774 Virginis
2631 2722 2862 2777 semper

757 2789 1027 2844 occurrit.
1109 2787 1277 2856 Quod
1314 2788 1551 2858 quidem
1599 2788 1984 2842 infortunium
2020 2786 2220 2858 plures
2268 2794 2539 2842 asserunt
2575 2789 2687 2843 sibi
2725 2807 2859 2843 con-

757 2873 964 2943 tigisse
1018 2880 1257 2943 propter
1321 2871 1597 2942 injuriam
1667 2888 1843 2940 quam
1912 2870 2114 2925 intulit
2179 2869 2442 2926 ecclesiae
2509 2872 2859 2943 supradictus

755 2956 1043 3025 VirginiS,
1123 2955 1184 3009 in
1245 2953 1460 3009 “causa
1538 2954 1692 3008 inter
1755 2952 1996 3008 eandem
2059 2953 2365 3008 ecclesiam
2433 2962 2494 3009 et
2551 2955 2857 3010 ecclesiam

759 3041 956 3095 Sancti
1004 3038 1296 3093 Edmundi
1344 3039 1529 3109 Regis
1577 3044 1639 3093 et
1683 3037 1965 3109 Martyris
2013 3037 2086 3092 de
2133 3037 2318 3108 Bury,
2368 3034 2711 3110 priusquam
2764 3057 2855 3094 re-

755 3123 989 3178 cederet
1034 3124 1109 3177 de
1156 3129 1316 3177 terra
1354 3140 1476 3177 sua.
1553 3122 1813 3177 Pecunia
1858 3139 1998 3176 vero
2046 3120 2399 3193 supradicta,
2452 3124 2592 3193 quia
2613 3123 2859 3178 collecta

755 3209 946 3262 fuerat
992 3206 1064 3261 de
1132 3206 1346 3261 Sancta
1391 3206 1674 3271 Ecclesia,
1725 3210 1901 3276 prout
1964 3206 2171 3268 fertur,
2234 3205 2350 3260 fuit
2396 3206 2648 3261 Domino
2702 3206 2855 3277 Regi

753 3292 993 3346 minime
1039 3293 1355 3347 fructuosa.
1430 3290 1552 3345 Alii
1602 3289 1893 3361 siquidem
1941 3294 2212 3343 asserunt
2245 3288 2403 3344 dicta
2447 3290 2605 3345 mala
2642 3289 2855 3345 Comiti
2882 3292 2996 3343 MS.
3022 3294 3155 3344 Bibl.

753 3375 1055 3439 accidisse,
1095 3375 1497 3446 principaliter
1535 3375 1725 3428 tribus
1762 3372 1835 3427 «10
1870 3373 2102 3438 causi-213
2155 3373 2366 3443 primo,
2411 3374 2552 3443 quia.
2589 3374 2714 3445 ipse
2756 3392 2859 3428 ux·
2884 3359 3013 3438 Res·
3044 3366 3104 3409 ¹³

755 3466 970 3523 oratus,
1021 3465 1195 3531 rupto
1262 3458 1481 3512 foedere
1541 3457 1859 3528 conjugali,
1927 3470 2063 3510 cum
2129 3456 2262 3511 aliis
2317 3456 2664 3513 mulieribus
2730 3474 2855 3512 rem
2883 3425 3041 3542 gog}

753 3544 1034 3598 nefariam
1075 3542 1456 3597 adulterando
1496 3541 1806 3596 commisit.
1886 3539 2170 3602 Secundo,
2198 3540 2561 3611 perniciosus
2601 3540 2855 3612 quadam
2881 3558 3178 3619 Mutuum,v

752 3628 1059 3691 dementia,
1111 3633 1172 3681 et
1217 3626 1444 3681 insania
1479 3625 1778 3696 fatigatus,
1822 3623 1963 3695 jura
1997 3630 2058 3678 et
2091 3622 2394 3678 libertates
2429 3624 2857 3679 ecclesiasticas
2879 3640 2928 3690 p.
2956 3631 3068 3676 212.

751 3715 812 3767 in
861 3711 1112 3782 quodam
1159 3710 1552 3765 Parliamento
1576 3709 1862 3763 delevisse
1902 3724 1973 3761 ex
2008 3707 2202 3761 animo
2238 3706 2548 3763 affectavit.
2633 3709 2853 3773 Tertio,

751 3798 876 3867 ipse
900 3795 1167 3869 protinus
1209 3795 1539 3865 exagitatus
1580 3793 1863 3864 nequitioe
1901 3791 2160 3855 stimulo,
2204 3791 2393 3845 suasit
2428 3790 2581 3862 Regi
2632 3808 2857 3864 suoque

753 3880 1031 3944 Gonsi1i0‚
1077 3885 1145 3935 ut
1201 3879 1316 3934 viri
1353 3877 1734 3933 ecclesiastici
1779 3877 2066 3932 bellorum
2102 3882 2364 3946 tempore
2400 3876 2641 3945 gravius
2679 3894 2859 3946 quam

413 3958 707 4013 ¹1⁰⁸ffl¹²50f
753 3967 875 4031 alii,
904 3965 1239 4027 saeculares‚
1285 3961 1752 4017 mulctarentur!
1824 3961 1950 4016 Ista
1971 3975 2112 4015 vero
2148 3958 2358 4017 ultima
2393 3974 2618 4014 summe
2655 3959 2859 4015 Domi·

413 4009 494 4052 the
508 4012 728 4062 tempora]

417 4060 563 4103 larda
578 4064 628 4105 to
644 4061 726 4105 the
755 4051 846 4105 nis
900 4049 1318 4122 temporalibus
1356 4046 1720 4118 placuerunt,
1785 4062 1915 4116 quae
1975 4043 2251 4115 deinceps
2289 4043 2457 4114 quasi
2505 4044 2567 4098 in
2613 4062 2858 4100 consue-

414 4110 619 4156 Church.

751 4135 1032 4197 tudinem,
1084 4134 1224 4187 licet
1285 4148 1582 4200 nunquam
1642 4128 1981 4200 gaudentes„
2033 4133 2353 4191 traxerunt,
2404 4135 2741 4200 reputantes
2792 4147 2857 4184 se

1033 4288 1140 4294 ψ
1165 4283 1462 4292 ——w
1477 4282 1604 4287 ---,Η
1619 4282 1675 4287 m-

817 4383 828 4410 ¹
858 4377 1097 4445 Supplied
1116 4378 1246 4427 stom
1270 4376 1354 4426 the
1376 4375 1574 4440 printed
1596 4380 1746 4425 texts.
1794 4390 1800 4493 Ι
1912 4376 1929 4401 ⁵
1938 4374 2128 4437 festum
2150 4370 2205 4421 in
2226 4370 2314 4420 the
2334 4369 2535 4435 printed
2556 4376 2705 4421 texts.

813 4460 834 4489 ²
847 4456 990 4523 plene
1033 4457 1089 4506 in
1121 4457 1245 4521 orig.
1269 4477 1284 4516 ;
1321 4455 1577 4506 eorrected
1611 4454 1744 4503 from
1910 4456 1929 4482 ‘²
1944 4466 2126 4502 causas
2147 4451 2201 4500 in
2223 4450 2308 4500 the
2330 4450 2528 4515 printed
2550 4456 2698 4501 texts.

745 4538 830 4589 the
851 4537 1053 4603 printed
1073 4542 1222 4587 texts.
1909 4536 1927 4562 ⁷
1947 4538 2032 4584 etc.
2055 4532 2103 4583 is
2122 4530 2244 4582 here
2263 4531 2427 4582 added
2449 4531 2501 4581 in
2542 4530 2628 4582 the
2648 4531 2853 4598 printed

812 4619 834 4648 ⁸
853 4615 1019 4665 damni
1039 4615 1091 4664 iu
1109 4616 1192 4665 the
1213 4614 1412 4679 printed
1427 4619 1575 4664 texts.
1844 4618 1989 4662 texts.

816 4700 834 4726 ⁴
856 4695 1068 4760 irroyan‘
1088 4694 1141 4742 in
1165 4693 1292 4757 orig.
