3300 5617
1096 792 1422 843 HISTORIA
1467 792 1887 843 ANGLICANA.
2404 782 2532 843 445

90 1058 208 1191 {3133-
237 1063 377 1180 Issbl.
444 1062 807 1133 Coronatio
830 1063 1039 1151 Reyie
1070 1064 1409 1147 Framcz'oe,
1442 1073 1503 1133 et
1533 1064 2013 1133 Tumdtuatio
2035 1063 2535 1134 Commium

90 1193 142 1244 Β,
171 1167 259 1247 ig,
1226 1168 1763 1236 Parim-netum.

507 1301 639 1357 Hoc
656 1318 826 1365 anno,
854 1316 1053 1357 mense
1077 1301 1451 1366 Novembris,
1470 1309 1779 1358 coronatus
1803 1307 1895 1357 est
1917 1301 2075 1357 filius
2100 1301 2328 1367 Karoli,
2358 1318 2536 1372 quon·
2560 1310 2697 1361 A.D.
2727 1316 2868 1363 1380.

438 1384 573 1440 dam
596 1385 781 1456 Regis
797 1385 1173 1450 Francorum,
1203 1385 1265 1440 in
1288 1384 1533 1457 Regem,
1563 1384 1580 1417 ¹
1598 1384 1880 1456 parvulus
1904 1385 2234 1450 admodum,
2261 1384 2538 1440 videlicet
2560 1378 2869 1429 Coronation

439 1467 640 1523 decem
675 1475 779 1525 aut
813 1469 1086 1525 undecim
1115 1487 1417 1525 annorum.
1494 1469 1640 1525 Post
1675 1470 1845 1542 cujus
1889 1468 2293 1525 Coronationis
2336 1474 2537 1524 exacta
2557 1444 2840 1561 ‘'VfIChKafgoe

439 1553 711 1619 celebria,
771 1573 905 1611 cum
946 1556 1224 1611 universa
1257 1555 1382 1611 fere
1421 1555 1698 1611 nobilitas
1745 1554 1917 1628 regni
1969 1554 2232 1611 Franciae
2269 1554 2534 1610 Parisius
2556 1579 2618 1628 of
2642 1527 2849 1628 'px-ange,

438 1639 819 1703 convenisset,
847 1644 1088 1711 repente
1123 1644 1253 1695 orta
1287 1644 1380 1694 est
1414 1638 1626 1694 seditio
1661 1656 1877 1710 magna
1911 1639 2235 1694 communis
2271 1639 2440 1710 vulgi
2476 1643 2537 1693 et
2557 1676 2766 1726 Tmult
2785 1684 2839 1726 at

436 1721 757 1788 tumultus;
799 1729 859 1778 et
892 1740 1160 1778 murmur
1182 1738 1465 1792 magnum
1488 1722 1747 1779 excrevit
1768 1723 1921 1778 inter
1944 1738 2235 1794 proceres,
2274 1740 2343 1778 eo
2380 1722 2536 1794 quod
2560 1742 2727 1802 Pal-13,
2748 1743 2851 1792 and

436 1806 648 1861 totiens
672 1824 787 1861 non
807 1812 929 1862 tam
954 1806 1372 1878 apporiassent,
1402 1823 1578 1877 quam
1601 1804 2044 1876 despoliassent,
2072 1805 2323 1878 patriam
2345 1805 2535 1861 diver-
2556 1809 2850 1874 grievances

436 1889 517 1944 sis
564 1890 735 1955 taxis,
790 1908 934 1962 quas
976 1893 1014 1917 “
1035 1889 1274 1962 gabelas
1295 1888 1329 1913 ’'
1368 1888 1700 1961 appellant3
1747 1889 1873 1959 jam
1921 1889 2210 1945 exhibitas
2247 1888 2534 1960 gallim-iis
2557 1876 2620 1925 ⁰f
2632 1876 2717 1925 ὼε

436 1978 496 2028 et
534 1974 750 2039 nautis,
792 1974 894 2044 qui
944 1974 1093 2028 nihil
1148 1972 1437 2029 commodi
1486 1973 1659 2044 regni
1697 1972 2086 2039 contulerunt,
2120 1974 2246 2044 jam
2282 1973 2533 2028 diversis
2557 1942 2829 2060 gfflm

435 2058 666 2122 exteris,
708 2058 811 2129 qui
865 2074 963 2113 eos
1013 2063 1348 2113 tutarentur
1383 2064 1445 2112 et
1476 2055 1692 2128 Anglis
1729 2057 2040 2123 officerent,
2081 2058 2185 2128 qui
2218 2057 2366 2111 nihil
2402 2075 2534 2130 pro·

434 2142 716 2206 fecerunt,
749 2141 875 2213 jam
900 2141 1153 2196 dominis
1179 2146 1241 2197 et
1262 2141 1435 2212 regni
1458 2141 1823 2212 proceribus,
1865 2140 1967 2212 qui
2005 2157 2105 2196 eos
2139 2145 2534 2212 protegerent,

353 2214 383 2234 ‘⁰
435 2224 539 2281 sed
587 2225 652 2279 in
711 2242 964 2291 vanum3
1028 2241 1163 2280 nam
1218 2225 1334 2296 ipsi
1388 2241 1681 2297 proceres,
1741 2225 1842 2295 qui
1897 2225 1983 2279 eis
2035 2224 2295 2280 defensio
2353 2225 2537 2280 fuisse

434 2309 772 2373 debuerant,
836 2314 898 2364 et
955 2309 1072 2380 ipsi
1130 2308 1393 2380 patronis
1454 2325 1600 2380 opus
1671 2307 1979 2371 habebant,
2043 2325 2178 2361 cum
2238 2314 2540 2363 cernerent

433 2392 752 2447 exercitum
774 2390 1171 2463 Anglicanum
1205 2409 1312 2464 per
1346 2397 1537 2447 totum
1571 2408 1823 2462 regnum
1870 2389 2153 2461 equitare,
2193 2390 2444 2445 flammis
2480 2397 2542 2446 et

434 2476 588 2530 ferro
625 2492 872 2546 quaeque
906 2480 1159 2540 vastare,
1200 2480 1261 2530 et
1293 2475 1524 2530 nullum
1560 2492 1593 2530 e
1631 2474 1756 2530 suis
1793 2491 1909 2528 non
1934 2475 2194 2528 'tantum
2229 2472 2452 2528 eisdem
2476 2491 2540 2529 se

432 2559 686 2622 obviare,
728 2558 833 2613 sed
866 2575 975 2613 nec
1012 2557 1251 2630 quidem
1285 2558 1581 2629 respicere
1618 2574 1849 2621 ausum,
1879 2556 1983 2612 sed
2009 2555 2346 2626 quemlibet,
2380 2573 2540 2611 more

433 2643 823 2708 foeminarum,
876 2642 974 2697 vel
1025 2642 1088 2697 in
1146 2642 1392 2697 urbibus
1450 2642 1549 2697 vel
1607 2640 1865 2698 castellis
1937 2640 2248 2696 occultare.
2348 2638 2539 2709 Quare

433 2725 769 2797 pudendum
819 2726 945 2780 fore
995 2725 1246 2781 dominis
1300 2725 1656 2790 asserebant,
1696 2723 1853 2796 quod
1901 2723 1965 2779 in
1998 2729 2162 2780 tanto
2196 2740 2398 2795 regne,
2437 2724 2541 2780 ubi

433 2816 522 2866 tot
554 2810 799 2874 nobiles,
838 2815 928 2866 tot
949 2815 1270 2881 magnates,
1310 2815 1399 2865 tot
1420 2809 1662 2873 milites,
1691 2814 1779 2865 tot
1800 2808 2018 2873 bellici,
2046 2824 2175 2863 esse
2199 2806 2537 2872 debuerant,

432 2899 501 2947 ut
533 2893 744 2948 merito
797 2899 998 2948 contra
1051 2893 1374 2964 quemlibet
1425 2892 1499 2947 de
1547 2891 1810 2948 exercitu
1861 2890 2190 2961 Anglicano
2225 2890 2427 2947 decem
2463 2891 2536 2946 de

433 2976 592 3031 facili
628 2977 949 3048 producere
985 2977 1334 3049 potuissent,
1364 2975 1521 3047 quod
1556 2975 1757 3030 nullus
1795 2992 1867 3029 ex
1901 2974 2173 3029 omnibus
2209 2991 2315 3045 pro
2351 2993 2536 3047 regno

433 3060 676 3116 auderet
710 3077 773 3116 se
810 3077 1120 3133 opponere,
1160 3060 1257 3116 vel
1310 3078 1418 3132 pro
1465 3060 1656 3131 plebe.
1746 3057 2095 3113 Pudendum
2130 3058 2370 3130 insuper
2407 3075 2535 3114 esse

432 3143 719 3208 dicebant,
759 3144 917 3215 quod
950 3144 1215 3215 pulchris
1263 3142 1785 3216 pollicitationibus
1821 3143 2036 3198 totiens
2071 3142 2352 3214 populum
2387 3143 2536 3198 salso

431 3227 969 3292 circumvenissent,
1008 3227 1419 3298 promittendo,
1461 3228 1512 3282 si
1542 3227 1672 3299 jam
1708 3233 1769 3282 et
1796 3226 1923 3298 jam
1946 3231 2178 3282 tantum
2201 3226 2531 3292 solvissent,

431 3329 495 3367 se
531 3311 810 3383 Angliam
835 3311 1272 3383 subjugaturus,
1301 3312 1355 3367 si
1377 3310 1550 3367 modo
1583 3316 1605 3346 ²
1620 3316 1851 3366 tantum
1886 3309 2305 3382 pendidissent,
2332 3328 2535 3382 pacem

431 3395 751 3459 habituros,
827 3401 888 3451 et
935 3395 1165 3450 nullum
1214 3395 1477 3466 ipsorum
1525 3410 1735 3449 verum
1769 3394 2015 3449 verbum
2052 3394 2327 3460 stetisse;
2393 3396 2536 3466 quin

430 3481 628 3544 etiam,
667 3481 855 3535 ’nunc
890 3478 1117 3551 Anglos
1153 3480 1217 3534 in
1251 3478 1510 3533 medium
1547 3495 1752 3534 eorum
1786 3477 2145 3542 convenisse,
2184 3484 2246 3535 et
2278 3477 2534 3534 Francos

429 3563 770 3619 meticulose
810 3562 969 3618 domi
1006 3562 1285 3627 residere,
1327 3562 1478 3616 nihil
1523 3562 1757 3617 omnino
1798 3561 2005 3633 patriae
2052 3562 2379 3633 providere,
2431 3563 2534 3619 sed

429 3648 704 3703 universa
745 3645 1075 3718 Anglorum
1112 3645 1426 3717 direptioni
1467 3645 1815 3717 derelinqui.
1890 3644 2258 3717 Quapropter
2294 3647 2528 3711 scirent,

429 3732 813 3804 proculdubio
848 3731 1080 3803 plebem
1114 3731 1447 3787 nullatenus
1471 3732 1624 3788 velle
1660 3732 1756 3787 vel
1792 3732 1980 3788 taxari
2003 3732 2101 3788 vel
2141 3733 2531 3788 taxationibus

429 3816 840 3888 adquiescere;
896 3815 1039 3886 quin
1073 3816 1287 3887 potius,
1327 3816 1552 3871 relictis
1590 3833 1697 3871 suo
1733 3816 1899 3887 Rege
1935 3822 1997 3871 et
2029 3817 2386 3888 proceribus,
2429 3818 2528 3888 qui

428 3904 701 3960 continue
737 3920 941 3958 eorum
976 3903 1364 3975 apporiationi
1400 3903 1731 3970 studebant,
1772 3904 1848 3959 ad
1880 3903 2107 3976 Anglos
2145 3921 2208 3959 se
2244 3905 2526 3970 conferre,

429 4006 574 4061 quos
626 3988 926 4045 sciverunt
972 3987 1167 4058 magis
1235 3987 1464 4057 placide
1517 3986 1916 4043 dominaturos
1972 4005 2148 4057 super
2201 4005 2300 4044 eos
2352 4006 2529 4060 quam

429 4073 685 4129 Gallicos
736 4090 873 4128 suos
923 4070 1184 4127 dominos
1234 4071 1551 4127 naturales.
1640 4071 1721 4129 Et
1766 4071 1910 4127 talia
1944 4071 2389 4137 conclamantes,
2428 4073 2528 4129 vix

426 4175 634 4213 manus
669 4160 940 4227 poterant
987 4155 1301 4221 continere,
1361 4154 1504 4226 quin
1555 4155 1619 4210 in
1657 4154 1939 4226 quosdam
1973 4155 2170 4227 regios
2206 4156 2526 4212 familiares
2552 4157 2665 4209 The
2685 4158 2857 4211 multi-

428 4246 489 4296 et
524 4241 888 4297 consiliarios
925 4239 1235 4311 injicerent
1261 4257 1468 4295 manus
1506 4256 1663 4295 suas.
1739 4239 1935 4295 Duces
1972 4240 2158 4311 igitur
2192 4247 2254 4297 et
2287 4259 2524 4313 magna-
2550 4227 2669 4276 ΜΕ
2686 4226 2730 4277 5⁸
2744 4226 2871 4276 with

427 4332 537 4390 tes,
570 4329 873 4381 cernentes
907 4323 1190 4395 populum
1225 4322 1650 4388 exacerbatum,
1690 4323 1812 4378 vim
1847 4324 1956 4379 sibi
1988 4324 2259 4381 timentes
2296 4326 2522 4393 inferri,
2551 4292 2810 4423 3ῗέἓὲ

501 4573 512 4602 “
538 4578 628 4620 aut
647 4568 895 4619 admodum
917 4566 1135 4617 videlicet
1165 4567 1218 4616 in
1265 4567 1391 4632 orig.
1415 4588 1429 4627 ς
1599 4570 1619 4596 ²
1643 4574 1799 4615 tamen
1817 4566 1873 4615 in
1897 4567 1982 4617 the
2005 4567 2205 4632 printed
2225 4577 2373 4622 texts.

433 4651 593 4700 celatis
616 4646 834 4697 videlicet
872 4648 925 4696 in
949 4647 1034 4695 the
1057 4645 1258 4709 printed
1281 4653 1430 4696 texte.
1599 4649 1617 4675 ³
1640 4653 1753 4695 tunc
1776 4646 1828 4695 in
1855 4645 2118 4697 Carnden’s
2145 4657 2268 4700 text.

432 4728 700 4784 corrected
722 4727 850 4776 from
872 4726 1007 4776 Bibl.
1044 4726 1170 4790 Reg.
1203 4732 1260 4775 13
1281 4726 1338 4775 E.
1358 4726 1429 4776 ix.
