3300 5617
509 998 647 1050 AJ).
675 1001 819 1049 1379.
846 986 1112 1057 contigit,
1170 992 1239 1040 ut
1289 986 1449 1056 ipsos
1502 983 1520 1016 ¹
1541 984 1768 1039 devotis
1819 980 2155 1055 precatibus
2195 981 2449 1053 populus
2492 986 2973 1052 prosequeretur
2994 979 3101 1030 MS.
3120 981 3197 1033 Em

2996 1048 3173 1112 &3112

2997 1114 3135 1164 nix.

509 1249 743 1303 Arundel

512 1317 615 1365 and
638 1315 719 1367 hin

509 1398 626 1432 men
649 1389 725 1433 set

514 1449 622 1499 sail.

514 1994 663 2057 They
686 2008 770 2043 are

514 2060 787 2111 overtaken

513 2128 584 2191 by
607 2143 639 2176 a

515 2200 735 2258 tempest.

847 787 976 848 422
1501 796 1763 845 'rnoMAE
1809 793 2279 845 wALsmanM

846 1071 920 1126 ad
965 1087 1145 1134 mare,
1210 1069 1366 1149 sicut
1398 1086 1430 1123 e
1472 1073 1676 1123 contra
1724 1066 2040 1125 Dominum
2080 1065 2119 1120 J
2122 1065 2405 1120 ohannem
2440 1064 2774 1123 Arundelle
2818 1063 2971 1119 diris

846 1154 1369 1226 imprecationibus
1408 1152 1641 1207 fuerant
1686 1152 1960 1207 insecuti.

918 1239 1063 1294 Post
1097 1239 1223 1292 haec
1272 1236 1559 1293 2evolutis
1594 1254 1712 1292 non
1747 1236 1953 1291 multis
1988 1236 2267 1291 horarum
2303 1235 2530 1307 spatiis,
2570 1251 2709 1291 cum
2744 1240 2971 1289 ventus

849 1323 1110 1379 flavisset
1143 1320 1319 1393 paulo
1355 1321 1673 1392 turgidius,
1706 1321 1959 1392 imperat
1993 1320 2280 1374 Dominus
2319 1320 2357 1374 J
2361 1320 2613 1374 ohannes
2650 1326 2723 1373 ut
2758 1336 2971 1373 omnes

847 1399 1025 1463 naves
1075 1405 1500 1476 ingrediantur,
1540 1411 1602 1460 et
1650 1405 1888 1460 mandat
1921 1405 2212 1459 naucleris
2246 1410 2366 1467 'ut,
2404 1403 2554 1458 velis
2592 1403 2874 1474 expmsis
2910 1408 2975 1457 et

847 1491 910 1545 in
945 1490 1130 1546 altum
1166 1489 1453 1553 deductiS,
1492 1489 1860 1545 committant
1912 1489 2151 1559 navigia
2202 1488 2411 1543 ventis.
2486 1486 2687 1543 Nauta
2720 1504 2871 1542 vero
2908 1489 2973 1541 in

848 1574 1018 1646 cujus
1068 1591 1279 1629 navem
1338 1574 1466 1645 ipse
1527 1572 1815 1627 Dominus
1878 1572 1917 1627 J
1920 1573 2174 1628 ohannes
2234 1577 2617 1634 concesserat,
2681 1570 2974 1629 videlicet

848 1658 1140 1713 Robertus
1201 1657 1356 1712 Rust
1414 1657 1486 1711 de
1545 1655 1864 1728 Blakeney,
1928 1674 2231 1728 praesagus
2291 1655 2659 1727 intemperiei
2722 1655 2967 1718 futuras,

850 1742 1152 1797 dissuadet
1188 1742 1243 1796 ei
1281 1759 1344 1797 se
1379 1759 1487 1812 pro
1537 1747 1677 1796 tunc
1713 1741 1863 1795 mari
1900 1742 2283 1805 committere,
2312 1741 2511 1795 dicens
2548 1745 2969 1810 tempestatem

849 1831 984 1898 post
1034 1825 1329 1880 modicum
1379 1830 1611 1895 tempus
1667 1824 1998 1889 affuturam,
2054 1842 2185 1896 quae
2235 1830 2298 1879 et
2345 1823 2741 1879 indubitatum
2778 1825 2970 1879 ferret

849 1909 1195 1981 periculum,
1260 1914 1321 1964 et
1378 1909 1625 1963 forsitan
1681 1908 1978 1979 naufragii
2039 1925 2216 1965 causa
2281 1909 2449 1963 foret.
2545 1908 2685 1979 Ipse
2739 1916 2965 1970 autem,

852 2011 1025 2064 quem
1066 1996 1104 2020 “
1123 2012 1230 2048 sua
1265 1994 1387 2048 fata
1420 1992 1788 2056 trahebant,''
1826 2010 2030 2047 aurem
2066 1991 2501 2048 accommodare
2536 1991 2729 2047 noluit
2760 1992 2965 2048 verbis

851 2079 999 2150 ejus,
1076 2077 1181 2133 sed
1252 2077 1444 2147 magis
1515 2076 1769 2147 urgebat
1838 2075 1914 2130 ad
1971 2076 2400 2131 velificantium.
2500 2075 2700 2146 Igitur
2756 2084 2962 2140 nauta,

851 2179 1093 2219 cernens
1152 2178 1268 2235 nqn
1338 2177 1510 2232 posse
1582 2159 1927 2231 persuaderi
2000 2160 2157 2215 dicto
2233 2159 2272 2214 J
2274 2160 2485 2215 ohanni
2547 2166 2616 2214 ut
2674 2161 2961 2215 remorari

851 2247 1108 2309 deberet,
1148 2245 1250 2301 dat
1283 2244 1559 2316 Neptuno
1594 2262 1793 2309 naves,
1834 2251 1895 2300 et
1928 2244 1993 2299 in
2025 2244 2193 2299 brevi
2229 2244 2564 2314 ingreditur
2599 2244 2721 2299 alta
2742 2245 2963 2308 maris;

851 2336 912 2386 et
945 2336 1015 2386 ut
1067 2330 1152 2384 ita
1210 2328 1936 2399 dicam;⁴—“Postquam
1996 2328 2191 2391 altum
2241 2333 2482 2383 tenuere
2554 2328 2777 2392 rates,”
2831 2346 2965 2383 mox

853 2417 891 2441 “
930 2414 1109 2477 venti,
1148 2413 1315 2469 velut
1364 2413 1597 2483 agmine
1634 2412 1845 2477 fact0,'’
1889 2415 1927 2439 “
1964 2413 2281 2467 incubuere
2317 2410 2528 2476 mari,'’
2572 2416 2610 2439 “
2649 2411 2965 2467 caeruleus-

854 2499 892 2524 “
933 2515 1047 2568 que
1085 2514 1264 2569 supra
1297 2495 1317 2527 ⁵
1336 2496 1530 2567 capita
1582 2513 1785 2551 eorum
1838 2496 2027 2551 imber
2063 2496 2270 2560 astitit,
2310 2502 2538 2550 noctem
2576 2496 2966 2567 hyememque

855 2583 893 2608 “
934 2582 1147 2644 ferens,
1211 2586 1273 2636 et
1341 2580 1636 2635 inhorruit
1706 2580 1863 2635 unda
1946 2580 2224 2636 tenebris.
2324 2579 2731 2651 Continuoque
2804 2580 2965 2637 venti

856 2667 896 2692 “
933 2665 1180 2720 volvunt
1248 2681 1430 2727 mare,
1508 2682 1839 2736 magnaque
1912 2670 2166 2735 surgunt
2235 2681 2503 2734 sequora3
2579 2669 2642 2719 et
2712 2664 2967 2735 dispersi

855 2751 894 2776 ‘⁸
925 2749 1226 2820 jactantur
1286 2749 1525 2819 gurgite
1585 2754 1770 2805 vasto,
1865 2748 2175 2803 Involvere
2235 2749 2390 2803 diem
2442 2748 2647 2809 nimbi,
2713 2756 2774 2803 et
2833 2766 2965 2802 mox

856 2841 894 2865 “
933 2837 1177 2891 humida
1211 2837 1426 2891 coelum
1462 2835 1738 2892 abstulit:
1760 2835 1795 2860 ”
1834 2837 2034 2907 itaque
2058 2835 2268 2891 “caeeis
2292 2835 2312 2873 ⁷
2332 2840 2369 2863 “
2391 2843 2591 2891 errant
2625 2837 2687 2891 in
2724 2836 2962 2900 undi5,”

857 2924 896 2950 “
933 2926 1398 2993 praesentemque
1435 2921 1520 2974 eis
1556 2921 1847 2974 intentant
1882 2919 2077 2973 omnia
2109 2919 2418 2975 mortem.’‘
2506 2920 2603 2984 Et,
2645 2920 2800 2990 quod
2836 2920 2965 2991 ipsa

855 3012 1042 3060 morte
1077 3004 1405 3058 terribilius
1442 3009 1552 3067 est,
1591 3008 1663 3058 ut
1696 3003 1910 3066 ferunt,
1939 3002 2229 3057 diabolica
2262 3002 2469 3067 Βνίεἰο,
2512 3004 2639 3057 sive
2675 3002 2959 3074 ⁹species,

856 3089 1126 3161 apparuit
1159 3089 1313 3143 inter
1350 3104 1467 3151 eos,
1509 3105 1641 3157 quae
1690 3086 2007 3142 visibiliter
2042 3086 2350 3141 videbatur
2386 3104 2589 3141 eorum
2624 3087 2958 3158 perditioni,

856 3174 958 3244 qui
995 3174 1057 3226 in
1090 3189 1299 3227 navem
1336 3171 1479 3226 dicti
1506 3171 1545 3226 J
1548 3171 1792 3226 ohannis
1816 3170 2137 3225 Arundelle
2172 3177 2595 3235 concesserant,
2635 3172 2959 3226 imminere.

857 3257 1000 3325 Quis
1038 3257 1275 3320 clamor,
1317 3261 1570 3326 quantus
1608 3256 1822 3319 luctus,
1879 3255 2083 3325 quales
2137 3256 2414 3326 gemitus,
2468 3261 2614 3326 quot
2664 3256 2956 3326 lacrymae,

856 3340 896 3372 ¹⁰
912 3347 1052 3395 tunc
1086 3340 1239 3393 inter
1274 3340 1571 3402 mulieres,
1602 3358 1732 3411 quae
1769 3339 1831 3394 vi
1866 3340 1962 3394 vel
1999 3346 2202 3410 sponte
2238 3340 2301 3394 in
2348 3357 2526 3395 naves
2563 3340 2958 3404 ascenderant,

857 3424 893 3456 ¹¹
916 3423 1178 3493 [fuerint,
1244 3430 1335 3479 est
1393 3440 1630 3478 narrare
1691 3423 1945 3488 difficile,
2009 3441 2145 3479 cum
2216 3423 2475 3495 impulsu
2534 3430 2841 3479 ventorum
2896 3432 2959 3479 et

857 3508 1140 3562 fluctuum
1176 3505 1578 3577 ascenderent]
1619 3525 1806 3579 usque
1842 3507 1918 3562 ad
1964 3508 2163 3572 coelos,
2215 3515 2275 3564 et
2321 3508 2740 3564 descenderent
2772 3527 2959 3580 usque

859 3590 935 3646 ad
957 3591 1198 3663 abyssos
1223 3611 1239 3649 ;
1266 3610 1400 3646 cum
1428 3591 1555 3663 jam
1577 3608 1693 3646 non
1728 3593 1935 3647 mortis
1960 3592 2298 3663 imaginem,
2337 3593 2440 3648 sed
2475 3593 2667 3664 ipsam
2688 3599 2953 3657 mortem,

859 3682 1207 3747 praesentem
1267 3680 1589 3738 cernerent,
1654 3681 1715 3730 et
1763 3677 2037 3731 continuo
2089 3677 2266 3731 morti
2320 3676 2449 3731 dari
2498 3678 2739 3733 minime
2791 3677 2956 3733 dubi-

859 3765 1070 3816 tarent.
1160 3758 1389 3828 Quanta
1437 3759 1800 3832 perturbatio
1849 3761 2180 3831 mentisque
2215 3760 2547 3832 trepidatiO,
2587 3763 2958 3834 corporisque

929 4014 941 4041 ¹
967 4012 1137 4061 devota
1175 4028 1389 4077 precans
1432 4013 1487 4062 in
1538 4014 1623 4063 the
1668 4013 1866 4077 printed
2021 4020 2040 4045 ὅ
2064 4017 2167 4065 vico
2191 4017 2244 4066 in
2269 4018 2421 4082 orig.‚
2443 4019 2513 4083 by
2535 4019 2892 4071 inadvertence.

860 4100 1009 4142 texts.
2019 4098 2039 4125 ⁹
2059 4097 2329 4160 spir-imin
2353 4098 2438 4148 the
2460 4097 2659 4163 printed
2680 4105 2825 4150 texts.
2928 4115 2941 4125 ·

925 4174 945 4202 ²
967 4170 1144 4220 euoluit
1163 4170 1217 4219 in
1236 4171 1379 4235 orig„
1406 4172 1474 4234 by
1496 4171 1864 4224 inadvertence.
2022 4177 2058 4205 ¹⁰
2078 4184 2193 4224 sunt
2236 4176 2290 4225 in
2336 4178 2462 4242 orig.
2499 4180 2601 4227 and
2637 4179 2722 4229 the
2758 4180 2957 4243 printed

924 4251 944 4279 ⁸
967 4257 1023 4297 ut
1043 4249 1249 4298 omitted
1270 4249 1325 4297 in
1349 4250 1435 4299 the
1458 4251 1658 4314 printed
1679 4258 1826 4301 texts.
1954 4261 2089 4305 texts
2110 4276 2125 4314 ς
2160 4258 2413 4308 corrected
2436 4258 2567 4307 from
2588 4257 2723 4309 Bibl.
2746 4259 2870 4325 Reg.
2893 4266 2956 4310 13

927 4333 946 4362 ⁴
969 4332 1058 4381 Au
1093 4331 1341 4381 unskilful
1381 4347 1529 4397 prose
1575 4333 1865 4397 adaptation
1955 4334 2016 4384 Ε.
2042 4334 2114 4385 ix.

861 4412 923 4460 of
937 4411 1153 4477 Virgil's
1172 4410 1375 4462 AEneid.
1398 4410 1433 4462 i.
1458 4417 1638 4473 82-91,
1667 4414 1768 4463 and
1793 4413 1865 4464 iii.
2024 4414 2056 4445 ¹¹
2083 4414 2309 4465 Omitted
2352 4416 2408 4465 in
2464 4416 2592 4482 orig.
2628 4419 2727 4467 and
2771 4418 2827 4469 in
2869 4419 2958 4469 the

865 4496 1110 4540 192—200.
1954 4492 2155 4557 printed
2199 4500 2350 4556 texts,
2398 4497 2497 4546 and
2554 4497 2781 4560 supplied
2824 4498 2960 4549 fmm

926 4571 946 4599 ⁵
968 4585 1128 4618 eorum
1149 4579 1301 4634 caput
1321 4571 1375 4620 in
1398 4571 1485 4621 the
1502 4571 1703 4634 printed
1715 4579 1862 4623 texts.
1956 4573 2092 4623 Bibl.
2116 4574 2242 4638 Reg.
2264 4580 2324 4623 13
2338 4572 2399 4624 Ε.
2418 4574 2520 4631 ix.;
2544 4575 2599 4625 in
2616 4578 2964 4645 oeanscrihing

924 4652 945 4679 ⁰
966 4649 1162 4697 incertis
1183 4649 1237 4698 in
1255 4649 1341 4699 the
1361 4650 1560 4714 printed
1582 4659 1730 4702 texts.
1955 4652 2085 4702 stom
2106 4653 2292 4714 which,
2315 4654 2402 4704 the
2435 4653 2596 4705 scribe
2618 4654 2711 4707 has
2745 4658 2961 4709 omitted

926 4732 942 4757 ⁷
965 4735 1101 4779 errat
1120 4727 1174 4777 in
1198 4729 1282 4779 the
1305 4728 1504 4795 printed
1527 4736 1674 4781 texts.
1957 4733 2160 4797 exactly
2182 4740 2285 4784 two
2306 4734 2450 4786 lines.
