3300 5617
1058 810 1387 862 msromA
1430 810 1844 863 ANGLICANA.
2381 806 2504 869 241

65 990 177 1043 MS.
198 992 359 1048 Harl.
407 993 681 1068 episcopo
717 995 1027 1068 impositis,
1055 996 1182 1053 Rex
1208 998 1532 1056 Edwardus
1566 1001 1736 1058 misit
1764 1000 2054 1073 Episcopo
2079 1000 2509 1059 Londoniarum
2531 1007 2670 1060 A.D.
2691 1015 2834 1063 1341.

58 1063 313 1193 {1⁵ng
405 1078 683 1144 litteram,
710 1089 781 1136 ut
814 1081 1209 1153 subsequitur,
1238 1084 1626 1140 continentem
1643 1108 1736 1140 :—

58 1190 241 1256 burgh·
482 1166 520 1189 “
547 1163 888 1230 Edwardus,
929 1164 1041 1220 Dei
1067 1166 1261 1237 gratia
1283 1173 1416 1233 etc„
1442 1169 1763 1224 venerabili
1787 1169 1851 1225 in
1876 1169 2110 1226 Christo
2134 1170 2288 1242 patri
2327 1167 2371 1242 [¹
2389 1169 2503 1225 Ra-
2527 1159 2699 1238 1⁴2³stOE
2714 1161 2778 1212 Of

57 1256 184 1307 Nev
410 1248 449 1273 ‘⁸
489 1246 726 1319 dulpho,
768 1249 972 1304 eadem
1007 1250 1202 1320 gratia
1238 1250 1529 1323 Episcopo
1572 1251 1981 1318 Londoniensi,
2023 1254 2292 1309 salutem.
2383 1253 2500 1309 Ve-
2524 1226 2668 1344 ἓξὲξ
2685 1229 2793 1346 gd·

58 1324 252 1389 ΒΥΜ
410 1332 449 1357 “
487 1332 711 1387 teribus
747 1333 1027 1404 probatur
1052 1333 1332 1399 historiis,
1377 1340 1438 1390 et
1478 1352 1549 1391 ex
1588 1335 1705 1391 hiis
1750 1355 1880 1408 quae
1920 1338 2178 1408 quotidie
2216 1342 2503 1408 geruntur
2522 1359 2609 1411 the
2624 1360 2820 1426 Bighop

54 1391 140 1452 1¹*
152 1408 203 1457 Ρ·
224 1397 377 1448 ¹¹⁴⁷·
409 1415 448 1441 ‘⁴
486 1415 702 1472 clarius
741 1416 1037 1483 elucescit,
1066 1417 1354 1489 quomodo
1387 1419 1580 1483 multi,
1619 1420 1907 1490 probitate
1942 1421 2272 1492 principum
2307 1426 2371 1476 et
2397 1421 2499 1476 ho·
2521 1426 2584 1476 of
2600 1427 2831 1489 London,

408 1500 447 1525 “
484 1516 625 1554 nore
660 1500 763 1571 qui
799 1501 863 1556 in
898 1500 983 1557 eis
1020 1501 1265 1558 collatus
1302 1507 1394 1558 est
1438 1503 1501 1557 in
1548 1503 1823 1574 superbia
1869 1504 2194 1569 abutentes,
2232 1504 2500 1560 nituntur
2521 1493 2796 1572 901111)Ῑᾶῖῦ-

407 1584 446 1609 “
484 1582 779 1639 interdum
838 1584 1079 1640 malitiae
1127 1604 1248 1641 suae
1295 1586 1636 1642 commentis
1684 1604 1894 1658 regum
1939 1587 2258 1643 laudabilia
2305 1588 2501 1644 studia
2520 1574 2613 1626 ωε
2633 1561 2694 1610 οἳ
2718 1561 2804 1612 ‘¹¹⁰

406 1668 446 1693 “
483 1664 853 1739 ²depravar0.
944 1668 1028 1724 Et
1045 1674 1115 1725 ut
1135 1669 1502 1725 manifestius
1526 1669 1684 1741 quod
1706 1670 1955 1726 dicimus
1979 1671 2204 1727 cunctis
2227 1670 2496 1727 fidelibus
2518 1628 2830 1758 Ξὲᾔξῗὼθ

404 1753 444 1778 “
481 1752 698 1808 nostris
734 1753 1074 1819 innotescat,
1110 1771 1148 1809 a
1178 1759 1378 1810 vestra
1410 1759 1472 1810 et
1504 1770 1708 1809 eorum
1740 1754 2022 1810 memoria
2053 1773 2170 1810 non
2204 1755 2495 1811 credimus
2517 1760 2686 1810 Arch-

402 1838 442 1861 “
481 1836 783 1902 excidisse,
826 1837 982 1908 quod
1027 1855 1134 1893 nos
1172 1837 1399 1893 dudum
1443 1838 1507 1893 in
1554 1838 1722 1894 annis
1770 1838 2173 1894 adolescentiae
2214 1839 2289 1894 ad
2325 1840 2494 1910 regni
2517 1825 2698 1891 Μ911οΡ
2719 1826 2783 1877 Os

400 1921 441 1945 ‘⁴
479 1920 691 1975 solium
714 1920 971 1986 exaltati,
1008 1921 1074 1977 in
1096 1921 1359 1993 ejusdem
1395 1927 1665 1993 suscepto
1699 1922 2004 1994 regimine,
2043 1922 2200 1978 sanis
2235 1922 2494 1980 consiliis
2515 1892 2724 2009 gum*

400 2005 441 2029 “
479 2003 661 2075 dirigi
710 2005 1031 2076 cupientes,
1078 2006 1219 2077 quia
1266 2005 1307 2061 J
1307 2005 1611 2071 ohannem,
1650 2011 1794 2061 tunc
1825 2005 2303 2070 wintoniensem,
2340 2024 2495 2063 nunc
2550 1973 2660 2025 ω’

398 2089 438 2114 “
475 2104 615 2143 vero
639 2087 1118 2145 cantuariensem
1140 2089 1682 2161 Archiepiscopum,
1720 2089 2020 2145 fidelitatis
2044 2096 2105 2145 et
2127 2090 2494 2146 discretionis

398 2173 437 2198 ‘⁸
475 2172 695 2228 virtute
729 2172 1107 2228 credebamus
1143 2172 1277 2229 aliis
1311 2174 1709 2245 praeeminere,
1737 2173 1866 2244 ejus
1889 2173 2132 2228 consilio
2168 2190 2343 2244 super
2375 2173 2495 2229 hiis

398 2256 438 2281 “
477 2273 609 2326 quoe
644 2257 852 2311 animae
886 2262 1100 2313 nostrae
1136 2257 1315 2313 saluti
1339 2257 1671 2329 expediunt,
1700 2262 1762 2312 et
1793 2257 1964 2329 regni
1996 2257 2182 2312 nostri
2218 2274 2495 2328 augmen-

396 2339 438 2366 “
475 2344 604 2394 tum
627 2345 689 2396 et
710 2341 1207 2396 conservationem
1229 2342 1570 2412 respiciunt,
1599 2340 1987 2412 spiritualiter
2011 2345 2072 2396 et
2094 2340 2496 2412 temporaliter

395 2423 434 2448 ‘⁸
473 2422 568 2478 usi
605 2441 826 2488 sumus,
848 2428 910 2479 et
940 2425 1002 2478 in
1025 2430 1249 2481 tantam
1277 2425 1738 2480 familiaritatem
1774 2429 1866 2480 est
1895 2442 1933 2479 a
1958 2424 2125 2480 nobis
2162 2429 2488 2495 susceptus,

395 2509 435 2533 ‘⁶
474 2524 543 2562 ac
584 2506 750 2562 illam
787 2508 851 2563 in
888 2525 952 2563 se
992 2508 1416 2565 humanitatem
1452 2514 1744 2580 expertus,
1788 2513 1858 2564 ut
1891 2514 2058 2579 pater
2092 2512 2291 2563 noster
2324 2525 2492 2563 voca-

392 2592 431 2617 “
469 2595 634 2645 retur
669 2596 731 2647 et
763 2591 1104 2647 adoraretur
1128 2593 1202 2647 ab
1220 2593 1488 2648 omnibus
1516 2598 1653 2664 post
1673 2592 1899 2663 Regem
1931 2592 2239 2648 secundus.
2316 2591 2492 2647 Gum-

393 2677 433 2702 “
472 2692 587 2746 que
635 2675 1006 2748 postmodum
1049 2693 1303 2748 regnum
1348 2676 1612 2732 Franciae
1663 2676 1738 2731 ad
1790 2694 1894 2731 nos
1941 2676 2079 2748 jure
2133 2676 2493 2732 successorio

392 2761 431 2787 “
469 2760 682 2815 fuisset
715 2759 1072 2825 devolutum,
1099 2769 1161 2817 et
1194 2779 1233 2816 a
1265 2760 1517 2815 Domino
1540 2760 1820 2832 Philippo
1854 2759 1928 2815 de
1951 2759 2191 2816 Valesio
2226 2759 2299 2814 de
2335 2759 2494 2814 facto

391 2845 431 2870 ‘⁴
468 2844 695 2899 notorie
740 2846 761 2875 '
775 2850 1141 2916 usurpatum,
1181 2845 1338 2900 idem
1389 2844 1881 2916 Archiepiscopus
1903 2850 1910 2858 “
1934 2845 2101 2900 nobis
2155 2845 2490 2915 importuna

390 2929 430 2954 ‘⁶
470 2928 748 2984 instantia
779 2929 1073 3001 persuasit
1093 2947 1228 2985 cum
1261 2929 1623 3001 principibus
1658 2927 2018 2984 Alamanniae
2042 2933 2244 2983 contra
2265 2927 2487 2982 dictum

390 3013 430 3038 ‘⁶
466 3011 808 3084 Philippum
857 3011 1049 3068 foedus
1101 3013 1270 3078 inire,
1323 3018 1384 3069 et
1434 3029 1782 3084 guerrarum
1833 3011 2155 3083 dispendiis
2204 3027 2488 3083 exponere

388 3097 429 3122 ‘⁸
467 3112 573 3151 nos
626 3101 690 3151 et
730 3101 963 3162 nostra;
1029 3096 1374 3168 promittens
1425 3103 1487 3151 et
1534 3095 1830 3151 affirmans
1879 3094 2036 3166 quod
2084 3112 2363 3167 expensas
2412 3094 2487 3149 ad

388 3183 428 3208 ‘⁴
465 3180 593 3237 hoee
649 3183 1025 3247 necessarias,
1090 3183 1163 3238 de
1227 3165 1520 3237 terraru'm
1577 3185 1908 3237 nostrarum
1963 3180 2361 3253 proventibus,
2427 3184 2490 3235 et

388 3266 430 3291 “
465 3264 701 3321 aliunde
761 3266 1026 3338 quaesitis
1086 3266 1390 3331 subsidiis,
1428 3265 1793 3321 abundanter
1844 3265 2067 3321 faceret
2122 3264 2482 3331 ministrari3

387 3350 427 3375 ‘⁸
466 3348 748 3420 adjiciens
816 3351 1057 3422 insuper
1122 3349 1279 3421 quod
1332 3349 1694 3406 solummodo
1742 3349 1815 3404 de
1863 3349 2127 3421 personis
2198 3348 2273 3403 ad
2330 3348 2488 3403 bella

387 3434 425 3460 ‘⁸
463 3432 650 3490 doctis
709 3440 771 3490 et
829 3435 1082 3491 strenuis
1149 3433 1387 3489 solliciti
1447 3450 1728 3498 essemus,
1795 3433 1935 3504 quia
1990 3433 2119 3504 ipse
2176 3432 2484 3503 pecuniam

385 3518 425 3544 ‘⁶
462 3518 852 3574 necessariam
898 3536 1005 3590 pro
1055 3518 1273 3574 nostris
1326 3517 1774 3574 necessitatibus
1818 3522 1881 3572 et
1912 3533 2116 3571 eorum
2170 3514 2478 3586 stipendiis

384 3601 425 3627 ‘⁴
463 3601 776 3658 efficaciter
808 3607 1170 3674 procuraret.
1274 3601 1445 3657 Unde
1480 3618 1605 3666 nos,
1642 3600 1795 3656 mari
1829 3600 2094 3665 transito,
2131 3616 2370 3653 manum
2405 3599 2480 3654 ad

384 3688 423 3714 ‘⁸
461 3687 646 3742 ardua
694 3688 982 3754 misimus,
1025 3693 1089 3743 et
1120 3688 1279 3744 circa
1312 3686 1623 3743 bellicosos
1678 3691 1991 3759 apparatus
2040 3686 2372 3749 immensas,
2410 3689 2481 3740 ut

383 3771 424 3797 ‘⁶
461 3771 739 3843 oportuit,
766 3788 1047 3844 expensas
1084 3771 1350 3835 fecimus,
1378 3776 1439 3826 et
1472 3770 1881 3826 confoederatis
1913 3754 2080 3824 nobis
2112 3769 2176 3824 in
2209 3767 2478 3823 maximis

383 3855 425 3882 “
460 3856 840 3927 pecuniarum
890 3856 1134 3913 summis
1191 3873 1297 3912 nos
1364 3855 1776 3926 obligavimus,
1838 3852 1911 3908 de
1968 3852 2255 3925 promisso
2309 3851 2478 3906 nobis

382 3940 424 3966 “
460 3940 696 4005 auxilie,
723 3946 793 3997 ut
825 3940 1224 4012 proemittitur,
1251 3939 1622 3997 confidentes.
1701 3938 1820 3995 Sed
1851 3938 2005 3993 heu!
2046 3937 2319 4009 quoniam
2340 3934 2478 3989 illu-

382 4023 424 4050 “
462 4024 613 4080 soris
648 4024 856 4081 baculo
891 4024 1211 4080 arundineo
1247 4041 1402 4089 cum,
1432 4024 1605 4095 juxta
1640 4022 1988 4079 sententiam
2022 4019 2476 4092 ⁴propheticam,

380 4103 437 4135 ‘⁶'
461 4107 515 4163 si
550 4108 781 4165 innixus
816 4109 1000 4165 fuerit
1028 4109 1223 4175 homo,
1275 4108 1521 4165 intrabit
1551 4108 1615 4163 in
1648 4124 1890 4163 manum
1923 4106 2054 4178 ejus
2107 4110 2169 4161 et
2217 4104 2474 4176 perfora·

444 4365 464 4398 ¹
488 4365 619 4418 This
648 4367 810 4431 letter,
832 4367 1005 4419 which
1024 4367 1072 4418 is
1093 4367 1304 4419 omitted
1323 4366 1381 4417 in
1469 4366 1558 4417 the
1610 4365 1770 4418 MSS.
1824 4365 1887 4416 of
1921 4362 2352 4429 Hemingburgh3
2392 4360 2474 4412 de-

377 4445 467 4498 the
510 4446 745 4498 Arundel
779 4447 911 4511 MS„
932 4447 979 4498 is
1000 4447 1230 4513 supplied
1250 4447 1382 4498 stom
1462 4461 1700 4513 pravare,
1723 4444 1869 4494 Harl.
1889 4448 2004 4494 655.

377 4526 593 4578 thetext
610 4526 674 4578 of
697 4526 1090 4594 Hemingburgh
1128 4528 1229 4577 and
1266 4526 1380 4578 MS.
1534 4526 1555 4555 ⁸
1575 4530 1877 4591 occupatum,
1898 4522 2042 4573 Harl.
2069 4525 2184 4572 655.

377 4603 526 4656 Harl.
547 4609 661 4656 655.
728 4605 779 4656 It
814 4606 860 4658 is
880 4606 990 4659 also
1009 4606 1164 4672 given
1199 4604 1256 4655 in
1294 4605 1383 4656 the
1534 4604 1554 4634 ⁴
1576 4608 1607 4652 2
1675 4601 1840 4670 Kinys
1931 4599 2080 4651 xviii.
2161 4604 2241 4663 21,
2295 4597 2473 4650 ῙεαίαΙι

377 4685 511 4738 New
536 4684 739 4739 Foedera
760 4685 831 4738 II.
855 4701 903 4752 p.
933 4688 1075 4739 1147.
1469 4680 1651 4733 xxxvi.
1678 4683 1726 4732 6.

445 4768 467 4799 ²
486 4764 803 4831 Incorrectly
824 4764 1024 4817 written
1046 4763 1302 4832 depr-ivm
1322 4760 1379 4813 in
