3300 5617
1114 792 1445 846 msa-osu
1476 793 1898 847 ANGLchnA.
2469 785 2552 848 25

110 979 416 1103 ffl-
451 983 666 1124 gotem,
702 981 790 1038 sic
823 985 1113 1048 vocatum,
1140 975 1465 1054 antiquitus
1488 981 1563 1038 de
1598 982 1784 1040 Terra
1815 979 2028 1040 Sancta
2048 982 2165 1038 fuit
2197 982 2260 1038 in
2281 981 2556 1040 Walliam
2580 991 2717 1045 ΑΛ).
2749 993 2890 1054 1283.

493 1073 776 1141 epol-tata.

521 1152 670 1209 Post
719 1152 939 1208 festum
995 1150 1162 1208 Santi
1215 1150 1544 1218 Michaelis,
1605 1152 1875 1209 habitum
1934 1159 2027 1208 est
2096 1152 2557 1209 Parliamentum
2580 1171 2752 1226 David
2773 1185 2864 1241 put

453 1237 743 1310 Salopioe3
782 1235 847 1292 in
882 1253 999 1309 quo
1034 1253 1142 1307 per
1176 1234 1486 1308 deputatos
1522 1236 1597 1292 ad
1632 1237 1744 1292 hoc
1781 1237 1822 1292 J
1823 1237 2136 1293 usticiaros
2173 1236 2369 1293 David
2396 1237 2558 1309 judi·
2580 1247 2634 1290 to
2656 1242 2818 1295 death.

446 1323 674 1379 cialiter
721 1320 1155 1386 condemnatus,
1203 1326 1428 1377 tractus
1476 1325 1537 1375 et
1583 1338 1902 1393 suspensus
1959 1327 2070 1386 est,
2119 1320 2559 1394 visceribusque

448 1407 790 1471 combustis,
841 1422 1053 1477 corpus
1096 1406 1288 1477 capite
1326 1409 1681 1470 truncatum,
1724 1411 1786 1461 et
1824 1406 1887 1460 in
1928 1413 2180 1477 quatuor
2220 1413 2416 1478 partes
2468 1411 2561 1462 est

446 1490 720 1547 divisum.
798 1488 1023 1559 Quibus
1060 1489 1123 1544 in
1162 1488 1505 1544 civitatibus
1537 1487 1774 1560 Angliae
1813 1488 2195 1545 nobilioribus
2235 1491 2555 1562 suspensis,

446 1581 622 1647 caput
672 1572 988 1629 Londoniis
1037 1590 1214 1644 super
1262 1571 1463 1644 palum
1515 1571 1696 1626 fixum
1747 1577 1859 1637 est,
1916 1572 1989 1627 ad
2041 1579 2324 1629 terrorem
2373 1575 2560 1629 consi-

445 1658 675 1714 milium
709 1657 1090 1730 proditorum.

516 1742 707 1799 Resus
755 1748 951 1798 autem
998 1740 1262 1804 Vazhan,
1295 1738 1686 1796 wallensium
1722 1739 2143 1805 nobilissimus,
2184 1740 2386 1796 audita
2420 1759 2553 1814 cap-

446 1826 602 1882 tione
637 1826 849 1889 David,
908 1824 1125 1881 Comiti
1176 1823 1536 1879 Hertfordioe
1589 1841 1654 1880 se
1703 1823 1885 1890 dedit,
1943 1824 2213 1895 Regique
2265 1824 2549 1892 redditus,

447 1910 521 1966 ad
554 1910 793 1966 Turrim
828 1908 1262 1964 Londoniarum
1296 1907 1514 1964 missus
1550 1908 1774 1965 carceri
1809 1908 2194 1980 mancipatur.

516 1993 827 2051 Translata
861 2000 954 2050 est
982 1992 1094 2048 hoc
1120 1999 1385 2065 tempore
1408 1992 1707 2048 Abbathia
1734 1991 1808 2047 de
1833 1989 2156 2048 ¹Abertoun
2192 2010 2299 2064 per
2324 1993 2551 2065 Regem
2577 2023 2745 2076 Cane
2761 2024 2890 2075 built

445 2078 519 2134 ad
566 2078 761 2134 locum
811 2073 1032 2144 alium;
1089 2081 1152 2132 et
1203 2081 1603 2132 constructum
1653 2085 1746 2132 est
1796 2076 1860 2131 in
1911 2075 2039 2132 loco
2093 2093 2209 2147 quo
2257 2077 2553 2133 Abbathia
2576 2099 2629 2141 at
2649 2091 2793 2142 Aba·

444 2162 635 2218 fuerat
667 2161 819 2217 forte
855 2167 1133 2225 castrum,
1163 2159 1239 2215 ad
1274 2160 1627 2232 irruptiones
1653 2158 2041 2215 wallensium
2076 2160 2545 2232 compescendas.
2575 2160 2813 2224 Conway-

443 2247 524 2303 Et
579 2246 703 2301 Rex
752 2246 817 2300 in
872 2245 1171 2300 Comitatu
1223 2244 1467 2301 Oestriae
1516 2245 1695 2299 etiam
1733 2243 2087 2299 Abbathiam
2137 2245 2549 2301 monachorum

445 2330 583 2386 fecit
617 2328 1138 2396 Cisterciensium5
1193 2347 1388 2400 quam,
1427 2327 1632 2384 multis
1671 2327 1917 2383 ditatam
1953 2327 2211 2399 proediis,
2257 2333 2294 2357 ‘⁴
2315 2329 2547 2385 Vallem

448 2416 485 2440 ‘⁸
506 2411 789 2483 Regalem
810 2411 845 2436 ’⁹
881 2412 1074 2468 voluit
1107 2411 1409 2482 appellari.

511 2497 640 2552 Hoc
676 2513 827 2552 anno
853 2495 1008 2567 Regi
1044 2491 1383 2551 conceditur
1418 2512 1455 2549 a
1484 2495 1700 2568 populo
1735 2495 1799 2551 in
1834 2495 2164 2553 subsidium
2185 2513 2388 2553 werras
2425 2515 2548 2553 suae

442 2581 752 2646 vicesima,
793 2587 855 2637 et
889 2598 926 2636 a
959 2578 1116 2635 clero
1150 2579 1448 2644 vicesima,
1485 2597 1622 2651 pars
1659 2579 1960 2637 bonorum.

510 2664 597 2719 Eo
666 2670 928 2736 tempore
986 2662 1151 2735 Papa
1222 2662 1514 2718 Martinus
1576 2661 1933 2735 Gwydonem
1992 2663 2066 2720 de
2120 2665 2459 2722 Monteforti
2511 2684 2548 2721 a
2573 2683 2742 2736 fluido
2761 2685 2824 2736 de

442 2764 669 2804 carcere
705 2748 979 2812 liberans,
1017 2746 1081 2801 in
1117 2761 1232 2817 quo
1266 2763 1373 2818 per
1410 2745 1763 2817 Gregorium
1799 2746 2021 2820 Papam
2054 2750 2281 2820 positus
2330 2750 2541 2815 fuerat,
2570 2750 2817 2802 Montfort

440 2839 674 2904 propter
739 2828 1123 2886 homicidium
1175 2830 1239 2885 in
1312 2828 1561 2886 ecclesia
1637 2832 2016 2886 commissum
2087 2833 2148 2887 in
2219 2833 2544 2889 Hem-icum
2568 2818 2814 2934 {Jffiegted

441 2916 623 2988 Regis
673 2914 1039 2971 Alemanniae
1089 2913 1298 2978 filium,
1355 2919 1671 2986 cognatum
1721 2914 1905 2986 Regis
1959 2914 2212 2987 Anglioe‚
2269 2917 2434 2972 misit
2483 2918 2544 2972 in
2570 2900 2736 3015 Ρζμθ

442 2998 864 3064 Romaniolam,
905 3014 1085 3069 quam
1135 3013 1205 3052 eo
1254 3014 1404 3053 anno
1453 2995 1476 3030 ²
1491 3003 1676 3053 totam
1711 2996 1982 3064 obtinuit,
2023 3005 2265 3071 excepta
2305 3000 2545 3055 civitate
2710 2990 2723 3003 ’

439 3082 737 3146 Urbinate,
766 3100 944 3158 quam
980 3079 1187 3137 Gwido
1220 3081 1442 3152 incepit
1481 3079 1749 3136 obsidere
1783 3082 1845 3136 in
1881 3100 2058 3137 manu
2106 3083 2347 3153 potenti.
2426 3082 2545 3138 Sed

439 3168 554 3224 cito
618 3173 771 3239 post,
826 3166 899 3222 de
924 3183 929 3188 ·
952 3165 1194 3221 licentia
1242 3165 1419 3237 Papus
1472 3165 1692 3221 omissa
1743 3165 2043 3221 obsidione
2111 3166 2284 3222 dictae
2355 3167 2539 3233 urbis,

439 3250 499 3306 in
564 3251 837 3306 Tusciam
886 3249 1082 3314 rediit,
1145 3254 1214 3304 ut
1262 3248 1668 3305 haereditatem
1720 3250 1918 3305 uxoris
1974 3269 2114 3316 suae,
2185 3257 2350 3322 patre
2389 3250 2539 3322 ejus,

440 3334 664 3391 comite
701 3334 874 3398 Rufo,
913 3339 1160 3398 mortuo,
1201 3339 1528 3404 oocuparet.

506 3419 765 3475 Karolus
802 3419 927 3473 Rex
965 3416 1186 3473 Siciliae
1220 3417 1414 3486 prima
1448 3416 1545 3472 die
1583 3417 1751 3472 Junii
1797 3417 1961 3475 venit
1995 3418 2071 3474 ad
2103 3419 2279 3491 plana
2313 3420 2538 3476 Burde-
2567 3442 2880 3500 A-D.1282.

437 3503 628 3574 galim,
681 3502 995 3559 comitante
1046 3518 1182 3555 eum
1233 3500 1398 3571 Rege
1459 3500 1819 3557 Francorum
1871 3520 2007 3558 cum
2058 3503 2274 3560 militia
2323 3524 2543 3578 magna

437 3585 621 3642 valde.
698 3585 788 3640 De
812 3583 983 3655 cujus
1036 3583 1292 3640 adventu
1343 3583 1576 3649 Petrus,
1631 3584 1924 3655 quondam
1976 3586 2104 3641 Rex
2148 3586 2535 3660 'An-agoniae,

435 3670 837 3741 praemunitus,
860 3668 1018 3724 diem
1041 3668 1330 3740 proevenit
1363 3685 1560 3724 coram
1586 3668 1919 3725 Senescallo
1943 3669 2285 3737 wasconiae,
2314 3680 2537 3744 protes·

435 3759 565 3810 tans
601 3770 666 3810 se
700 3759 971 3825 paratum
1020 3757 1221 3808 tenere
1256 3757 1512 3823 pactum,
1571 3752 1676 3808 sed
1727 3769 1841 3808 non
1890 3770 2080 3825 posse,
2136 3754 2302 3827 Rege
2355 3756 2537 3812 Fran-

436 3855 635 3894 corum
669 3837 938 3893 veniente
972 3854 1109 3892 cum
1141 3841 1307 3891 tanta
1338 3834 1716 3891 multitudine
1735 3836 2013 3902 militum,
2041 3844 2243 3893 contra
2264 3840 2529 3896 sormam.

435 3921 692 3977 Reverso
751 3927 885 3992 post
941 3919 1068 3975 haec
1115 3918 1336 3973 Karolo
1390 3917 1554 3990 Rege
1605 3918 1824 3974 Siciliae
1874 3919 1938 3974 in
1987 3920 2284 3992 Apuliam,
2345 3923 2533 3979 Siculi

436 4011 636 4061 contra
655 4003 970 4075 Neapolim
995 4020 1131 4059 cnm
1152 4002 1371 4073 viginti
1397 4007 1623 4074 septem
1663 4003 1685 4034 ⁴
1703 4002 1908 4074 galeys
1945 4010 2234 4060 venerunt
2266 4007 2526 4063 armatis.
2558 4026 2774 4092 victory

434 4088 734 4145 Adversus
791 4105 939 4161 quos
992 4086 1273 4150 Karolus,
1330 4086 1489 4142 filius
1544 4086 1731 4157 Regis
1785 4086 2015 4153 Karoli,
2055 4094 2195 4143 tuno
2247 4088 2530 4163 Princeps
2558 4093 2744 4211 gained
2765 4095 2836 4159 by

434 4171 690 4237 Achaiae,
755 4188 1029 4243 egressus
1083 4175 1177 4226 est
1224 4187 1360 4225 cum
1427 4187 1645 4241 magna
1693 4169 1996 4241 galearum
2044 4171 2420 4228 multitudine
2456 4176 2532 4230 ad
2605 4169 2710 4213 θ’θ’
2729 4161 2790 4211 ⁰f

434 4256 841 4328 pugnandumz
899 4254 1293 4311 obtinentibus
1328 4252 1635 4309 victoriam
1689 4253 1973 4319 hostibus,
2029 4261 2235 4327 captus
2270 4263 2363 4313 est
2396 4276 2532 4314 cum
2557 4228 2788 4294 mn·

436 4340 636 4397 multis
673 4341 828 4406 aliis,
869 4346 931 4397 et
964 4339 1040 4395 ad
1074 4339 1374 4395 civitatem
1410 4337 1744 4393 Messanam
1779 4336 2064 4395 deductus
2101 4341 2386 4413 captivus.

2360 4539 2531 4551 —n—

502 4679 792 4747 ‘Mesninffi
814 4680 959 4734 Aber
978 4681 1217 4747 Conway.
1564 4681 1584 4711 ⁸
1600 4679 1892 4747 Arroyanioe
1912 4678 1968 4731 in
1989 4679 2119 4747 orig.

506 4762 683 4812 'elion
703 4761 761 4811 in
780 4761 867 4813 the
887 4761 1086 4828 printed
1105 4770 1257 4815 texts.
1566 4758 1750 4827 ‘pleis
1763 4761 1817 4810 in
1839 4760 1925 4811 the
1945 4761 2145 4826 printed
2165 4767 2316 4814 texts.
