3300 5617
811 769 940 833 240
1457 786 1719 837 'mom
1764 785 2229 840 wALsmemn

472 962 777 1016 A.D.1341.
881 972 919 997 “
938 970 1111 1036 Item,
1152 970 1290 1040 quia
1324 970 1601 1042 temporis
1637 970 1864 1027 malitia
1897 970 2127 1026 clericis
2181 970 2361 1025 laicos
2403 968 2597 1026 reddit
2631 970 2891 1037 infestos,
2921 982 3029 1034 MS,
3053 983 3176 1037 Ηηι,

807 1054 846 1079 “
884 1053 1028 1108 adeo
1065 1055 1220 1124 quod
1254 1055 1410 1125 ipsos
1446 1055 1684 1125 capiunt
1718 1060 1779 1110 et
1801 1054 2060 1110 detinent
2082 1054 2315 1118 invitos,
2344 1059 2446 1110 aut
2468 1071 2584 1125 quo
2607 1055 2899 1112 voluerint
2922 1055 3030 1100 655-

807 1139 845 1164 “
884 1136 1044 1191 abire
1079 1137 1262 1192 libere
1297 1156 1412 1192 non
1447 1139 1830 1210 permittunt;
1883 1157 1988 1193 nos
2023 1155 2222 1193 omnes
2259 1143 2320 1193 et
2354 1138 2617 1209 singulos
2653 1138 2893 1196 clericos
2918 1116 3152 1182 Hah&

806 1223 844 1246 “
883 1227 944 1276 et
1000 1221 1198 1287 laicos,
1260 1229 1473 1278 nostrae
1547 1223 1987 1279 cantuariensis
2060 1221 2386 1277 Provinciae
2445 1222 2728 1288 subditos,
2790 1224 2891 1294 qui
2913 1183 3175 1313 ἓξὲξ-Ε

806 1307 845 1332 “
884 1305 1132 1361 scientes
1186 1321 1314 1362 esse
1377 1305 1638 1372 clericos,
1696 1311 1758 1362 et
1803 1305 2039 1377 publice
2091 1323 2161 1361 ac
2217 1306 2441 1361 notorie
2498 1323 2605 1377 pro
2662 1306 2890 1363 clericis
2910 1321 3022 1368 aen.

805 1390 843 1415 ‘⁶
879 1387 1108 1444 habitos
1158 1394 1221 1445 et
1269 1395 1586 1461 reputatos,
1639 1395 1702 1445 et
1752 1390 1931 1445 etiam
1982 1406 2047 1444 se
2086 1394 2356 1461 gerentes
2392 1389 2465 1444 de
2499 1390 2745 1445 crimine
2778 1408 2890 1446 non

806 1473 845 1498 “
882 1472 1193 1538 confessos,
1231 1491 1347 1530 non
1400 1474 1714 1540 convictos,
1770 1489 1879 1529 nec
1927 1473 2106 1529 etiam
2152 1472 2481 1538 indictatos,
2518 1474 2584 1530 in
2631 1475 2893 1530 custodia

805 1556 843 1582 “
881 1555 977 1610 vel
1047 1573 1277 1612 carcere
1346 1564 1570 1629 ponunt
1638 1563 1701 1613 et
1770 1556 2034 1613 detinent
2101 1574 2252 1613 ausu
2322 1557 2610 1629 sacrilego
2678 1558 2889 1614 invitos

805 1641 843 1665 “
880 1641 1207 1705 temerarie,
1235 1641 1295 1695 in
1319 1659 1459 1697 casu
1493 1658 1530 1697 a
1562 1641 1699 1713 jure
1734 1641 1829 1697 vel
1865 1640 2279 1697 consuetudine
2313 1640 2482 1711 regni
2512 1641 2748 1713 Angliae
2780 1660 2891 1697 non

805 1724 844 1751 “
880 1724 1183 1795 permiss0,
1246 1725 1307 1780 in
1379 1726 1521 1781 cleri
1595 1724 1970 1797 opprobrium
2028 1730 2090 1780 et
2157 1724 2436 1795 injuriam
2502 1725 2886 1791 manifestam,

805 1810 843 1835 ‘⁸
881 1807 1126 1879 Majoris
1161 1808 1790 1865 Excommunicationis
1844 1808 2149 1874 sententia,
2190 1825 2228 1863 a
2261 1807 2494 1864 Canens
2529 1809 2652 1865 lata
2684 1810 2748 1865 in
2782 1810 2888 1865 hac

804 1895 843 1919 “
881 1899 1064 1964 parte,
1103 1893 1518 1949 denunciamus
1552 1893 1787 1966 publice
1821 1898 1883 1949 et
1917 1891 2254 1950 solemniter
2298 1892 2607 1949 involutos.

875 1979 914 2003 ‘⁴
940 1977 1111 2044 Item,
1151 1979 1385 2034 ¹omnes
1434 1983 1495 2034 et
1540 1977 1763 2048 singuli
1812 1977 1915 2048 qui
1963 1977 2026 2031 in
2062 1983 2264 2032 nostra
2309 1976 2718 2033 Cantuariensi
2751 1977 2890 2033 Pro-

804 2062 842 2088 “
882 2061 1073 2118 vincia
1111 2062 1288 2118 alicui
1324 2061 1420 2118 vel
1457 2059 1753 2132 aliquibus
1789 2061 2011 2115 crimen
2049 2059 2197 2116 falso
2229 2076 2301 2115 ex
2336 2059 2457 2115 odii
2491 2060 2694 2116 fomite
2727 2061 2890 2117 mali-

805 2145 843 2171 “
880 2145 1027 2201 tiose
1063 2146 1385 2218 imponunt,
1425 2163 1559 2201 cum
1593 2161 1770 2217 super
1810 2144 2055 2200 crimine
2091 2143 2177 2200 sic
2211 2144 2485 2216 imposito
2520 2145 2679 2217 apud
2712 2145 2888 2201 bonos

804 2230 842 2255 “
880 2236 941 2284 et
964 2247 1173 2301 graves
1201 2230 1365 2301 prius
1400 2246 1518 2284 non
1553 2228 1786 2283 fuerant
1805 2227 2088 2292 infamati,
2116 2227 2284 2299 cujus
2319 2228 2707 2300 impositionis
2730 2246 2889 2284 occa-

803 2314 843 2339 “
882 2313 1041 2368 sione
1083 2313 1460 2385 quovismodo
1493 2321 1813 2384 graventur
1840 2310 2080 2382 majoris
2115 2312 2723 2368 excommunicationis
2759 2330 2883 2368 sen-

804 2399 843 2424 “
881 2398 1081 2462 tentia,
1121 2398 1183 2453 in
1220 2397 1482 2453 Concilio
1529 2395 1839 2453 Oxoniensi
1886 2401 2088 2451 contra
2124 2395 2506 2452 defamatores
2553 2396 2882 2469 hujusmodi

805 2482 843 2507 “
882 2497 918 2535 a
953 2481 1167 2538 sanctis
1202 2481 1467 2553 patribus
1499 2481 1613 2536 rite
1645 2479 1784 2545 lata,
1820 2479 1942 2535 sint
1963 2485 2025 2537 et
2044 2480 2265 2535 fuerint
2297 2479 2573 2546 innodati,
2602 2498 2670 2537 ac
2702 2480 2881 2536 delin-

805 2566 844 2591 “
883 2570 1124 2635 quentes
1184 2565 1432 2621 scienter
1491 2564 1553 2620 in
1606 2562 2091 2635 Archiepiscopos
2142 2569 2245 2619 aut
2289 2563 2624 2637 Episcopos‚
2692 2570 2886 2637 patres

804 2650 844 2676 “
883 2648 1233 2720 spirituales,
1279 2648 1503 2705 Christi
1540 2649 1784 2719 legatos,
1826 2647 2106 2703 Ecclesiae
2141 2647 2457 2713 columnas,
2498 2665 2568 2703 ex
2603 2647 2888 2721 dignitate

804 2735 843 2760 “
881 2732 1248 2797 offensorum,
1276 2732 1508 2804 culpam
1532 2732 1862 2803 graviorem
1891 2731 2273 2796 committant,
2301 2731 2445 2788 adeo
2469 2732 2624 2803 quod
2645 2733 2709 2788 in
2731 2734 2886 2805 imos

804 2818 843 2843 “
881 2816 1194 2872 acerbioris
1218 2816 1392 2872 debet
1412 2816 1848 2888 indignationis,
1876 2815 1928 2871 si
1951 2815 2185 2887 poterit,
2217 2815 2455 2871 aculeus
2476 2816 2689 2873 merito
2710 2815 2887 2873 desae-

804 2902 843 2927 “
879 2901 1025 2965 vire,
1077 2900 1420 2956 auctoritate
1468 2917 1586 2971 qua
1636 2900 1958 2970 fungimur,
2009 2915 2208 2954 omnes
2257 2904 2319 2955 et
2364 2899 2628 2971 singulos
2676 2901 2777 2972 qui
2823 2901 2886 2955 in

804 2985 843 3011 “
879 2989 1079 3039 nostra
1123 2983 1436 3040 Provincia
1482 2982 1888 3038 Cantuariens1
1939 2980 2393 3053 Archiepiscopo
2433 2983 2530 3038 vel
2578 2982 2882 3056 Episcopo,

803 3069 842 3094 “
879 3067 974 3122 vel
1010 3068 1112 3122 alii
1153 3069 1495 3137 cuicunque,
1524 3066 1746 3122 crimen
1779 3064 2123 3138 proditionis
2162 3082 2266 3121 seu
2307 3065 2469 3121 aliud
2506 3066 2884 3139 quodcunque

805 3153 845 3178 “
883 3151 1048 3217 falso,
1092 3153 1380 3223 nequiter,
1419 3157 1482 3207 et
1520 3150 1832 3215 malitiose,
1876 3149 2162 3205 hactenus
2213 3149 2510 3221 imponere
2551 3155 2768 3206 temere
2816 3168 2884 3207 ac

806 3237 844 3262 ‘⁴
882 3235 1114 3307 publice
1172 3234 1670 3308 praesumpserint,
1730 3234 1828 3289 vel
1893 3234 1957 3289 in
2013 3234 2278 3290 futurum
2315 3235 2630 3306 imponent,
2687 3240 2888 3290 contra

806 3321 844 3347 “
882 3320 1353 3375 constitutionem
1390 3318 1748 3392 proedictam‚
1804 3317 1963 3374 dicta
1996 3317 2240 3390 Majoris
2264 3317 2886 3374 Excommunicationis

805 3404 844 3430 ‘⁶
884 3404 1188 3468 sententia,
1245 3404 1308 3458 in
1360 3402 1602 3474 praefato
1663 3402 1924 3458 Concilio
1979 3401 2220 3474 proinde
2274 3401 2412 3466 lata,
2472 3401 2886 3458 denunciamus

806 3489 845 3515 “
881 3487 1114 3558 publice
1155 3486 1477 3552 innodatos,
1523 3493 1584 3543 et
1620 3504 1658 3542 a
1708 3486 1936 3543 Sanctoe
1986 3485 2198 3542 Matris
2248 3485 2529 3542 Ecclesioe
2587 3485 2886 3542 liminibus

808 3572 847 3600 “
886 3568 1371 3643 sequestratos.”]

467 3648 684 3728 Lettefss·
872 3654 1042 3712 Misit
1063 3656 1301 3726 insuper
1322 3655 1812 3727 Archiepiscopus
1838 3654 2162 3710 antedictus
2185 3653 2442 3710 litteram
2465 3652 2640 3710 istam
2673 3670 2886 3727 proece-
2909 3670 3022 3724 ns,
3041 3671 3159 3724 nffl,

465 3722 759 3832 maffia?
803 3738 1036 3795 dentem
1052 3739 1128 3795 ad
1155 3755 1353 3795 omnes
1377 3740 1697 3796 confratres
1716 3745 1777 3794 et
1794 3738 2202 3810 suffraganeos
2220 3755 2376 3803 suos,
2403 3743 2472 3794 ut
2494 3738 2685 3808 stipsi
2708 3738 2884 3794 etiam
2912 3743 3022 3794 655.

467 3796 628 3909 'goe’
646 3853 757 3898 „ent
802 3822 867 3879 in
892 3824 1015 3880 suis
1052 3822 1418 3879 Dioecesibus
1455 3828 1515 3879 et
1547 3822 1694 3879 locis
1733 3822 1983 3893 singulis
2025 3822 2358 3887 sententias,
2386 3826 2454 3877 ut
2486 3820 2881 3893 praemittitur,

463 3914 677 4032 3:⁸85}
693 3914 756 3966 ot
801 3907 1034 3979 publice
1067 3905 1090 3939 2
1106 3906 1550 3979 promilitarent,
1591 3905 2044 3976 mandatumque
2081 3923 2253 3961 suum
2294 3904 2616 3962 executioni
2653 3904 2885 3961 deman·

463 4046 682 4113 ΜΕΝ·
867 4076 1105 4133 Auditis
1151 4075 1349 4147 imque
1402 4074 1616 4131 litteris
1663 4072 2122 4145 Δηιήερῑεοορῑ,
2163 4077 2226 4129 et
2265 4070 2514 4144 singulis
2550 4070 2882 4138 intellectis,
2907 4081 3021 4136 m
3040 4082 3158 4135 Harl.

800 4159 934 4217 aliis
968 4160 1210 4232 insuper
1242 4158 1538 4216 nonnullis
1576 4156 1651 4214 ab
1685 4155 1708 4190 ⁸
1723 4156 1930 4214 aulicis
1966 4156 2170 4227 regiis,
2208 4161 2279 4213 ut
2305 4155 2638 4228 putabatur,
2677 4154 2885 4212 Archi·
2907 4155 3025 4268 {1⁵⁵-
3043 4217 3056 4230 ‚

2907 4283 3000 4349 Π..
3023 4300 3069 4350 ιλ
3086 4287 3167 4335 ³⁸⁰

864 4487 1508 4548 ¹eunomnes‚nsrl.65⁵.
1888 4483 2880 4553 originnlandintheprintedtextsg

858 4568 880 4597 ²
894 4566 1258 4633 pronulqamit
1321 4566 1378 4616 in
1450 4564 1537 4617 the
1590 4564 1789 4630 printed
1889 4564 2065 4617 aulicis
2100 4564 2158 4617 in
2181 4564 2568 4631 Hemingburgh
2602 4565 2703 4616 and
2734 4563 2881 4616 Harl.

794 4653 943 4708 texts,
965 4647 1067 4697 and
1086 4645 1141 4695 in
1163 4646 1310 4698 Harl.
1333 4650 1446 4697 655.
1892 4648 2007 4695 665.

859 4727 880 4756 ⁸
902 4723 1181 4790 corrupted
1213 4724 1323 4777 into
1356 4721 1581 4790 Anqlicu‘s
1613 4722 1670 4774 in
1705 4721 1792 4774 the
