3300 5617
1012 779 1341 831 merom
1367 779 1786 830 moneam.
2313 762 2441 833 387

70 965 274 1023 Bibl.
349 968 393 994 “
436 985 570 1023 cum
620 967 797 1023 Petro
848 966 922 1023 ad
970 966 1411 1023 confessionem.
1484 967 1710 1024 Verum
1761 966 2009 1022 verbum
2046 965 2157 1020 hoc
2199 965 2443 1020 semina·
2469 973 2777 1025 A.D.137s.

55 1039 195 1147 ³:¹3
348 1054 391 1078 ‘⁴
432 1052 627 1106 vimus
663 1068 841 1123 super
874 1056 1121 1123 petram,
1161 1068 1297 1106 cum
1329 1057 1529 1108 vestra
1563 1050 1926 1107 detestabilis
1963 1050 2275 1106 obstinatio
2311 1047 2446 1102 inde

90 1137 107 1149 “
349 1138 393 1162 “
433 1135 747 1206 proditoris
783 1153 887 1191 vos
924 1136 1138 1190 efficiat
1162 1135 1476 1207 participes
1513 1141 1574 1191 et
1606 1141 1921 1200 consortes,
1961 1135 2131 1205 cujus
2167 1133 2446 1203 iniquitas

349 1222 392 1246 ‘⁶
432 1219 652 1275 residet
711 1236 888 1291 super
944 1219 1233 1275 talentum
1292 1220 1539 1291 plumbi.
1621 1218 1918 1275 Caeterum
1975 1236 2093 1273 non
2154 1216 2449 1272 existimet

349 1306 392 1328 ‘¹
431 1308 630 1358 vestra
663 1303 846 1359 stulta
878 1303 1112 1358 caecitas
1146 1309 1209 1358 et
1243 1321 1398 1359 caeca
1432 1302 1704 1368 stultitia,
1742 1302 1901 1375 quod
1937 1301 2042 1357 illa
2076 1301 2273 1366 verba,
2315 1318 2446 1371 quae

349 1390 393 1414 ‘⁶
433 1387 726 1442 interdum
779 1387 842 1442 in
899 1387 1114 1442 vestris
1173 1387 1389 1443 litteris
1449 1386 1726 1443 videntur
1779 1403 1983 1458 sapere
2041 1386 2325 1458 pietatem
2386 1389 2450 1439 et

351 1473 394 1497 “
434 1471 625 1526 zelum
660 1470 868 1526 domus
904 1470 1035 1536 Dei,
1075 1487 1181 1526 nos
1216 1476 1634 1533 commoveant,
1671 1469 1766 1526 vel
1798 1471 2112 1541 quicquam
2147 1468 2448 1524 vobiscum

350 1557 394 1581 “
433 1553 840 1609 consentiendo
884 1554 1306 1624 persuadeant;
1366 1554 1510 1610 satis
1571 1554 1728 1609 enim
1775 1553 2100 1609 luculenter
2145 1552 2451 1624 perpendi-

354 1641 395 1664 “
434 1655 585 1702 mus,
625 1636 781 1710 quod
816 1638 946 1709 ipsa
978 1637 1160 1694 verba
1204 1638 1489 1693 fermento
1525 1637 1541 1670 ¹
1559 1637 1994 1693 Pharisaeormn
2030 1636 2375 1699 conduntur,
2415 1653 2452 1689 a

355 1724 395 1748 “
437 1739 553 1793 quo
602 1721 667 1776 in
715 1721 1038 1791 Evangelio
1090 1719 1360 1776 Christus
1412 1739 1547 1777 suos
1602 1738 1809 1776 cavere
1856 1720 2154 1792 praecepit.
2231 1718 2452 1773 Locum

355 1807 396 1832 “
435 1822 579 1875 ergo
613 1821 787 1876 quem
823 1804 1089 1875 elegistis
1124 1805 1338 1860 vestris
1376 1804 1694 1860 sceleribus
1717 1803 2140 1876 perpetrandiS,
2179 1803 2452 1858 idoneum

355 1892 394 1915 “
432 1889 599 1944 vobis
633 1889 965 1954 nominatis,
1004 1888 1372 1945 ostendentes
1408 1888 1564 1944 clare
1591 1905 1697 1943 vos
1722 1906 1929 1944 verum
1964 1894 2139 1959 caput
2172 1886 2453 1942 Ecclesioe

353 1975 391 1999 “
431 1972 761 2043 reliquisse,
813 1978 876 2027 et
927 1972 1162 2028 effectos
1210 1972 1474 2027 membra
1527 1971 1743 2026 diaboli
1795 1972 1858 2026 in
1892 1971 2188 2026 desertum
2238 1970 2453 2024 abiisse

354 2060 393 2084 “
433 2074 569 2111 cum
606 2056 764 2111 Juda
808 2056 1123 2127 proditore,
1174 2056 1279 2111 ubi
1323 2057 1711 2126 vosmetipsos
1760 2056 1903 2111 estis
1950 2055 2161 2127 laqueo
2209 2073 2455 2126 suspen-

355 2144 394 2168 “
436 2140 579 2203 suri,
617 2146 687 2195 ut
708 2138 780 2194 de
803 2140 970 2196 vobis
1000 2140 1335 2196 verificetur
1358 2139 1420 2193 id
1440 2137 1959 2212 propheticum‚—²
1977 2144 1990 2165 ‘
2007 2139 2143 2194 Fiat
2168 2138 2451 2194 habitatio

357 2227 395 2251 ‘⁴
440 2228 454 2250 ⁶
483 2242 685 2278 eorum
721 2223 968 2288 deserta,
1015 2230 1077 2279 et
1116 2224 1179 2278 in
1214 2223 1564 2278 habitaculis
1614 2241 1818 2279 eorum
1865 2241 1980 2278 non
2017 2223 2097 2278 sit
2138 2224 2240 2294 qui
2288 2225 2450 2278 inha-

359 2312 397 2335 “
442 2311 456 2334 ‘
483 2307 670 2363 bitot)
731 2307 812 2362 Et
844 2308 1078 2372 iterum,
1107 2307 1181 2362 de
1218 2307 1470 2379 singulis
1506 2314 1771 2362 vestrum
1806 2306 2031 2361 dictum
2067 2312 2175 2370 est,
2206 2305 2455 2361 ³‘Fiant

359 2396 397 2418 “
441 2394 457 2418 ‘
485 2391 609 2445 dies
646 2389 774 2461 ejus
809 2391 999 2461 pauci,
1036 2396 1097 2445 et
1127 2390 1547 2461 Episcopatum
1579 2390 1709 2461 ejus
1749 2390 2000 2462 accipiat
2036 2389 2225 2445 alter.'
2298 2390 2455 2443 Prae-

359 2480 398 2504 “
438 2481 599 2531 terea
634 2474 879 2530 Comitis
930 2474 1269 2530 Fundorum
1316 2474 1535 2530 claram
1585 2475 1802 2529 famam
1841 2474 2055 2529 vestris
2094 2473 2456 2528 commenda-

362 2563 399 2587 “
439 2559 696 2615 tionibus
743 2558 806 2613 in
851 2563 975 2615 toto
1022 2558 1373 2614 Christicola
1420 2557 1634 2630 populo
1689 2557 2063 2627 denigrastis,
2116 2575 2249 2613 cum
2301 2557 2459 2612 dicat

363 2648 400 2670 ‘⁴
439 2644 639 2709 Poeta,
683 2647 697 2670 ‘
716 2643 885 2698 Idem
919 2647 1011 2697 est
1046 2641 1275 2697 laudari
1304 2660 1340 2696 a
1369 2642 1642 2713 turpibus
1676 2647 1738 2697 et
1768 2641 1844 2696 ob
1870 2640 2106 2712 turpia?
2179 2640 2457 2696 Animad-

363 2731 401 2754 “
439 2733 604 2782 verte
676 2726 881 2798 igitur,
959 2725 1299 2780 Fundorum
1370 2724 1599 2790 Comes,
1676 2724 1833 2796 quod
1902 2741 2009 2795 per
2081 2723 2456 2795 quamplures

365 2815 402 2837 ‘⁴
444 2809 910 2866 Christianorum
945 2809 1089 2864 fines
1126 2826 1256 2864 eras
1293 2808 1645 2879 incognitus,
1686 2814 1748 2863 et
1781 2825 1850 2863 eo
1885 2807 2181 2863 infelicius
2214 2825 2458 2879 praeser-

367 2899 403 2921 “
442 2895 573 2957 tim,
612 2911 746 2948 cum
787 2893 914 2964 jam
960 2891 1072 2948 tibi
1118 2909 1235 2947 non
1281 2909 1508 2957 nomeu,
1550 2891 1655 2947 sed
1699 2891 2102 2963 ignominiam,
2141 2891 2454 2963 perquiriS‚

367 2981 404 3004 “
443 2977 709 3032 inimicos
751 2976 975 3032 Christi
1033 2982 1094 3031 et
1132 2975 1377 3030 unitatis
1424 2975 1707 3030 Ecclesioe
1754 2974 2058 3038 divisores,
2099 2991 2166 3029 ac
2200 2974 2362 3045 pacis
2400 2979 2460 3028 et

367 3065 402 3088 “
442 3059 886 3131 tranquillitatis
921 3059 1102 3114 totius
1141 3058 1599 3115 Christianitatis
1635 3057 1966 3113 turbatores
2002 3057 2098 3111 inv
2106 3056 2319 3119 itandO,
2359 3073 2459 3111 eos

366 3149 402 3172 “
442 3145 504 3199 in
549 3144 811 3215 ipsorum
857 3142 1187 3199 detestabili
1235 3141 1480 3213 perfidia
1525 3140 1898 3205 confovendo,
1938 3147 2007 3196 ut
2050 3141 2227 3195 etiam
2261 3146 2462 3194 contra

367 3233 403 3255 “
444 3227 745 3283 Christum
778 3232 840 3282 et
869 3225 1149 3299 populum
1178 3225 1546 3281 Catholicum
1574 3225 1892 3280 aedificasse
1918 3224 2173 3280 videaris
2208 3223 2456 3293 asylum.

367 3316 403 3339 “
442 3311 710 3380 Exsurge
757 3327 917 3380 ergo,
970 3308 1021 3364 Ο
1068 3308 1299 3373 Comes,
1362 3314 1423 3363 et
1480 3326 1679 3363 mures
1726 3307 1800 3363 de
1846 3324 1988 3379 pera
2031 3306 2326 3378 projicias,
2390 3305 2462 3360 de

368 3399 402 3421 “
444 3393 815 3449 tabernaculo
867 3398 971 3448 tuo
1024 3392 1169 3463 fuga
1221 3396 1538 3463 serpentes,
1596 3398 1659 3446 et
1695 3390 1972 3446 carbones
2028 3390 2373 3461 sulphureos
2428 3407 2465 3443 a

369 3482 403 3504 ‘⁴
444 3478 578 3532 sinu
612 3484 715 3532 tuo
750 3482 989 3542 excute3
1064 3493 1138 3530 ne
1187 3476 1421 3530 flamma
1484 3474 1920 3546 inextinguibili
1979 3480 2040 3529 te
2102 3479 2362 3538 exurant,
2403 3480 2464 3527 et

369 3566 403 3588 “
444 3561 557 3616 Dei
592 3561 847 3632 gratiam
882 3567 944 3616 et
976 3559 1438 3615 benedictionem
1473 3558 1656 3615 totius
1701 3557 1903 3629 populi
1954 3556 2293 3620 Christiani,
2335 3556 2458 3627 glo-

370 3649 403 3672 “
443 3645 594 3700 riam
652 3644 857 3699 mundi
916 3650 978 3699 et
1033 3642 1588 3699 commendationem
1653 3642 2015 3714 adipisceris,
2084 3647 2146 3697 et
2203 3640 2462 3696 divinam

371 3734 405 3756 ‘⁴
444 3728 760 3784 mereberis
796 3727 1055 3803 effugere
1091 3726 1418 3782 ultionem.⁴
1437 3726 1471 3750 ”

902 3941 1147 4031 Captio
1197 3943 1424 4010 Casto-1:
1482 3943 1563 4009 de
1613 3941 1927 4009 Berwico.

438 4072 610 4128 Circa
642 4072 799 4127 idem
832 4078 1085 4144 tempuS,
1124 4071 1402 4128 videlicet
1435 4070 1531 4126 die
1568 4071 1609 4125 J
1610 4072 1738 4126 ovis
1774 4071 2039 4142 proximo
2073 4071 2208 4123 ante
2244 4067 2461 4122 festum
2488 4058 2704 4123 Captum
2724 4057 2786 4106 0f

373 4157 566 4213 Sancti
602 4156 853 4211 Andreoe
901 4155 1190 4227 Apostoli,
1246 4156 1501 4211 latrones
1561 4155 1634 4209 de
1683 4154 1951 4209 Marchia
2002 4152 2186 4222 Regis
2250 4151 2462 4206 Scotiae
2486 4124 2744 4254 {3335ch

374 4240 586 4297 furtive
622 4241 987 4297 intraverunt
1032 4245 1292 4296 castrum
1345 4238 1418 4294 de
1453 4239 1736 4310 Berwyco
1770 4242 2089 4301 noctanter,
2141 4252 2246 4308 per
2283 4234 2462 4306 quod·
2486 4259 2572 4309 the
2595 4258 2754 4309 θοοῖς,

1280 4412 1373 4419 ———
1438 4411 1720 4418 -—.‘v—-—
1765 4411 1792 4415 —.
1823 4410 2028 4416 -.—..-—

437 4522 452 4552 ¹
479 4519 632 4571 Mate.
655 4520 761 4570 xvi.
787 4525 832 4571 6.
1527 4517 1544 4545 ⁴
1566 4517 1714 4568 Data
1749 4524 1855 4579 etc„
1886 4518 2046 4569 added
2075 4516 2194 4566 here
2223 4516 2278 4566 in
2334 4513 2469 4564 Bibl.

435 4601 455 4631 ²
477 4599 644 4650 Psalm
663 4600 794 4650 lxix.
820 4605 898 4650 25.
1461 4603 1590 4667 Reg.
1642 4603 1705 4650 13
1757 4596 1817 4646 E.
1883 4595 1954 4646 ix.
2004 4597 2104 4645 and
2143 4595 2226 4645 the
2273 4591 2471 4658 printed

439 4682 459 4710 ⁸
482 4679 609 4729 Acts
640 4678 675 4730 i.
702 4686 780 4729 20.
1461 4689 1611 4733 texts.

1983 4744 2201 4806 13112
