3300 5617
1065 826 1391 883 marom
1435 830 1846 882 ANGLICANA.
2148 846 2151 851 >
2385 819 2510 880 435

70 1014 173 1067 its·
201 1014 353 1070 Bibl.
408 1018 781 1076 observantes
815 1019 997 1075 maris
1034 1019 1292 1085 semitas,
1332 1023 1392 1074 et
1424 1021 1662 1090 propter
1696 1017 2049 1089 paucitatem
2083 1016 2339 1080 navium,
2381 1032 2510 1086 qum
2536 1010 2672 1065 ΑΔ).
2701 1021 2844 1069 1380.

71 1085 191 1166 ΕΒΗ·
227 1091 294 1136 ¹³
410 1120 525 1159 non
584 1104 782 1176 plures
843 1102 1020 1159 simul
1081 1118 1150 1158 ex
1201 1103 1288 1158 eis
1341 1101 1719 1158 transvehere
1779 1106 2061 1173 poterant,
2116 1100 2422 1171 elegerunt
2474 1116 2509 1154 a
2534 1092 2644 1170 '1th
2666 1094 2805 1159 Eng-

71 1164 113 1200 ⁰⁴'
143 1165 232 1202 ιχ·
413 1187 668 1243 Doveria
703 1192 762 1242 et
797 1186 1098 1243 Sandwico
1145 1184 1220 1241 ad
1257 1186 1546 1241 Calesiam
1582 1185 1777 1257 copias
1812 1185 2148 1250 transferre,
2189 1190 2250 1239 et
2282 1184 2368 1239 ita
2401 1199 2507 1254 per
2532 1158 2635 1207 ¹¹⁸h
2657 1174 2801 1227 army

415 1286 644 1326 omnem
679 1270 988 1325 Franciam
1042 1271 1326 1339 equitare,
1368 1268 1548 1324 donec
1584 1268 1950 1323 Britanniam
1984 1268 2393 1339 pervenirent3
2430 1282 2506 1320 ne
2528 1229 2785 1357 ξγᾞθὲἒῗ

417 1370 520 1425 per
579 1352 964 1425 longinquum
1035 1368 1195 1408 mare
1269 1353 1518 1424 sparsim
1589 1351 1839 1422 trajecti,
1892 1350 2197 1423 dispendia
2278 1351 2509 1407 numeri
2537 1359 2705 1409 Calais
2728 1360 2804 1409 in-

413 1452 652 1492 suorum
687 1436 987 1491 hominum
1021 1436 1341 1507 piratarum
1375 1440 1714 1506 paterentur
1748 1435 2004 1491 incursu.
2534 1433 2588 1475 ‘0
2611 1426 2737 1476 Bre-

488 1521 526 1575 J
529 1521 782 1576 ohannes
835 1519 1139 1591 Philipott,
1197 1519 1344 1575 civis
1392 1514 1839 1584 Londoniarum,
1890 1520 1953 1573 iti
1999 1520 2115 1575 ista
2158 1519 2512 1591 profectione
2535 1500 2699 1557 ‘agne'

417 1605 648 1659 laudem
683 1604 1007 1676 promeruit
1042 1608 1102 1658 et
1136 1602 1430 1667 honorem,
1472 1602 1573 1675 qui
1611 1608 1671 1658 et
1712 1604 1798 1658 eis
1834 1620 2012 1659 naves
2044 1605 2281 1675 proprio
2315 1603 2511 1658 labore
2540 1598 2699 1675 Gfeat
2719 1612 2822 1646 fier-

415 1689 704 1753 conduxit‚
745 1694 805 1743 et
850 1692 1123 1758 gravatos
1172 1674 1294 1742 anrex
1334 1687 1542 1752 aliene,
1588 1692 1826 1759 propter
1871 1686 2108 1757 longam
2136 1690 2308 1759 juxta
2352 1702 2513 1742 mare
2538 1679 2677 1713 *¹⁰2⁸
2700 1678 2812 1712 ΓΒΗ·

416 1776 658 1837 moram,
685 1776 756 1827 'ut
789 1771 1021 1836 assolet,
1060 1786 1183 1842 prm
1219 1770 1613 1842 expectatione
1647 1772 1887 1827 navium
1923 1778 2026 1827 aut
2060 1772 2386 1837 ductorum,
2415 1771 2513 1826 ab·
2539 1731 2852 1860 ῗὲθέχξζᾶὶ,

418 1855 595 1912 solvit
629 1874 666 1911 a
700 1853 933 1919 debitis,
973 1854 1359 1911 creditoribus
1402 1855 1787 1919 satisfaciens,
1844 1855 1862 1888 ¹
1883 1854 1991 1925 [et]
2046 1857 2342 1911 cautiones
2391 1854 2514 1911 suis
2539 1862 2648 1913 tion
2671 1864 2741 1928 by

418 1939 667 1995 dominis
701 1939 1050 2005 restituens;
1091 1939 1194 2009 qui
1218 1938 1448 2003 loricas,
1475 1937 1742 2003 laminas,
1771 1938 2046 2004 cassideS,
2075 1938 2294 2009 galeas,
2321 1954 2512 2003 arene,
2541 1930 2681 2008 50¹3?

418 2022 667 2088 lanceas,
704 2026 765 2079 et
804 2023 920 2077 alia
950 2028 1259 2078 armamae
1298 2038 1531 2094 genera,
1571 2039 1678 2094 pro
1712 2022 2065 2078 victualibus
2102 2022 2512 2089 vadiaverant3
2540 1996 2782 2061 Ph¹¹¹p⁰t·

420 2108 632 2179 quibus
667 2124 904 2163 necesse
945 2108 1139 2162 fuerat
1171 2105 1268 2162 vel
1314 2124 1429 2161 non
1463 2106 1734 2170 transire,
1777 2122 1883 2178 pro
1926 2106 2174 2171 defectu,
2225 2112 2294 2162 ut
2333 2104 2515 2178 ²prae-

417 2191 650 2256 dicitur,
702 2196 1031 2256 armaturoe,
1077 2191 1319 2262 praefato
1356 2187 1526 2245 modo
1569 2190 1863 2261 expositae,
1914 2189 2010 2246 vel
2058 2195 2215 2246 certe
2263 2190 2515 2245 inermes

417 2275 649 2331 omnino
698 2270 1007 2347 proficisci.
1102 2273 1352 2345 ⁸Accepi
1403 2274 1608 2345 utique
1660 2273 1731 2328 ab
1782 2291 1880 2329 ore
1930 2273 2191 2345 ejusdem
2233 2273 2271 2327 J
2274 2272 2515 2329 ohannis

417 2358 720 2430 Philipott,
755 2358 912 2429 quod
945 2356 1109 2413 mille
1143 2357 1354 2413 loricas
1391 2357 1487 2412 vel
1523 2358 1771 2423 tunicas,
1812 2374 1957 2428 quas
1993 2355 2174 2429 vulgo
2204 2359 2241 2384 “
2253 2358 2460 2428 jakkes
2478 2357 2513 2381 ”

413 2447 641 2506 vocant,
674 2441 992 2497 redemerit
1019 2441 1091 2496 de
1123 2440 1390 2496 manibus
1421 2440 1792 2496 creditorum.
1869 2441 2127 2497 Profecti
2160 2447 2356 2496 autem
2383 2458 2515 2497 nos·
2540 2446 2650 2495 The
2672 2445 2811 2509 Eng-

413 2532 595 2583 trates
633 2540 862 2582 omnem
887 2525 1140 2581 Galliam
1174 2525 1710 2596 circumequitando
1734 2532 2109 2597 gyraverunt,
2135 2526 2387 2597 patriam
2418 2524 2515 2579 de·
2539 2512 2639 2561 lissh
2663 2513 2749 2575 lay

415 2610 740 2683 praedantes
777 2610 840 2664 in
872 2609 1146 2665 vastitate
1181 2608 1399 2673 hostili,
1426 2608 1598 2665 villas
1634 2614 1695 2664 et
1729 2608 1950 2680 praedia
1985 2608 2415 2673 succendentes,
2456 2615 2516 2665 et
2539 2585 2692 2657 3⁷⁰⁸oe
2714 2577 2799 2627 the

415 2694 696 2766 populum
738 2693 864 2749 sine
904 2700 1175 2765 respectu
1211 2692 1658 2748 ⁴misericordias
1690 2694 1753 2747 in
1783 2711 1882 2749 ore
1919 2694 2105 2765 gladii
2140 2694 2510 2765 perimentes,
2538 2654 2789 2777 ffitgeffiff'

419 2779 598 2834 donec
636 2778 710 2834 ad
752 2778 997 2834 confinia
1034 2776 1354 2832 Britannias
1395 2776 1815 2849 pervenissent,
1846 2778 2076 2833 nemine
2112 2796 2315 2833 eorum
2338 2794 2515 2834 ausus
2540 2779 2681 2829 tricts
2704 2778 2765 2826 of

419 2862 702 2934 impedire
749 2866 1154 2933 praesumente,
1206 2860 1280 2915 de
1327 2865 1449 2916 tam
1496 2860 1717 2916 famoso
1764 2878 1965 2932 regne.
2040 2860 2261 2918 Tantus
2308 2860 2514 2932 utique
2540 2847 2751 2895 Ffflnoe·

418 2952 607 3002 terror
654 2945 812 3017 ipsos
860 2945 1114 3000 Francos
1157 2943 1376 3000 invasit
1419 2949 1487 3000 ut
1525 2943 1588 2999 in
1635 2944 1996 3016 amplissimo
2042 2962 2245 3017 regno,
2289 2946 2351 2999 in
2401 2963 2515 3016 quo
2539 2949 2726 3013 Abject
2753 2947 2858 2996 sear

421 3029 584 3085 mille
627 3046 857 3101 semper
890 3029 1007 3084 viri
1047 3027 1295 3099 singulis
1340 3045 1410 3083 ex
1445 3026 1772 3099 Anglicano
1809 3027 2068 3084 exercitu
2104 3028 2314 3101 opponi
2350 3034 2515 3100 potu·
2539 3014 2834 3066 manifessoed

422 3119 604 3178 erant,
634 3113 808 3168 citius
842 3111 1147 3183 eligerent,
1179 3128 1341 3167 more
1373 3112 1763 3177 foeminarum,
1790 3110 2042 3168 latebras
2080 3130 2142 3168 se
2178 3110 2517 3168 occultando
2541 3083 2739 3201 ἓξὲξ]

423 3212 703 3269 quaerere,
740 3212 916 3267 quam
947 3195 1317 3267 glomeratim
1347 3192 1691 3265 Anglicanis
1723 3196 2035 3266 manipulis
2069 3195 2322 3251 obviare.
2393 3196 2520 3250 Tua
2742 3185 2757 3198 ’

424 3286 561 3338 sunt
590 3298 766 3353 opera
799 3281 942 3345 haec,
981 3279 1231 3344 Christe,
1272 3284 1377 3335 tua
1410 3279 1711 3345 miracula,
1750 3279 1788 3333 J
1791 3296 1895 3334 esu
1926 3276 2091 3345 bone,
2133 3280 2229 3334 cui
2264 3285 2520 3351 potestas

424 3372 516 3421 est
561 3365 857 3429 dimicare,
901 3374 1007 3419 seu
1051 3363 1303 3427 vincere,
1343 3362 1407 3417 in
1452 3362 1657 3434 paucis
1701 3380 1865 3433 oeque
1902 3369 1970 3418 ut
2016 3365 2079 3418 in
2126 3360 2366 3429 multis;
2421 3363 2522 3434 qui

423 3446 532 3505 tibi
570 3444 986 3504 famulantibus
1024 3447 1179 3502 inter
1218 3446 1674 3502 confertissimos
1698 3442 1895 3502 hostes
1919 3454 2115 3502 tutum
2139 3448 2251 3502 iter
2275 3445 2519 3519 praebes,

426 3539 489 3589 et
547 3532 868 3589 vindictam
930 3531 1208 3587 retribuis
1274 3532 1338 3586 in
1383 3531 1581 3588 hostes
1629 3537 1893 3596 nostr0s3
1956 3536 2056 3586 ⁵tu
2104 3533 2260 3586 enim
2307 3531 2520 3595 fecisti,

424 3622 494 3673 ut
539 3622 736 3673 essent
781 3616 1109 3671 immobiles
1136 3616 1304 3687 quasi
1352 3614 1523 3686 lapis,
1577 3615 1761 3671 donec
1819 3616 2203 3688 pertransiret
2260 3617 2513 3689 populus

423 3707 579 3766 tuus,
623 3700 891 3766 Domine,
926 3699 1213 3755 exercitus
1245 3698 1627 3770 Anglicanus‚
1677 3700 1780 3771 qui
1816 3717 1934 3755 non
1967 3698 2032 3754 in
2068 3696 2343 3771 superbia
2379 3707 2439 3756 et
2459 3701 2522 3754 in

425 3785 702 3841 abusione
742 3800 992 3856 regnum
1029 3782 1291 3839 F'ranciae
1341 3781 1659 3855 subjugare
1707 3780 1989 3849 laborant,
2041 3784 2147 3839 sed
2193 3784 2258 3839 in
2289 3784 2526 3855 justitia

424 3876 486 3925 et
525 3869 817 3941 aequitate,
861 3873 922 3925 et
957 3868 1288 3924 innocentia
1319 3862 1504 3940 Regis
1543 3868 1656 3934 sui,
1690 3867 1841 3938 ⁸iusti
1881 3866 2130 3925 haeredis
2170 3864 2525 3925 Francorum

425 3953 613 4024 regni,
653 3951 872 4009 confisi.

1035 4123 1335 4211 Capitur
1378 4122 1586 4190 navis
1629 4122 1783 4192 Scot
1790 4122 1911 4190 ica.

493 4248 611 4304 Per
658 4248 820 4304 istud
869 4253 1100 4321 tempus
1135 4249 1251 4305 viri
1287 4249 1359 4304 de
1393 4249 1539 4305 villa
1572 4249 1645 4305 de
1687 4249 1870 4304 Hulle
1907 4254 1968 4304 et
2002 4248 2075 4304 de
2115 4247 2284 4306 Novo
2320 4249 2527 4306 Castro

426 4350 602 4404 super
625 4333 870 4403 'syna-m,
898 4333 1304 4389 communibus
1339 4333 1492 4388 votis
1529 4333 1775 4403 egressi,
1804 4332 1879 4387 ad
1913 4332 2236 4404 piratarum
2260 4335 2360 4403 qui
2398 4340 2525 4389 tum

493 4541 508 4571 ¹
530 4539 768 4604 Supplied
823 4539 954 4590 from
1008 4539 1143 4590 Bibl.
1187 4538 1314 4606 Reg.
1366 4544 1425 4588 13
1526 4545 1662 4590 texts
1683 4558 1697 4597 ς
1721 4540 1974 4590 corrected
1989 4539 2119 4590 from
2142 4539 2275 4591 Bibl.
2304 4542 2434 4607 Reg.
2465 4547 2525 4591 13

427 4619 489 4669 Ε.
511 4619 583 4669 ix.
607 4620 708 4669 and
728 4618 816 4669 the
836 4618 1036 4685 printed
1055 4624 1205 4669 texts.
1527 4618 1587 4668 Ε.
1602 4618 1677 4668 ix.

493 4699 515 4729 ²
535 4697 716 4748 dicitur
738 4698 793 4748 in
817 4698 903 4749 the
924 4697 1122 4763 printed
1143 4704 1291 4749 texts.
1595 4699 1614 4727 ⁴
1637 4696 1864 4749 Omitted
1884 4697 1939 4748 in
1962 4699 2048 4750 the
2069 4700 2266 4763 printed
2287 4707 2435 4754 texts.

503 4776 744 4844 ’At-cepti
760 4776 817 4828 in
839 4776 970 4843 orig.
1001 4778 1102 4829 and
1123 4777 1209 4829 the
1224 4776 1425 4843 printed
1595 4778 1615 4807 ⁸
1637 4779 1692 4826 εὖ
1712 4775 1767 4827 in
1791 4776 1916 4842 orig.

2040 4863 2261 4927 ΒΕΖ
