<?xml version="1.0" encoding="UTF-8"?>
<!DOCTYPE html PUBLIC "-//W3C//DTD XHTML 1.0 Transitional//EN"
    "http://www.w3.org/TR/xhtml1/DTD/xhtml1-transitional.dtd">
<html xmlns="http://www.w3.org/1999/xhtml" xml:lang="en" lang="en">
 <head>
  <title>
</title>
<meta http-equiv="Content-Type" content="text/html;charset=utf-8" />
  <meta name='ocr-system' content='tesseract 3.04.00' />
  <meta name='ocr-capabilities' content='ocr_page ocr_carea ocr_par ocr_line ocrx_word'/>
</head>
<body>
  <div class='ocr_page' id='page_1' title='image "./thomaewalsingha00unkngoog_0595.png"; bbox 0 0 3300 5617; ppageno 0'>
   <div class='ocr_carea' id='block_1_1' title="bbox 98 1012 350 1068">
    <p class='ocr_par' dir='ltr' id='par_1_1' title="bbox 98 1012 350 1068">
     <span class='ocr_line' id='line_1_1' title="bbox 98 1012 350 1068; baseline 0.02 -5"><span class='ocrx_word' id='word_1_1' title='bbox 98 1012 144 1063; x_wconf 77' lang='lat'><strong>3.</strong></span> <span class='ocrx_word' id='word_1_2' title='bbox 176 1014 350 1068; x_wconf 84' lang='lat' dir='ltr'><strong>Bibl.</strong></span> 
     </span>
    </p>
   </div>
   <div class='ocr_carea' id='block_1_2' title="bbox 103 1087 287 1200">
    <p class='ocr_par' dir='ltr' id='par_1_2' title="bbox 103 1087 287 1200">
     <span class='ocr_line' id='line_1_2' title="bbox 103 1087 287 1158; baseline 0.011 -27"><span class='ocrx_word' id='word_1_3' title='bbox 103 1096 165 1158; x_wconf 67' lang='lat' dir='ltr'><strong>g.</strong></span> <span class='ocrx_word' id='word_1_4' title='bbox 207 1087 287 1133; x_wconf 80' lang='lat'><strong>13</strong></span> 
     </span>
     <span class='ocr_line' id='line_1_3' title="bbox 114 1163 208 1200; baseline 0.032 -3"><span class='ocrx_word' id='word_1_5' title='bbox 114 1163 208 1200; x_wconf 75' lang='lat' dir='ltr'><strong>ix.</strong></span> 
     </span>
    </p>
   </div>
   <div class='ocr_carea' id='block_1_3' title="bbox 431 4671 706 4680">
    <p class='ocr_par' dir='ltr' id='par_1_3' title="bbox 431 4671 706 4680">
     <span class='ocr_line' id='line_1_4' title="bbox 431 4671 706 4680; baseline 0.004 -1"><span class='ocrx_word' id='word_1_6' title='bbox 431 4671 638 4680; x_wconf 61' lang='lat'><strong>.—-.-—-·—--</strong></span> <span class='ocrx_word' id='word_1_7' title='bbox 671 4671 706 4677; x_wconf 84' lang='lat'><strong>--</strong></span> 
     </span>
    </p>
   </div>
   <div class='ocr_carea' id='block_1_4' title="bbox 1063 806 2508 877">
    <p class='ocr_par' dir='ltr' id='par_1_4' title="bbox 1063 806 2508 877">
     <span class='ocr_line' id='line_1_5' title="bbox 1063 806 2508 877; baseline 0.003 -11"><span class='ocrx_word' id='word_1_8' title='bbox 1063 816 1389 867; x_wconf 69' lang='lat' dir='ltr'><strong>ms&#39;romA</strong></span> <span class='ocrx_word' id='word_1_9' title='bbox 1433 816 1849 869; x_wconf 63' lang='lat' dir='ltr'><strong>mumolum.</strong></span> <span class='ocrx_word' id='word_1_10' title='bbox 2374 806 2508 877; x_wconf 83' lang='lat'><strong>473</strong></span> 
     </span>
    </p>
   </div>
   <div class='ocr_carea' id='block_1_5' title="bbox 501 1030 2849 1122">
    <p class='ocr_par' dir='ltr' id='par_1_5' title="bbox 501 1030 2849 1122">
     <span class='ocr_line' id='line_1_6' title="bbox 501 1030 2849 1122; baseline 0.001 -25"><span class='ocrx_word' id='word_1_11' title='bbox 501 1030 764 1098; x_wconf 74' lang='lat' dir='ltr'><strong>Littera</strong></span> <span class='ocrx_word' id='word_1_12' title='bbox 807 1030 1014 1118; x_wconf 70' lang='lat' dir='ltr'><strong>Reyie</strong></span> <span class='ocrx_word' id='word_1_13' title='bbox 1058 1032 1318 1102; x_wconf 74' lang='lat' dir='ltr'><strong>directa</strong></span> <span class='ocrx_word' id='word_1_14' title='bbox 1358 1033 1614 1103; x_wconf 73' lang='lat' dir='ltr'><strong>Abbati</strong></span> <span class='ocrx_word' id='word_1_15' title='bbox 1653 1057 1786 1122; x_wconf 76' lang='lat' dir='ltr'><strong>pro</strong></span> <span class='ocrx_word' id='word_1_16' title='bbox 1831 1031 2107 1103; x_wconf 64' lang='lat' dir='ltr'><strong>&amp;kartis</strong></span> <span class='ocrx_word' id='word_1_17' title='bbox 2147 1033 2402 1119; x_wconf 57' lang='lat' dir='ltr'><strong>Regiis.</strong></span> <span class='ocrx_word' id='word_1_18' title='bbox 2537 1048 2674 1100; x_wconf 64' lang='grc' dir='ltr'><strong>ΑΒ.</strong></span> <span class='ocrx_word' id='word_1_19' title='bbox 2706 1054 2849 1101; x_wconf 83' lang='lat'>1381.</span> 
     </span>
    </p>
   </div>
   <div class='ocr_carea' id='block_1_6' title="bbox 419 1180 2790 2093">
    <p class='ocr_par' dir='ltr' id='par_1_6' title="bbox 489 1180 2790 1254">
     <span class='ocr_line' id='line_1_7' title="bbox 489 1180 2790 1254; baseline 0.001 -20"><span class='ocrx_word' id='word_1_20' title='bbox 489 1183 526 1208; x_wconf 91' lang='lat'><strong>“</strong></span> <span class='ocrx_word' id='word_1_21' title='bbox 563 1180 708 1235; x_wconf 81' lang='lat' dir='ltr'><strong>Tres</strong></span> <span class='ocrx_word' id='word_1_22' title='bbox 745 1180 886 1235; x_wconf 85' lang='lat' dir='ltr'><strong>cher</strong></span> <span class='ocrx_word' id='word_1_23' title='bbox 935 1199 1008 1236; x_wconf 85' lang='lat' dir='ltr'><strong>en</strong></span> <span class='ocrx_word' id='word_1_24' title='bbox 1062 1181 1402 1237; x_wconf 83' lang='lat' dir='ltr'><strong>Dieux.—A</strong></span> <span class='ocrx_word' id='word_1_25' title='bbox 1454 1182 1514 1238; x_wconf 75' lang='lat' dir='ltr'><strong>la</strong></span> <span class='ocrx_word' id='word_1_26' title='bbox 1569 1182 1819 1254; x_wconf 86' lang='lat' dir='ltr'><strong>petition</strong></span> <span class='ocrx_word' id='word_1_27' title='bbox 1868 1182 1940 1237; x_wconf 90' lang='lat' dir='ltr'><strong>de</strong></span> <span class='ocrx_word' id='word_1_28' title='bbox 1976 1201 2123 1239; x_wconf 81' lang='lat' dir='ltr'><strong>nous</strong></span> <span class='ocrx_word' id='word_1_29' title='bbox 2160 1201 2323 1238; x_wconf 80' lang='lat' dir='ltr'><strong>amez</strong></span> <span class='ocrx_word' id='word_1_30' title='bbox 2361 1182 2513 1254; x_wconf 77' lang='lat' dir='ltr'><strong>liges</strong></span> <span class='ocrx_word' id='word_1_31' title='bbox 2539 1199 2709 1250; x_wconf 66' lang='lat' dir='ltr'><strong>Teum-</strong></span> <span class='ocrx_word' id='word_1_32' title='bbox 2729 1201 2790 1249; x_wconf 74' lang='lat' dir='ltr'><strong>of</strong></span> 
     </span>
    </p>

    <p class='ocr_par' dir='ltr' id='par_1_7' title="bbox 419 1263 2759 2093">
     <span class='ocr_line' id='line_1_8' title="bbox 419 1263 2759 1337; baseline 0.002 -18"><span class='ocrx_word' id='word_1_33' title='bbox 419 1267 456 1290; x_wconf 92' lang='lat'>“</span> <span class='ocrx_word' id='word_1_34' title='bbox 494 1264 567 1319; x_wconf 89' lang='lat' dir='ltr'><strong>de</strong></span> <span class='ocrx_word' id='word_1_35' title='bbox 603 1263 663 1318; x_wconf 83' lang='lat' dir='ltr'><strong>la</strong></span> <span class='ocrx_word' id='word_1_36' title='bbox 697 1263 836 1319; x_wconf 86' lang='lat' dir='ltr'><strong>ville</strong></span> <span class='ocrx_word' id='word_1_37' title='bbox 896 1264 969 1319; x_wconf 91' lang='lat' dir='ltr'><strong>de</strong></span> <span class='ocrx_word' id='word_1_38' title='bbox 1025 1264 1209 1336; x_wconf 82' lang='lat' dir='ltr'><strong>Seynt</strong></span> <span class='ocrx_word' id='word_1_39' title='bbox 1265 1265 1476 1331; x_wconf 77' lang='lat' dir='ltr'><strong>Alban,</strong></span> <span class='ocrx_word' id='word_1_40' title='bbox 1513 1284 1663 1321; x_wconf 80' lang='lat' dir='ltr'><strong>nous</strong></span> <span class='ocrx_word' id='word_1_41' title='bbox 1701 1266 1903 1321; x_wconf 70' lang='lat' dir='ltr'><strong>volone</strong></span> <span class='ocrx_word' id='word_1_42' title='bbox 1941 1272 2002 1322; x_wconf 89' lang='lat' dir='ltr'><strong>et</strong></span> <span class='ocrx_word' id='word_1_43' title='bbox 2036 1267 2357 1331; x_wconf 78' lang='lat' dir='ltr'><strong>mandoms,</strong></span> <span class='ocrx_word' id='word_1_44' title='bbox 2401 1283 2514 1337; x_wconf 91' lang='lat' dir='ltr'><strong>que</strong></span> <span class='ocrx_word' id='word_1_45' title='bbox 2540 1265 2625 1316; x_wconf 82' lang='lat' dir='ltr'><strong>the</strong></span> <span class='ocrx_word' id='word_1_46' title='bbox 2650 1266 2759 1317; x_wconf 78' lang='lat' dir='ltr'><strong>said</strong></span> 
     </span>
     <span class='ocr_line' id='line_1_9' title="bbox 419 1332 2725 1424; baseline 0.002 -21"><span class='ocrx_word' id='word_1_47' title='bbox 419 1353 456 1376; x_wconf 83' lang='lat'><strong>·‘</strong></span> <span class='ocrx_word' id='word_1_48' title='bbox 496 1348 782 1405; x_wconf 76' lang='lat' dir='ltr'><strong>certaines</strong></span> <span class='ocrx_word' id='word_1_49' title='bbox 818 1349 1079 1405; x_wconf 76' lang='lat' dir='ltr'><strong>chartres</strong></span> <span class='ocrx_word' id='word_1_50' title='bbox 1117 1355 1376 1406; x_wconf 80' lang='lat' dir='ltr'><strong>esteantz</strong></span> <span class='ocrx_word' id='word_1_51' title='bbox 1412 1368 1487 1405; x_wconf 92' lang='lat' dir='ltr'><strong>en</strong></span> <span class='ocrx_word' id='word_1_52' title='bbox 1534 1356 1731 1406; x_wconf 74' lang='lat' dir='ltr'><strong>vostre</strong></span> <span class='ocrx_word' id='word_1_53' title='bbox 1768 1350 1967 1423; x_wconf 72' lang='lat' dir='ltr'><strong>garde,</strong></span> <span class='ocrx_word' id='word_1_54' title='bbox 1995 1351 2135 1407; x_wconf 79' lang='lat' dir='ltr'><strong>faitz</strong></span> <span class='ocrx_word' id='word_1_55' title='bbox 2171 1370 2281 1424; x_wconf 82' lang='lat' dir='ltr'><strong>par</strong></span> <span class='ocrx_word' id='word_1_56' title='bbox 2316 1357 2514 1407; x_wconf 84' lang='lat' dir='ltr'><strong>nostre</strong></span> <span class='ocrx_word' id='word_1_57' title='bbox 2538 1332 2725 1385; x_wconf 51' lang='lat' dir='ltr'>Len&amp;-</span> 
     </span>
     <span class='ocr_line' id='line_1_10' title="bbox 420 1432 2518 1506; baseline 0.001 -19"><span class='ocrx_word' id='word_1_58' title='bbox 420 1437 458 1458; x_wconf 90' lang='grc'><em>“</em></span> <span class='ocrx_word' id='word_1_59' title='bbox 497 1432 897 1504; x_wconf 88' lang='lat' dir='ltr'><strong>progenitour,</strong></span> <span class='ocrx_word' id='word_1_60' title='bbox 938 1433 995 1488; x_wconf 91' lang='lat' dir='ltr'><strong>le</strong></span> <span class='ocrx_word' id='word_1_61' title='bbox 1033 1433 1163 1506; x_wconf 81' lang='lat' dir='ltr'><strong>Roy</strong></span> <span class='ocrx_word' id='word_1_62' title='bbox 1201 1434 1408 1498; x_wconf 90' lang='lat' dir='ltr'><strong>Henri‚</strong></span> <span class='ocrx_word' id='word_1_63' title='bbox 1449 1452 1487 1488; x_wconf 78' lang='lat' dir='ltr'><strong>a</strong></span> <span class='ocrx_word' id='word_1_64' title='bbox 1519 1433 1606 1489; x_wconf 81' lang='lat' dir='ltr'><strong>les</strong></span> <span class='ocrx_word' id='word_1_65' title='bbox 1643 1434 1887 1505; x_wconf 78' lang='lat' dir='ltr'>burgeis</span> <span class='ocrx_word' id='word_1_66' title='bbox 1926 1439 1987 1489; x_wconf 91' lang='lat' dir='ltr'><strong>et</strong></span> <span class='ocrx_word' id='word_1_67' title='bbox 2021 1435 2198 1491; x_wconf 82' lang='lat' dir='ltr'><strong>bones</strong></span> <span class='ocrx_word' id='word_1_68' title='bbox 2235 1441 2408 1506; x_wconf 82' lang='lat' dir='ltr'><strong>gentz</strong></span> <span class='ocrx_word' id='word_1_69' title='bbox 2445 1434 2518 1490; x_wconf 88' lang='lat' dir='ltr'><strong>de</strong></span> 
     </span>
     <span class='ocr_line' id='line_1_11' title="bbox 420 1516 2516 1591; baseline 0.003 -21"><span class='ocrx_word' id='word_1_70' title='bbox 420 1522 457 1543; x_wconf 78' lang='lat'><strong>⁴·</strong></span> <span class='ocrx_word' id='word_1_71' title='bbox 498 1518 558 1572; x_wconf 77' lang='lat' dir='ltr'><strong>la</strong></span> <span class='ocrx_word' id='word_1_72' title='bbox 589 1517 711 1572; x_wconf 87' lang='lat' dir='ltr'><strong>dite</strong></span> <span class='ocrx_word' id='word_1_73' title='bbox 744 1516 906 1582; x_wconf 77' lang='lat' dir='ltr'><strong>ville,</strong></span> <span class='ocrx_word' id='word_1_74' title='bbox 946 1517 1020 1572; x_wconf 89' lang='lat' dir='ltr'><strong>de</strong></span> <span class='ocrx_word' id='word_1_75' title='bbox 1056 1534 1321 1583; x_wconf 89' lang='lat' dir='ltr'><strong>comune,</strong></span> <span class='ocrx_word' id='word_1_76' title='bbox 1347 1523 1409 1573; x_wconf 89' lang='lat' dir='ltr'><strong>et</strong></span> <span class='ocrx_word' id='word_1_77' title='bbox 1432 1518 1505 1573; x_wconf 89' lang='lat' dir='ltr'><strong>de</strong></span> <span class='ocrx_word' id='word_1_78' title='bbox 1529 1523 1790 1590; x_wconf 75' lang='lat' dir='ltr'><strong>pasture,</strong></span> <span class='ocrx_word' id='word_1_79' title='bbox 1831 1524 1893 1574; x_wconf 91' lang='lat' dir='ltr'><strong>et</strong></span> <span class='ocrx_word' id='word_1_80' title='bbox 1915 1519 1987 1574; x_wconf 88' lang='lat' dir='ltr'><strong>de</strong></span> <span class='ocrx_word' id='word_1_81' title='bbox 2010 1519 2331 1591; x_wconf 71' lang='lat' dir='ltr'>pascherio,</span> <span class='ocrx_word' id='word_1_82' title='bbox 2361 1526 2421 1576; x_wconf 89' lang='lat' dir='ltr'><strong>et</strong></span> <span class='ocrx_word' id='word_1_83' title='bbox 2443 1520 2516 1576; x_wconf 85' lang='lat' dir='ltr'><strong>de</strong></span> 
     </span>
     <span class='ocr_line' id='line_1_12' title="bbox 422 1602 2518 1674; baseline 0.002 -19"><span class='ocrx_word' id='word_1_84' title='bbox 422 1606 460 1628; x_wconf 88' lang='lat'>“</span> <span class='ocrx_word' id='word_1_85' title='bbox 499 1602 782 1658; x_wconf 81' lang='lat' dir='ltr'><strong>certeines</strong></span> <span class='ocrx_word' id='word_1_86' title='bbox 818 1607 1016 1657; x_wconf 78' lang='lat' dir='ltr'><strong>autres</strong></span> <span class='ocrx_word' id='word_1_87' title='bbox 1051 1602 1430 1658; x_wconf 82' lang='lat' dir='ltr'><strong>commodites</strong></span> <span class='ocrx_word' id='word_1_88' title='bbox 1474 1618 1775 1674; x_wconf 79' lang='lat' dir='ltr'><strong>expresses</strong></span> <span class='ocrx_word' id='word_1_89' title='bbox 1797 1620 1870 1657; x_wconf 92' lang='lat' dir='ltr'><strong>en</strong></span> <span class='ocrx_word' id='word_1_90' title='bbox 1916 1620 2168 1660; x_wconf 79' lang='lat' dir='ltr'><strong>mesmes</strong></span> <span class='ocrx_word' id='word_1_91' title='bbox 2216 1605 2303 1660; x_wconf 78' lang='lat' dir='ltr'><strong>les</strong></span> <span class='ocrx_word' id='word_1_92' title='bbox 2353 1604 2518 1660; x_wconf 76' lang='lat' dir='ltr'><strong>char-</strong></span> 
     </span>
     <span class='ocr_line' id='line_1_13' title="bbox 423 1684 2520 1759; baseline 0.001 -18"><span class='ocrx_word' id='word_1_93' title='bbox 423 1690 460 1712; x_wconf 85' lang='lat'><strong>“</strong></span> <span class='ocrx_word' id='word_1_94' title='bbox 499 1691 637 1750; x_wconf 48' lang='lat' dir='ltr'><strong>tre&amp;</strong></span> <span class='ocrx_word' id='word_1_95' title='bbox 678 1703 714 1739; x_wconf 74' lang='lat' dir='ltr'>a</span> <span class='ocrx_word' id='word_1_96' title='bbox 748 1702 851 1740; x_wconf 88' lang='lat' dir='ltr'><strong>ceo</strong></span> <span class='ocrx_word' id='word_1_97' title='bbox 886 1685 1001 1756; x_wconf 80' lang='lat' dir='ltr'><strong>qile</strong></span> <span class='ocrx_word' id='word_1_98' title='bbox 1051 1684 1232 1751; x_wconf 87' lang='lat' dir='ltr'><strong>diont,</strong></span> <span class='ocrx_word' id='word_1_99' title='bbox 1285 1687 1506 1742; x_wconf 78' lang='lat' dir='ltr'><strong>facetez</strong></span> <span class='ocrx_word' id='word_1_100' title='bbox 1560 1684 1578 1718; x_wconf 90' lang='lat'>¹</span> <span class='ocrx_word' id='word_1_101' title='bbox 1599 1686 1840 1755; x_wconf 83' lang='lat' dir='ltr'><strong>[liverer</strong></span> <span class='ocrx_word' id='word_1_102' title='bbox 1876 1704 1941 1742; x_wconf 75' lang='lat' dir='ltr'><strong>ae</strong></span> <span class='ocrx_word' id='word_1_103' title='bbox 1978 1686 2129 1743; x_wconf 82' lang='lat' dir='ltr'><strong>dites</strong></span> <span class='ocrx_word' id='word_1_104' title='bbox 2170 1688 2411 1759; x_wconf 79' lang='lat' dir='ltr'>burgeis</span> <span class='ocrx_word' id='word_1_105' title='bbox 2459 1696 2520 1744; x_wconf 92' lang='lat' dir='ltr'><strong>et</strong></span> 
     </span>
     <span class='ocr_line' id='line_1_14' title="bbox 424 1768 2516 1843; baseline 0.002 -20"><span class='ocrx_word' id='word_1_106' title='bbox 424 1775 460 1796; x_wconf 89' lang='grc'><em>“</em></span> <span class='ocrx_word' id='word_1_107' title='bbox 501 1770 675 1824; x_wconf 80' lang='lat' dir='ltr'><strong>bones</strong></span> <span class='ocrx_word' id='word_1_108' title='bbox 701 1769 923 1840; x_wconf 86' lang='lat' dir='ltr'><strong>gentz],</strong></span> <span class='ocrx_word' id='word_1_109' title='bbox 964 1786 1067 1825; x_wconf 88' lang='lat' dir='ltr'><strong>ceo</strong></span> <span class='ocrx_word' id='word_1_110' title='bbox 1116 1786 1229 1842; x_wconf 86' lang='lat' dir='ltr'><strong>que</strong></span> <span class='ocrx_word' id='word_1_111' title='bbox 1279 1768 1360 1825; x_wconf 92' lang='lat' dir='ltr'><strong>lei</strong></span> <span class='ocrx_word' id='word_1_112' title='bbox 1410 1775 1470 1825; x_wconf 89' lang='lat' dir='ltr'><strong>et</strong></span> <span class='ocrx_word' id='word_1_113' title='bbox 1513 1787 1687 1825; x_wconf 78' lang='lat' dir='ltr'><strong>reson</strong></span> <span class='ocrx_word' id='word_1_114' title='bbox 1732 1770 1790 1825; x_wconf 90' lang='lat' dir='ltr'><strong>le</strong></span> <span class='ocrx_word' id='word_1_115' title='bbox 1836 1776 2185 1843; x_wconf 86' lang='lat' dir='ltr'><strong>requeront;</strong></span> <span class='ocrx_word' id='word_1_116' title='bbox 2249 1790 2355 1843; x_wconf 73' lang='lat' dir='ltr'><strong>par</strong></span> <span class='ocrx_word' id='word_1_117' title='bbox 2391 1773 2516 1828; x_wconf 86' lang='lat' dir='ltr'><strong>ensi</strong></span> 
     </span>
     <span class='ocr_line' id='line_1_15' title="bbox 425 1853 2517 1927; baseline 0.002 -20"><span class='ocrx_word' id='word_1_118' title='bbox 425 1859 462 1880; x_wconf 78' lang='lat'><strong>‘⁸</strong></span> <span class='ocrx_word' id='word_1_119' title='bbox 502 1853 657 1925; x_wconf 80' lang='lat' dir='ltr'><strong>quils</strong></span> <span class='ocrx_word' id='word_1_120' title='bbox 693 1853 890 1910; x_wconf 90' lang='lat' dir='ltr'><strong>neient</strong></span> <span class='ocrx_word' id='word_1_121' title='bbox 922 1853 1167 1909; x_wconf 80' lang='lat' dir='ltr'><strong>matiere</strong></span> <span class='ocrx_word' id='word_1_122' title='bbox 1228 1854 1302 1909; x_wconf 89' lang='lat' dir='ltr'><strong>de</strong></span> <span class='ocrx_word' id='word_1_123' title='bbox 1353 1853 1618 1926; x_wconf 88' lang='lat' dir='ltr'><strong>pleindre</strong></span> <span class='ocrx_word' id='word_1_124' title='bbox 1681 1853 1886 1927; x_wconf 84' lang='lat' dir='ltr'><strong>desere</strong></span> <span class='ocrx_word' id='word_1_125' title='bbox 1946 1874 1982 1910; x_wconf 80' lang='lat' dir='ltr'><strong>a</strong></span> <span class='ocrx_word' id='word_1_126' title='bbox 2027 1874 2174 1911; x_wconf 80' lang='lat' dir='ltr'><strong>nous</strong></span> <span class='ocrx_word' id='word_1_127' title='bbox 2232 1873 2346 1927; x_wconf 88' lang='lat' dir='ltr'><strong>pur</strong></span> <span class='ocrx_word' id='word_1_128' title='bbox 2393 1855 2517 1912; x_wconf 88' lang='lat' dir='ltr'><strong>cele</strong></span> 
     </span>
     <span class='ocr_line' id='line_1_16' title="bbox 426 1937 2517 2011; baseline 0 -18"><span class='ocrx_word' id='word_1_129' title='bbox 426 1942 462 1964; x_wconf 86' lang='lat'>“</span> <span class='ocrx_word' id='word_1_130' title='bbox 503 1953 695 1993; x_wconf 76' lang='lat' dir='ltr'><strong>cause.</strong></span> <span class='ocrx_word' id='word_1_131' title='bbox 768 1937 966 1992; x_wconf 85' lang='lat' dir='ltr'><strong>Donez</strong></span> <span class='ocrx_word' id='word_1_132' title='bbox 1005 1955 1144 1992; x_wconf 84' lang='lat' dir='ltr'><strong>souz</strong></span> <span class='ocrx_word' id='word_1_133' title='bbox 1185 1944 1383 1992; x_wconf 83' lang='lat' dir='ltr'><strong>nostre</strong></span> <span class='ocrx_word' id='word_1_134' title='bbox 1432 1937 1628 2008; x_wconf 81' lang='lat' dir='ltr'><strong>signet</strong></span> <span class='ocrx_word' id='word_1_135' title='bbox 1663 1955 1699 1992; x_wconf 78' lang='lat' dir='ltr'><strong>a</strong></span> <span class='ocrx_word' id='word_1_136' title='bbox 1723 1937 2003 2005; x_wconf 77' lang='lat' dir='ltr'><strong>Londres,</strong></span> <span class='ocrx_word' id='word_1_137' title='bbox 2053 1939 2109 1994; x_wconf 90' lang='lat' dir='ltr'><strong>le</strong></span> <span class='ocrx_word' id='word_1_138' title='bbox 2136 1939 2347 2010; x_wconf 89' lang='lat' dir='ltr'><strong>quinze</strong></span> <span class='ocrx_word' id='word_1_139' title='bbox 2377 1939 2517 2011; x_wconf 90' lang='lat' dir='ltr'><strong>jour</strong></span> 
     </span>
     <span class='ocr_line' id='line_1_17' title="bbox 425 2021 1780 2093; baseline 0 -17"><span class='ocrx_word' id='word_1_140' title='bbox 425 2027 462 2049; x_wconf 83' lang='lat'><strong>⁸⁶</strong></span> <span class='ocrx_word' id='word_1_141' title='bbox 501 2022 574 2077; x_wconf 85' lang='lat' dir='ltr'><strong>de</strong></span> <span class='ocrx_word' id='word_1_142' title='bbox 612 2021 790 2093; x_wconf 84' lang='lat' dir='ltr'><strong>Juyn,</strong></span> <span class='ocrx_word' id='word_1_143' title='bbox 831 2022 927 2077; x_wconf 81' lang='lat' dir='ltr'><strong>lan</strong></span> <span class='ocrx_word' id='word_1_144' title='bbox 963 2021 1036 2076; x_wconf 88' lang='lat' dir='ltr'><strong>de</strong></span> <span class='ocrx_word' id='word_1_145' title='bbox 1071 2027 1264 2077; x_wconf 77' lang='lat' dir='ltr'><strong>nostre</strong></span> <span class='ocrx_word' id='word_1_146' title='bbox 1300 2039 1480 2092; x_wconf 86' lang='lat' dir='ltr'><strong>regne</strong></span> <span class='ocrx_word' id='word_1_147' title='bbox 1518 2022 1780 2092; x_wconf 78' lang='lat' dir='ltr'><strong>quarte.”</strong></span> 
     </span>
    </p>
   </div>
   <div class='ocr_carea' id='block_1_7' title="bbox 627 2191 2315 2278">
    <p class='ocr_par' dir='ltr' id='par_1_8' title="bbox 627 2191 2315 2278">
     <span class='ocr_line' id='line_1_18' title="bbox 627 2191 2315 2278; baseline 0.001 -20"><span class='ocrx_word' id='word_1_148' title='bbox 627 2194 805 2258; x_wconf 77' lang='lat' dir='ltr'><strong>Acta</strong></span> <span class='ocrx_word' id='word_1_149' title='bbox 850 2193 1045 2278; x_wconf 73' lang='lat' dir='ltr'><strong>apud</strong></span> <span class='ocrx_word' id='word_1_150' title='bbox 1086 2193 1421 2260; x_wconf 75' lang='lat' dir='ltr'><strong>Sanctum</strong></span> <span class='ocrx_word' id='word_1_151' title='bbox 1465 2191 1824 2258; x_wconf 72' lang='lat' dir='ltr'><strong>Albanum</strong></span> <span class='ocrx_word' id='word_1_152' title='bbox 1870 2192 1983 2259; x_wconf 77' lang='lat' dir='ltr'><strong>elie</strong></span> <span class='ocrx_word' id='word_1_153' title='bbox 2027 2192 2315 2262; x_wconf 65' lang='lat' dir='ltr'><strong>sabbati.</strong></span> 
     </span>
    </p>
   </div>
   <div class='ocr_carea' id='block_1_8' title="bbox 421 2326 2855 3244">
    <p class='ocr_par' dir='ltr' id='par_1_9' title="bbox 421 2326 2855 3159">
     <span class='ocr_line' id='line_1_19' title="bbox 492 2326 2855 2399; baseline 0.002 -17"><span class='ocrx_word' id='word_1_154' title='bbox 492 2326 776 2384; x_wconf 82' lang='lat' dir='ltr'>Dominus</span> <span class='ocrx_word' id='word_1_155' title='bbox 826 2334 1024 2384; x_wconf 77' lang='lat' dir='ltr'><strong>autem</strong></span> <span class='ocrx_word' id='word_1_156' title='bbox 1070 2327 1290 2393; x_wconf 75' lang='lat' dir='ltr'><strong>Abbas,</strong></span> <span class='ocrx_word' id='word_1_157' title='bbox 1343 2333 1579 2399; x_wconf 79' lang='lat' dir='ltr'><strong>recepta</strong></span> <span class='ocrx_word' id='word_1_158' title='bbox 1627 2346 1763 2383; x_wconf 87' lang='lat' dir='ltr'><strong>cum</strong></span> <span class='ocrx_word' id='word_1_159' title='bbox 1822 2329 2151 2383; x_wconf 82' lang='lat' dir='ltr'><strong>reverentia</strong></span> <span class='ocrx_word' id='word_1_160' title='bbox 2205 2328 2402 2384; x_wconf 81' lang='lat' dir='ltr'><strong>debita</strong></span> <span class='ocrx_word' id='word_1_161' title='bbox 2460 2336 2521 2385; x_wconf 91' lang='lat' dir='ltr'><strong>et</strong></span> <span class='ocrx_word' id='word_1_162' title='bbox 2545 2336 2656 2387; x_wconf 86' lang='lat' dir='ltr'><strong>The</strong></span> <span class='ocrx_word' id='word_1_163' title='bbox 2679 2335 2855 2387; x_wconf 82' lang='lat' dir='ltr'><strong>Abbot</strong></span> 
     </span>
     <span class='ocr_line' id='line_1_20' title="bbox 421 2410 2774 2485; baseline 0.001 -19"><span class='ocrx_word' id='word_1_164' title='bbox 421 2412 678 2484; x_wconf 77' lang='lat' dir='ltr'><strong>perlecta</strong></span> <span class='ocrx_word' id='word_1_165' title='bbox 709 2413 925 2477; x_wconf 77' lang='lat' dir='ltr'><strong>littera,</strong></span> <span class='ocrx_word' id='word_1_166' title='bbox 952 2412 1264 2467; x_wconf 76' lang='lat' dir='ltr'><strong>informare</strong></span> <span class='ocrx_word' id='word_1_167' title='bbox 1298 2410 1594 2467; x_wconf 71' lang='lat' dir='ltr'><strong>nitebatur</strong></span> <span class='ocrx_word' id='word_1_168' title='bbox 1625 2419 1688 2468; x_wconf 88' lang='lat' dir='ltr'><strong>et</strong></span> <span class='ocrx_word' id='word_1_169' title='bbox 1720 2429 2084 2467; x_wconf 88' lang='lat' dir='ltr'><strong>commonere</strong></span> <span class='ocrx_word' id='word_1_170' title='bbox 2120 2430 2239 2478; x_wconf 70' lang='lat' dir='ltr'><strong>eoa,</strong></span> <span class='ocrx_word' id='word_1_171' title='bbox 2267 2413 2519 2485; x_wconf 76' lang='lat' dir='ltr'><strong>qualiter</strong></span> <span class='ocrx_word' id='word_1_172' title='bbox 2542 2410 2774 2480; x_wconf 68' lang='lat' dir='ltr'>0¹P0⁶t¹¹5</span> 
     </span>
     <span class='ocr_line' id='line_1_21' title="bbox 423 2469 2817 2587; baseline 0 -35"><span class='ocrx_word' id='word_1_173' title='bbox 423 2496 615 2552; x_wconf 76' lang='lat' dir='ltr'><strong>omnia</strong></span> <span class='ocrx_word' id='word_1_174' title='bbox 660 2497 804 2552; x_wconf 76' lang='lat' dir='ltr'><strong>talia.</strong></span> <span class='ocrx_word' id='word_1_175' title='bbox 848 2496 1169 2569; x_wconf 75' lang='lat' dir='ltr'><strong>perplacita</strong></span> <span class='ocrx_word' id='word_1_176' title='bbox 1214 2496 1377 2551; x_wconf 80' lang='lat' dir='ltr'><strong>fuere</strong></span> <span class='ocrx_word' id='word_1_177' title='bbox 1426 2513 1667 2552; x_wconf 83' lang='lat' dir='ltr'><strong>suorum</strong></span> <span class='ocrx_word' id='word_1_178' title='bbox 1712 2501 1949 2568; x_wconf 74' lang='lat' dir='ltr'><strong>patrum</strong></span> <span class='ocrx_word' id='word_1_179' title='bbox 1995 2497 2354 2569; x_wconf 72' lang='lat' dir='ltr'><strong>temporibus</strong></span> <span class='ocrx_word' id='word_1_180' title='bbox 2400 2502 2515 2553; x_wconf 87' lang='lat' dir='ltr'><strong>ter-</strong></span> <span class='ocrx_word' id='word_1_181' title='bbox 2542 2469 2817 2587; x_wconf 46' lang='lat' dir='ltr'><strong>{ssze‘i&#39;nffl</strong></span> 
     </span>
     <span class='ocr_line' id='line_1_22' title="bbox 422 2579 2854 2667; baseline 0.001 -32"><span class='ocrx_word' id='word_1_182' title='bbox 422 2581 659 2646; x_wconf 78' lang='lat' dir='ltr'><strong>minata,</strong></span> <span class='ocrx_word' id='word_1_183' title='bbox 710 2587 773 2637; x_wconf 88' lang='lat' dir='ltr'><strong>et</strong></span> <span class='ocrx_word' id='word_1_184' title='bbox 824 2581 1029 2636; x_wconf 82' lang='lat' dir='ltr'><strong>exinde</strong></span> <span class='ocrx_word' id='word_1_185' title='bbox 1077 2580 1386 2636; x_wconf 88' lang='lat' dir='ltr'><strong>recordum</strong></span> <span class='ocrx_word' id='word_1_186' title='bbox 1438 2597 1567 2636; x_wconf 79' lang='lat' dir='ltr'><strong>esse</strong></span> <span class='ocrx_word' id='word_1_187' title='bbox 1620 2579 1777 2652; x_wconf 77' lang='lat' dir='ltr'><strong>apud</strong></span> <span class='ocrx_word' id='word_1_188' title='bbox 1827 2580 2409 2637; x_wconf 75' lang='lat' dir='ltr'><strong>westmonasterium</strong></span> <span class='ocrx_word' id='word_1_189' title='bbox 2456 2582 2517 2637; x_wconf 89' lang='lat' dir='ltr'><strong>in</strong></span> <span class='ocrx_word' id='word_1_190' title='bbox 2540 2610 2702 2667; x_wconf 52' lang='lat' dir='ltr'><strong>genn,</strong></span> <span class='ocrx_word' id='word_1_191' title='bbox 2725 2618 2779 2654; x_wconf 55' lang='lat' dir='ltr'><strong>a,</strong></span> <span class='ocrx_word' id='word_1_192' title='bbox 2799 2611 2854 2653; x_wconf 84' lang='lat' dir='ltr'><strong>to</strong></span> 
     </span>
     <span class='ocr_line' id='line_1_23' title="bbox 422 2663 2767 2739; baseline 0 -20"><span class='ocrx_word' id='word_1_193' title='bbox 422 2665 631 2721; x_wconf 75' lang='lat' dir='ltr'><strong>rotulis</strong></span> <span class='ocrx_word' id='word_1_194' title='bbox 667 2666 884 2739; x_wconf 77' lang='lat' dir='ltr'><strong>regii33</strong></span> <span class='ocrx_word' id='word_1_195' title='bbox 924 2665 1077 2720; x_wconf 88' lang='lat' dir='ltr'><strong>unde</strong></span> <span class='ocrx_word' id='word_1_196' title='bbox 1107 2664 1279 2737; x_wconf 78' lang='lat' dir='ltr'><strong>juxta</strong></span> <span class='ocrx_word' id='word_1_197' title='bbox 1301 2664 1464 2735; x_wconf 81' lang='lat' dir='ltr'><strong>leges</strong></span> <span class='ocrx_word' id='word_1_198' title='bbox 1489 2664 1680 2736; x_wconf 82' lang='lat' dir='ltr'><strong>regni,</strong></span> <span class='ocrx_word' id='word_1_199' title='bbox 1708 2663 2033 2737; x_wconf 78' lang='lat' dir='ltr'><strong>antiquitus</strong></span> <span class='ocrx_word' id='word_1_200' title='bbox 2056 2665 2323 2732; x_wconf 76' lang='lat' dir='ltr'><strong>usitatas,</strong></span> <span class='ocrx_word' id='word_1_201' title='bbox 2362 2683 2516 2722; x_wconf 76' lang='lat' dir='ltr'><strong>asse·</strong></span> <span class='ocrx_word' id='word_1_202' title='bbox 2541 2670 2626 2721; x_wconf 84' lang='lat' dir='ltr'><strong>the</strong></span> <span class='ocrx_word' id='word_1_203' title='bbox 2649 2685 2767 2720; x_wconf 86' lang='lat' dir='ltr'><strong>con-</strong></span> 
     </span>
     <span class='ocr_line' id='line_1_24' title="bbox 422 2738 2758 2856; baseline 0.001 -52"><span class='ocrx_word' id='word_1_204' title='bbox 422 2749 545 2805; x_wconf 88' lang='lat' dir='ltr'><strong>ruit</strong></span> <span class='ocrx_word' id='word_1_205' title='bbox 577 2767 677 2806; x_wconf 79' lang='lat' dir='ltr'><strong>eos</strong></span> <span class='ocrx_word' id='word_1_206' title='bbox 712 2749 942 2804; x_wconf 91' lang='lat' dir='ltr'><strong>nullum</strong></span> <span class='ocrx_word' id='word_1_207' title='bbox 986 2747 1089 2820; x_wconf 82' lang='lat' dir='ltr'><strong>jus</strong></span> <span class='ocrx_word' id='word_1_208' title='bbox 1140 2748 1237 2804; x_wconf 73' lang='lat' dir='ltr'><strong>vel</strong></span> <span class='ocrx_word' id='word_1_209' title='bbox 1292 2747 1578 2804; x_wconf 78' lang='lat' dir='ltr'><strong>clameum</strong></span> <span class='ocrx_word' id='word_1_210' title='bbox 1630 2747 1846 2803; x_wconf 79' lang='lat' dir='ltr'><strong>habere</strong></span> <span class='ocrx_word' id='word_1_211' title='bbox 1896 2748 2107 2804; x_wconf 85' lang='lat' dir='ltr'><strong>debere</strong></span> <span class='ocrx_word' id='word_1_212' title='bbox 2155 2749 2216 2804; x_wconf 90' lang='lat' dir='ltr'><strong>in</strong></span> <span class='ocrx_word' id='word_1_213' title='bbox 2251 2750 2519 2807; x_wconf 78' lang='lat' dir='ltr'><strong>omnibus</strong></span> <span class='ocrx_word' id='word_1_214' title='bbox 2540 2744 2674 2856; x_wconf 45' lang='grc' dir='ltr'><strong>ἔξω</strong></span> <span class='ocrx_word' id='word_1_215' title='bbox 2697 2738 2758 2787; x_wconf 81' lang='lat' dir='ltr'><strong>0f</strong></span> 
     </span>
     <span class='ocr_line' id='line_1_25' title="bbox 424 2804 2830 2906; baseline 0 -18"><span class='ocrx_word' id='word_1_216' title='bbox 424 2851 553 2905; x_wconf 78' lang='lat' dir='ltr'><strong>quae</strong></span> <span class='ocrx_word' id='word_1_217' title='bbox 592 2834 885 2906; x_wconf 72' lang='lat' dir='ltr'><strong>petebant.</strong></span> <span class='ocrx_word' id='word_1_218' title='bbox 959 2833 1248 2889; x_wconf 77' lang='lat' dir='ltr'><strong>Ricardue</strong></span> <span class='ocrx_word' id='word_1_219' title='bbox 1295 2832 1369 2887; x_wconf 89' lang='lat' dir='ltr'><strong>de</strong></span> <span class='ocrx_word' id='word_1_220' title='bbox 1404 2831 1809 2904; x_wconf 74' lang='lat' dir='ltr'><strong>Walyngford‚</strong></span> <span class='ocrx_word' id='word_1_221' title='bbox 1861 2833 2123 2888; x_wconf 90' lang='lat' dir='ltr'><strong>omnium</strong></span> <span class='ocrx_word' id='word_1_222' title='bbox 2164 2834 2516 2905; x_wconf 85' lang='lat' dir='ltr'><strong>prolocutor,</strong></span> <span class='ocrx_word' id='word_1_223' title='bbox 2600 2820 2628 2855; x_wconf 66' lang='lat' dir='ltr'><strong>e</strong></span> <span class='ocrx_word' id='word_1_224' title='bbox 2649 2804 2830 2855; x_wconf 53' lang='lat' dir='ltr'><strong>Lena·</strong></span> 
     </span>
     <span class='ocr_line' id='line_1_26' title="bbox 423 2916 2520 2990; baseline 0.001 -18"><span class='ocrx_word' id='word_1_225' title='bbox 423 2917 723 2990; x_wconf 81' lang='lat' dir='ltr'><strong>respondit</strong></span> <span class='ocrx_word' id='word_1_226' title='bbox 755 2917 829 2973; x_wconf 74' lang='lat' dir='ltr'><strong>ad</strong></span> <span class='ocrx_word' id='word_1_227' title='bbox 861 2918 1006 2983; x_wconf 79' lang='lat' dir='ltr'><strong>haec,</strong></span> <span class='ocrx_word' id='word_1_228' title='bbox 1039 2917 1238 2973; x_wconf 77' lang='lat' dir='ltr'><strong>dicens</strong></span> <span class='ocrx_word' id='word_1_229' title='bbox 1273 2934 1608 2973; x_wconf 83' lang='lat' dir='ltr'><strong>communes</strong></span> <span class='ocrx_word' id='word_1_230' title='bbox 1637 2916 1766 2988; x_wconf 77' lang='lat' dir='ltr'><strong>jam</strong></span> <span class='ocrx_word' id='word_1_231' title='bbox 1799 2935 1907 2989; x_wconf 91' lang='lat' dir='ltr'><strong>pro</strong></span> <span class='ocrx_word' id='word_1_232' title='bbox 1942 2923 2204 2990; x_wconf 85' lang='lat' dir='ltr'><strong>tempore</strong></span> <span class='ocrx_word' id='word_1_233' title='bbox 2234 2918 2520 2974; x_wconf 78' lang='lat' dir='ltr'><strong>dominari</strong></span> 
     </span>
     <span class='ocr_line' id='line_1_27' title="bbox 424 3001 2520 3076; baseline 0.001 -19"><span class='ocrx_word' id='word_1_234' title='bbox 424 3002 605 3074; x_wconf 79' lang='lat' dir='ltr'><strong>leges,</strong></span> <span class='ocrx_word' id='word_1_235' title='bbox 644 3003 877 3076; x_wconf 75' lang='lat' dir='ltr'><strong>penitus</strong></span> <span class='ocrx_word' id='word_1_236' title='bbox 919 3019 1034 3058; x_wconf 92' lang='lat' dir='ltr'><strong>non</strong></span> <span class='ocrx_word' id='word_1_237' title='bbox 1080 3020 1305 3067; x_wconf 77' lang='lat' dir='ltr'><strong>curare,</strong></span> <span class='ocrx_word' id='word_1_238' title='bbox 1355 3019 1463 3057; x_wconf 88' lang='lat' dir='ltr'><strong>nec</strong></span> <span class='ocrx_word' id='word_1_239' title='bbox 1509 3001 1765 3058; x_wconf 76' lang='lat' dir='ltr'><strong>rationes</strong></span> <span class='ocrx_word' id='word_1_240' title='bbox 1814 3002 1961 3058; x_wconf 78' lang='lat' dir='ltr'><strong>tales</strong></span> <span class='ocrx_word' id='word_1_241' title='bbox 1997 3002 2150 3058; x_wconf 79' lang='lat' dir='ltr'><strong>velle</strong></span> <span class='ocrx_word' id='word_1_242' title='bbox 2184 3004 2282 3059; x_wconf 81' lang='lat' dir='ltr'><strong>vel</strong></span> <span class='ocrx_word' id='word_1_243' title='bbox 2318 3021 2520 3076; x_wconf 85' lang='lat' dir='ltr'><strong>expec-</strong></span> 
     </span>
     <span class='ocr_line' id='line_1_28' title="bbox 425 3084 2517 3159; baseline 0.001 -18"><span class='ocrx_word' id='word_1_244' title='bbox 425 3092 552 3142; x_wconf 76' lang='lat' dir='ltr'><strong>tare</strong></span> <span class='ocrx_word' id='word_1_245' title='bbox 574 3087 672 3143; x_wconf 84' lang='lat' dir='ltr'><strong>vel</strong></span> <span class='ocrx_word' id='word_1_246' title='bbox 707 3094 1010 3159; x_wconf 78' lang='lat' dir='ltr'><strong>acceptare</strong></span> <span class='ocrx_word' id='word_1_247' title='bbox 1030 3090 1163 3154; x_wconf 80' lang='lat'>3—-“</span> <span class='ocrx_word' id='word_1_248' title='bbox 1191 3085 1382 3155; x_wconf 79' lang='lat' dir='ltr'><strong>Qum-e</strong></span> <span class='ocrx_word' id='word_1_249' title='bbox 1404 3084 1707 3152; x_wconf 76' lang='lat' dir='ltr'><strong>consu10,&#39;&#39;</strong></span> <span class='ocrx_word' id='word_1_250' title='bbox 1742 3087 1953 3159; x_wconf 83' lang='lat' dir='ltr'><strong>inquit,</strong></span> <span class='ocrx_word' id='word_1_251' title='bbox 1997 3090 2037 3114; x_wconf 77' lang='lat'><strong>‘⁴</strong></span> <span class='ocrx_word' id='word_1_252' title='bbox 2062 3105 2186 3152; x_wconf 81' lang='lat' dir='ltr'><strong>vos,</strong></span> <span class='ocrx_word' id='word_1_253' title='bbox 2215 3093 2276 3143; x_wconf 88' lang='lat' dir='ltr'><strong>et</strong></span> <span class='ocrx_word' id='word_1_254' title='bbox 2298 3088 2517 3153; x_wconf 87' lang='lat' dir='ltr'><strong>hortor,</strong></span> 
     </span>
    </p>

    <p class='ocr_par' dir='ltr' id='par_1_10' title="bbox 429 3170 2519 3244">
     <span class='ocr_line' id='line_1_29' title="bbox 429 3170 2519 3244; baseline 0 -18"><span class='ocrx_word' id='word_1_255' title='bbox 429 3174 466 3196; x_wconf 81' lang='lat'><strong>‘⁴</strong></span> <span class='ocrx_word' id='word_1_256' title='bbox 504 3188 577 3226; x_wconf 90' lang='lat' dir='ltr'><strong>ne</strong></span> <span class='ocrx_word' id='word_1_257' title='bbox 614 3170 997 3243; x_wconf 73' lang='lat' dir='ltr'><strong>quovismodo</strong></span> <span class='ocrx_word' id='word_1_258' title='bbox 1019 3171 1494 3227; x_wconf 77' lang='lat' dir='ltr'><strong>communitatem</strong></span> <span class='ocrx_word' id='word_1_259' title='bbox 1533 3189 1877 3243; x_wconf 76' lang='lat' dir='ltr'><strong>exasperare</strong></span> <span class='ocrx_word' id='word_1_260' title='bbox 1918 3172 2193 3239; x_wconf 81' lang='lat' dir='ltr'><strong>tentetis;</strong></span> <span class='ocrx_word' id='word_1_261' title='bbox 2234 3190 2365 3244; x_wconf 78' lang='lat' dir='ltr'><strong>quae</strong></span> <span class='ocrx_word' id='word_1_262' title='bbox 2389 3173 2519 3228; x_wconf 90' lang='lat' dir='ltr'><strong>nul·</strong></span> 
     </span>
    </p>
   </div>
   <div class='ocr_carea' id='block_1_9' title="bbox 429 3254 2521 3329">
    <p class='ocr_par' dir='ltr' id='par_1_11' title="bbox 429 3254 2521 3329">
     <span class='ocr_line' id='line_1_30' title="bbox 429 3254 2521 3329; baseline 0.001 -19"><span class='ocrx_word' id='word_1_263' title='bbox 429 3257 466 3282; x_wconf 76' lang='lat'><strong>‘⁸</strong></span> <span class='ocrx_word' id='word_1_264' title='bbox 504 3255 734 3313; x_wconf 75' lang='lat' dir='ltr'><strong>latenus</strong></span> <span class='ocrx_word' id='word_1_265' title='bbox 788 3262 881 3313; x_wconf 78' lang='lat' dir='ltr'><strong>est</strong></span> <span class='ocrx_word' id='word_1_266' title='bbox 915 3254 1188 3321; x_wconf 76' lang='lat' dir='ltr'><strong>sedanda,</strong></span> <span class='ocrx_word' id='word_1_267' title='bbox 1241 3254 1424 3311; x_wconf 90' lang='lat' dir='ltr'><strong>donec</strong></span> <span class='ocrx_word' id='word_1_268' title='bbox 1473 3262 1684 3310; x_wconf 76' lang='lat' dir='ltr'><strong>cuncta</strong></span> <span class='ocrx_word' id='word_1_269' title='bbox 1731 3274 1862 3326; x_wconf 74' lang='lat' dir='ltr'><strong>qum</strong></span> <span class='ocrx_word' id='word_1_270' title='bbox 1909 3262 2104 3313; x_wconf 87' lang='lat' dir='ltr'><strong>mento</strong></span> <span class='ocrx_word' id='word_1_271' title='bbox 2140 3264 2521 3329; x_wconf 75' lang='lat' dir='ltr'><strong>conceperant</strong></span> 
     </span>
    </p>
   </div>
   <div class='ocr_carea' id='block_1_10' title="bbox 1268 3503 1688 3558">
    <p class='ocr_par' dir='ltr' id='par_1_12' title="bbox 1268 3503 1688 3558">
     <span class='ocr_line' id='line_1_31' title="bbox 1268 3503 1688 3558; baseline -0.002 0"><span class='ocrx_word' id='word_1_272' title='bbox 1268 3503 1688 3558; x_wconf 67' lang='lat' dir='ltr'><strong>Tmsmnox.</strong></span> 
     </span>
    </p>
   </div>
   <div class='ocr_carea' id='block_1_11' title="bbox 427 3602 2515 3756">
    <p class='ocr_par' dir='ltr' id='par_1_13' title="bbox 427 3602 2515 3756">
     <span class='ocr_line' id='line_1_32' title="bbox 497 3602 2515 3678; baseline -0.001 -14"><span class='ocrx_word' id='word_1_273' title='bbox 497 3612 534 3636; x_wconf 89' lang='lat'><strong>“</strong></span> <span class='ocrx_word' id='word_1_274' title='bbox 560 3607 721 3678; x_wconf 82' lang='lat' dir='ltr'><strong>Very</strong></span> <span class='ocrx_word' id='word_1_275' title='bbox 758 3607 898 3662; x_wconf 80' lang='lat' dir='ltr'><strong>dear</strong></span> <span class='ocrx_word' id='word_1_276' title='bbox 933 3604 995 3660; x_wconf 88' lang='lat' dir='ltr'><strong>in</strong></span> <span class='ocrx_word' id='word_1_277' title='bbox 1031 3602 1314 3660; x_wconf 76' lang='lat' dir='ltr'><strong>God--At</strong></span> <span class='ocrx_word' id='word_1_278' title='bbox 1357 3602 1459 3660; x_wconf 80' lang='lat' dir='ltr'><strong>the</strong></span> <span class='ocrx_word' id='word_1_279' title='bbox 1506 3603 1751 3675; x_wconf 87' lang='lat' dir='ltr'><strong>petition</strong></span> <span class='ocrx_word' id='word_1_280' title='bbox 1800 3603 1866 3658; x_wconf 84' lang='lat' dir='ltr'><strong>of</strong></span> <span class='ocrx_word' id='word_1_281' title='bbox 1907 3621 2015 3661; x_wconf 87' lang='lat' dir='ltr'><strong>our</strong></span> <span class='ocrx_word' id='word_1_282' title='bbox 2049 3603 2295 3660; x_wconf 76' lang='lat' dir='ltr'><strong>beloved</strong></span> <span class='ocrx_word' id='word_1_283' title='bbox 2330 3605 2515 3677; x_wconf 78' lang='lat' dir='ltr'><strong>lieges</strong></span> 
     </span>
     <span class='ocr_line' id='line_1_33' title="bbox 427 3686 2513 3756; baseline -0.001 -8"><span class='ocrx_word' id='word_1_284' title='bbox 427 3696 464 3719; x_wconf 88' lang='lat'>“</span> <span class='ocrx_word' id='word_1_285' title='bbox 503 3693 568 3748; x_wconf 77' lang='lat' dir='ltr'><strong>os</strong></span> <span class='ocrx_word' id='word_1_286' title='bbox 612 3691 714 3748; x_wconf 87' lang='lat' dir='ltr'><strong>the</strong></span> <span class='ocrx_word' id='word_1_287' title='bbox 749 3696 902 3747; x_wconf 76' lang='lat' dir='ltr'><strong>town</strong></span> <span class='ocrx_word' id='word_1_288' title='bbox 962 3690 1030 3744; x_wconf 83' lang='lat' dir='ltr'><strong>of</strong></span> <span class='ocrx_word' id='word_1_289' title='bbox 1075 3688 1245 3744; x_wconf 73' lang='lat' dir='ltr'><strong>Saint</strong></span> <span class='ocrx_word' id='word_1_290' title='bbox 1288 3687 1551 3753; x_wconf 61' lang='lat' dir='ltr'><strong>Albense,</strong></span> <span class='ocrx_word' id='word_1_291' title='bbox 1613 3704 1702 3742; x_wconf 82' lang='lat' dir='ltr'><strong>we</strong></span> <span class='ocrx_word' id='word_1_292' title='bbox 1738 3686 1813 3741; x_wconf 92' lang='lat' dir='ltr'><strong>do</strong></span> <span class='ocrx_word' id='word_1_293' title='bbox 1859 3687 1983 3743; x_wconf 86' lang='lat' dir='ltr'><strong>will</strong></span> <span class='ocrx_word' id='word_1_294' title='bbox 2030 3686 2146 3743; x_wconf 80' lang='lat' dir='ltr'><strong>and</strong></span> <span class='ocrx_word' id='word_1_295' title='bbox 2192 3691 2513 3756; x_wconf 74' lang='lat' dir='ltr'><strong>command,</strong></span> 
     </span>
    </p>
   </div>
   <div class='ocr_carea' id='block_1_12' title="bbox 427 3770 2518 3846">
    <p class='ocr_par' dir='ltr' id='par_1_14' title="bbox 427 3770 2518 3846">
     <span class='ocr_line' id='line_1_34' title="bbox 427 3770 2518 3846; baseline -0.002 -14"><span class='ocrx_word' id='word_1_296' title='bbox 427 3780 464 3803; x_wconf 90' lang='grc'>“</span> <span class='ocrx_word' id='word_1_297' title='bbox 504 3776 632 3832; x_wconf 72' lang='lat' dir='ltr'><strong>that</strong></span> <span class='ocrx_word' id='word_1_298' title='bbox 664 3777 889 3831; x_wconf 77' lang='lat' dir='ltr'><strong>certam</strong></span> <span class='ocrx_word' id='word_1_299' title='bbox 935 3773 1198 3829; x_wconf 77' lang='lat' dir='ltr'><strong>charters</strong></span> <span class='ocrx_word' id='word_1_300' title='bbox 1244 3772 1423 3843; x_wconf 85' lang='lat' dir='ltr'><strong>being</strong></span> <span class='ocrx_word' id='word_1_301' title='bbox 1460 3771 1524 3827; x_wconf 89' lang='lat' dir='ltr'><strong>in</strong></span> <span class='ocrx_word' id='word_1_302' title='bbox 1558 3788 1710 3842; x_wconf 77' lang='lat' dir='ltr'><strong>your</strong></span> <span class='ocrx_word' id='word_1_303' title='bbox 1755 3770 2028 3842; x_wconf 87' lang='lat' dir='ltr'><strong>keeping,</strong></span> <span class='ocrx_word' id='word_1_304' title='bbox 2079 3772 2249 3828; x_wconf 74' lang='lat' dir='ltr'><strong>made</strong></span> <span class='ocrx_word' id='word_1_305' title='bbox 2296 3772 2373 3846; x_wconf 83' lang='lat' dir='ltr'><strong>by</strong></span> <span class='ocrx_word' id='word_1_306' title='bbox 2410 3790 2518 3829; x_wconf 89' lang='lat' dir='ltr'><strong>our</strong></span> 
     </span>
    </p>
   </div>
   <div class='ocr_carea' id='block_1_13' title="bbox 428 3854 2517 3933">
    <p class='ocr_par' dir='ltr' id='par_1_15' title="bbox 428 3854 2517 3933">
     <span class='ocr_line' id='line_1_35' title="bbox 428 3854 2517 3933; baseline 0.001 -21"><span class='ocrx_word' id='word_1_307' title='bbox 428 3865 464 3887; x_wconf 79' lang='lat'><strong>‘⁴</strong></span> <span class='ocrx_word' id='word_1_308' title='bbox 502 3860 858 3933; x_wconf 81' lang='lat' dir='ltr'><strong>progenitor,</strong></span> <span class='ocrx_word' id='word_1_309' title='bbox 897 3858 1063 3929; x_wconf 86' lang='lat' dir='ltr'><strong>King</strong></span> <span class='ocrx_word' id='word_1_310' title='bbox 1100 3857 1325 3928; x_wconf 83' lang='lat' dir='ltr'><strong>Henry,</strong></span> <span class='ocrx_word' id='word_1_311' title='bbox 1363 3861 1507 3912; x_wconf 87' lang='lat' dir='ltr'><strong>unto</strong></span> <span class='ocrx_word' id='word_1_312' title='bbox 1540 3854 1641 3911; x_wconf 86' lang='lat' dir='ltr'><strong>the</strong></span> <span class='ocrx_word' id='word_1_313' title='bbox 1676 3855 1992 3926; x_wconf 69' lang='lat' dir='ltr'><strong>burgenses</strong></span> <span class='ocrx_word' id='word_1_314' title='bbox 2029 3856 2144 3911; x_wconf 81' lang='lat' dir='ltr'><strong>and</strong></span> <span class='ocrx_word' id='word_1_315' title='bbox 2177 3856 2331 3928; x_wconf 87' lang='lat' dir='ltr'><strong>good</strong></span> <span class='ocrx_word' id='word_1_316' title='bbox 2365 3858 2517 3914; x_wconf 74' lang='lat' dir='ltr'><strong>solks</strong></span> 
     </span>
    </p>
   </div>
   <div class='ocr_carea' id='block_1_14' title="bbox 426 3938 2519 4608">
    <p class='ocr_par' dir='ltr' id='par_1_16' title="bbox 426 3938 2519 4608">
     <span class='ocr_line' id='line_1_36' title="bbox 427 3938 2514 4015; baseline -0.002 -15"><span class='ocrx_word' id='word_1_317' title='bbox 427 3950 464 3973; x_wconf 81' lang='lat'><strong>‘⁶</strong></span> <span class='ocrx_word' id='word_1_318' title='bbox 502 3945 569 4001; x_wconf 80' lang='lat' dir='ltr'><strong>of</strong></span> <span class='ocrx_word' id='word_1_319' title='bbox 594 3945 698 4000; x_wconf 85' lang='lat' dir='ltr'><strong>the</strong></span> <span class='ocrx_word' id='word_1_320' title='bbox 721 3944 850 4000; x_wconf 78' lang='lat' dir='ltr'><strong>said</strong></span> <span class='ocrx_word' id='word_1_321' title='bbox 873 3948 1045 4007; x_wconf 78' lang='lat' dir='ltr'><strong>town,</strong></span> <span class='ocrx_word' id='word_1_322' title='bbox 1082 3942 1149 3997; x_wconf 84' lang='lat' dir='ltr'><strong>of</strong></span> <span class='ocrx_word' id='word_1_323' title='bbox 1178 3958 1460 4005; x_wconf 89' lang='lat' dir='ltr'><strong>common,</strong></span> <span class='ocrx_word' id='word_1_324' title='bbox 1497 3938 1611 3994; x_wconf 80' lang='lat' dir='ltr'><strong>and</strong></span> <span class='ocrx_word' id='word_1_325' title='bbox 1642 3939 1711 3993; x_wconf 82' lang='lat' dir='ltr'><strong>of</strong></span> <span class='ocrx_word' id='word_1_326' title='bbox 1737 3945 1996 4011; x_wconf 70' lang='lat' dir='ltr'><strong>past-ure,</strong></span> <span class='ocrx_word' id='word_1_327' title='bbox 2032 3939 2147 3995; x_wconf 75' lang='lat' dir='ltr'><strong>and</strong></span> <span class='ocrx_word' id='word_1_328' title='bbox 2181 3941 2248 3996; x_wconf 82' lang='lat' dir='ltr'><strong>of</strong></span> <span class='ocrx_word' id='word_1_329' title='bbox 2263 3940 2514 4015; x_wconf 77' lang='lat' dir='ltr'><strong>piscary,</strong></span> 
     </span>
     <span class='ocr_line' id='line_1_37' title="bbox 427 4022 2517 4096; baseline -0.002 -11"><span class='ocrx_word' id='word_1_330' title='bbox 427 4037 463 4058; x_wconf 81' lang='lat'><strong>⁴·</strong></span> <span class='ocrx_word' id='word_1_331' title='bbox 502 4029 618 4085; x_wconf 72' lang='lat' dir='ltr'><strong>aud</strong></span> <span class='ocrx_word' id='word_1_332' title='bbox 674 4030 741 4084; x_wconf 85' lang='lat' dir='ltr'><strong>of</strong></span> <span class='ocrx_word' id='word_1_333' title='bbox 792 4026 1014 4084; x_wconf 75' lang='lat' dir='ltr'><strong>certain</strong></span> <span class='ocrx_word' id='word_1_334' title='bbox 1065 4026 1234 4082; x_wconf 88' lang='lat' dir='ltr'><strong>other</strong></span> <span class='ocrx_word' id='word_1_335' title='bbox 1280 4022 1682 4081; x_wconf 81' lang='lat' dir='ltr'><strong>commodities</strong></span> <span class='ocrx_word' id='word_1_336' title='bbox 1729 4024 2043 4096; x_wconf 75' lang='lat' dir='ltr'><strong>expressed</strong></span> <span class='ocrx_word' id='word_1_337' title='bbox 2101 4025 2165 4079; x_wconf 89' lang='lat' dir='ltr'><strong>in</strong></span> <span class='ocrx_word' id='word_1_338' title='bbox 2209 4024 2310 4080; x_wconf 90' lang='lat' dir='ltr'><strong>the</strong></span> <span class='ocrx_word' id='word_1_339' title='bbox 2358 4044 2517 4081; x_wconf 80' lang='lat' dir='ltr'><strong>same</strong></span> 
     </span>
     <span class='ocr_line' id='line_1_38' title="bbox 427 4107 2517 4181; baseline -0.002 -12"><span class='ocrx_word' id='word_1_340' title='bbox 427 4118 464 4141; x_wconf 86' lang='lat'><em>“</em></span> <span class='ocrx_word' id='word_1_341' title='bbox 502 4114 782 4178; x_wconf 76' lang='lat' dir='ltr'><strong>charters,</strong></span> <span class='ocrx_word' id='word_1_342' title='bbox 834 4131 899 4168; x_wconf 72' lang='lat' dir='ltr'><strong>aa</strong></span> <span class='ocrx_word' id='word_1_343' title='bbox 945 4111 1087 4181; x_wconf 82' lang='lat' dir='ltr'><strong>they</strong></span> <span class='ocrx_word' id='word_1_344' title='bbox 1135 4127 1258 4181; x_wconf 75' lang='lat' dir='ltr'><strong>say,</strong></span> <span class='ocrx_word' id='word_1_345' title='bbox 1303 4126 1422 4181; x_wconf 79' lang='lat' dir='ltr'><strong>you</strong></span> <span class='ocrx_word' id='word_1_346' title='bbox 1467 4108 1543 4163; x_wconf 89' lang='lat' dir='ltr'><strong>do</strong></span> <span class='ocrx_word' id='word_1_347' title='bbox 1594 4107 1795 4177; x_wconf 77' lang='lat' dir='ltr'><strong>[cause</strong></span> <span class='ocrx_word' id='word_1_348' title='bbox 1832 4114 1892 4164; x_wconf 86' lang='lat' dir='ltr'><strong>to</strong></span> <span class='ocrx_word' id='word_1_349' title='bbox 1928 4108 2001 4164; x_wconf 89' lang='lat' dir='ltr'><strong>be</strong></span> <span class='ocrx_word' id='word_1_350' title='bbox 2036 4108 2335 4164; x_wconf 82' lang='lat' dir='ltr'><strong>delivered</strong></span> <span class='ocrx_word' id='word_1_351' title='bbox 2375 4116 2517 4165; x_wconf 76' lang='lat' dir='ltr'><strong>unto</strong></span> 
     </span>
     <span class='ocr_line' id='line_1_39' title="bbox 426 4190 2507 4267; baseline -0.003 -12"><span class='ocrx_word' id='word_1_352' title='bbox 426 4203 463 4226; x_wconf 89' lang='lat'>“</span> <span class='ocrx_word' id='word_1_353' title='bbox 499 4199 600 4255; x_wconf 87' lang='lat' dir='ltr'><strong>the</strong></span> <span class='ocrx_word' id='word_1_354' title='bbox 655 4196 783 4255; x_wconf 75' lang='lat' dir='ltr'><strong>said</strong></span> <span class='ocrx_word' id='word_1_355' title='bbox 817 4196 1132 4267; x_wconf 82' lang='lat' dir='ltr'><strong>burgessee</strong></span> <span class='ocrx_word' id='word_1_356' title='bbox 1185 4193 1299 4248; x_wconf 79' lang='lat' dir='ltr'><strong>and</strong></span> <span class='ocrx_word' id='word_1_357' title='bbox 1333 4191 1487 4264; x_wconf 89' lang='lat' dir='ltr'><strong>good</strong></span> <span class='ocrx_word' id='word_1_358' title='bbox 1523 4190 1724 4260; x_wconf 80' lang='lat' dir='ltr'><strong>folke],</strong></span> <span class='ocrx_word' id='word_1_359' title='bbox 1774 4191 2088 4264; x_wconf 79' lang='lat' dir='ltr'><strong>according</strong></span> <span class='ocrx_word' id='word_1_360' title='bbox 2136 4210 2201 4247; x_wconf 80' lang='lat' dir='ltr'><strong>as</strong></span> <span class='ocrx_word' id='word_1_361' title='bbox 2253 4192 2363 4248; x_wconf 79' lang='lat' dir='ltr'><strong>law</strong></span> <span class='ocrx_word' id='word_1_362' title='bbox 2393 4192 2507 4249; x_wconf 83' lang='lat' dir='ltr'><strong>and</strong></span> 
     </span>
     <span class='ocr_line' id='line_1_40' title="bbox 426 4276 2519 4355; baseline -0.002 -17"><span class='ocrx_word' id='word_1_363' title='bbox 426 4286 463 4309; x_wconf 81' lang='lat'><strong>‘⁸</strong></span> <span class='ocrx_word' id='word_1_364' title='bbox 501 4283 665 4355; x_wconf 86' lang='lat' dir='ltr'><strong>right</strong></span> <span class='ocrx_word' id='word_1_365' title='bbox 695 4281 842 4339; x_wconf 78' lang='lat' dir='ltr'><strong>shall</strong></span> <span class='ocrx_word' id='word_1_366' title='bbox 877 4279 1148 4350; x_wconf 80' lang='lat' dir='ltr'><strong>require3</strong></span> <span class='ocrx_word' id='word_1_367' title='bbox 1186 4277 1317 4334; x_wconf 75' lang='lat' dir='ltr'><strong>that</strong></span> <span class='ocrx_word' id='word_1_368' title='bbox 1362 4295 1427 4332; x_wconf 81' lang='lat' dir='ltr'><strong>so</strong></span> <span class='ocrx_word' id='word_1_369' title='bbox 1472 4276 1613 4348; x_wconf 81' lang='lat' dir='ltr'><strong>they</strong></span> <span class='ocrx_word' id='word_1_370' title='bbox 1661 4294 1797 4349; x_wconf 78' lang='lat' dir='ltr'><strong>may</strong></span> <span class='ocrx_word' id='word_1_371' title='bbox 1832 4277 1981 4332; x_wconf 75' lang='lat' dir='ltr'><strong>have</strong></span> <span class='ocrx_word' id='word_1_372' title='bbox 2028 4294 2104 4332; x_wconf 92' lang='lat' dir='ltr'><strong>no</strong></span> <span class='ocrx_word' id='word_1_373' title='bbox 2151 4277 2380 4347; x_wconf 86' lang='lat' dir='ltr'><strong>ground</strong></span> <span class='ocrx_word' id='word_1_374' title='bbox 2427 4278 2519 4333; x_wconf 83' lang='lat' dir='ltr'><strong>for</strong></span> 
     </span>
     <span class='ocr_line' id='line_1_41' title="bbox 427 4360 2517 4439; baseline -0.003 -16"><span class='ocrx_word' id='word_1_375' title='bbox 427 4372 464 4395; x_wconf 73' lang='lat'><strong>‘⁴</strong></span> <span class='ocrx_word' id='word_1_376' title='bbox 502 4366 895 4439; x_wconf 83' lang='lat' dir='ltr'><strong>complaining</strong></span> <span class='ocrx_word' id='word_1_377' title='bbox 953 4363 1245 4419; x_wconf 80' lang='lat' dir='ltr'><strong>hereafter</strong></span> <span class='ocrx_word' id='word_1_378' title='bbox 1315 4365 1456 4417; x_wconf 78' lang='lat' dir='ltr'><strong>unto</strong></span> <span class='ocrx_word' id='word_1_379' title='bbox 1525 4378 1595 4416; x_wconf 80' lang='lat' dir='ltr'><strong>us</strong></span> <span class='ocrx_word' id='word_1_380' title='bbox 1671 4361 1763 4415; x_wconf 80' lang='lat' dir='ltr'><strong>for</strong></span> <span class='ocrx_word' id='word_1_381' title='bbox 1832 4361 1976 4416; x_wconf 81' lang='lat' dir='ltr'><strong>such</strong></span> <span class='ocrx_word' id='word_1_382' title='bbox 2037 4378 2230 4415; x_wconf 73' lang='lat' dir='ltr'><strong>cause.</strong></span> <span class='ocrx_word' id='word_1_383' title='bbox 2325 4360 2517 4418; x_wconf 83' lang='lat' dir='ltr'><strong>Given</strong></span> 
     </span>
     <span class='ocr_line' id='line_1_42' title="bbox 427 4443 2514 4521; baseline -0.002 -14"><span class='ocrx_word' id='word_1_384' title='bbox 427 4455 464 4478; x_wconf 80' lang='lat'><strong>‘⁸</strong></span> <span class='ocrx_word' id='word_1_385' title='bbox 503 4451 689 4507; x_wconf 89' lang='lat' dir='ltr'><strong>under</strong></span> <span class='ocrx_word' id='word_1_386' title='bbox 724 4469 832 4507; x_wconf 92' lang='lat' dir='ltr'><strong>our</strong></span> <span class='ocrx_word' id='word_1_387' title='bbox 868 4449 1064 4521; x_wconf 81' lang='lat' dir='ltr'><strong>signet</strong></span> <span class='ocrx_word' id='word_1_388' title='bbox 1098 4453 1160 4503; x_wconf 79' lang='lat' dir='ltr'><strong>at</strong></span> <span class='ocrx_word' id='word_1_389' title='bbox 1196 4444 1456 4511; x_wconf 89' lang='lat' dir='ltr'><strong>London,</strong></span> <span class='ocrx_word' id='word_1_390' title='bbox 1494 4445 1596 4500; x_wconf 85' lang='lat' dir='ltr'><strong>the</strong></span> <span class='ocrx_word' id='word_1_391' title='bbox 1631 4445 1897 4500; x_wconf 82' lang='lat' dir='ltr'><strong>fifteenth</strong></span> <span class='ocrx_word' id='word_1_392' title='bbox 1935 4443 2049 4516; x_wconf 77' lang='lat' dir='ltr'><strong>day</strong></span> <span class='ocrx_word' id='word_1_393' title='bbox 2086 4445 2153 4501; x_wconf 82' lang='lat' dir='ltr'><strong>of</strong></span> <span class='ocrx_word' id='word_1_394' title='bbox 2194 4445 2370 4513; x_wconf 85' lang='lat' dir='ltr'><strong>June,</strong></span> <span class='ocrx_word' id='word_1_395' title='bbox 2412 4447 2514 4502; x_wconf 88' lang='lat' dir='ltr'><strong>the</strong></span> 
     </span>
     <span class='ocr_line' id='line_1_43' title="bbox 426 4527 1385 4608; baseline -0.008 -16"><span class='ocrx_word' id='word_1_396' title='bbox 426 4541 464 4564; x_wconf 85' lang='lat'><strong>·‘</strong></span> <span class='ocrx_word' id='word_1_397' title='bbox 503 4536 704 4593; x_wconf 86' lang='lat' dir='ltr'><strong>fourth</strong></span> <span class='ocrx_word' id='word_1_398' title='bbox 737 4553 879 4608; x_wconf 75' lang='lat' dir='ltr'><strong>year</strong></span> <span class='ocrx_word' id='word_1_399' title='bbox 915 4534 981 4590; x_wconf 83' lang='lat' dir='ltr'><strong>of</strong></span> <span class='ocrx_word' id='word_1_400' title='bbox 1010 4550 1119 4589; x_wconf 90' lang='lat' dir='ltr'><strong>our</strong></span> <span class='ocrx_word' id='word_1_401' title='bbox 1152 4527 1385 4602; x_wconf 87' lang='lat' dir='ltr'><strong>reign.’&#39;</strong></span> 
     </span>
    </p>
   </div>
   <div class='ocr_carea' id='block_1_15' title="bbox 709 4669 890 4677">
    <p class='ocr_par' dir='ltr' id='par_1_17' title="bbox 709 4669 890 4677">
     <span class='ocr_line' id='line_1_44' title="bbox 709 4669 890 4677; baseline 0 940"><span class='ocrx_word' id='word_1_402' title='bbox 709 4669 890 4677; x_wconf 95' lang='lat' dir='ltr'><strong> </strong></span> 
     </span>
    </p>
   </div>
   <div class='ocr_carea' id='block_1_16' title="bbox 1009 4662 2341 4674">
    <p class='ocr_par' dir='ltr' id='par_1_18' title="bbox 1009 4662 2341 4674">
     <span class='ocr_line' id='line_1_45' title="bbox 1009 4662 2341 4674; baseline -0.008 1"><span class='ocrx_word' id='word_1_403' title='bbox 1009 4667 1078 4674; x_wconf 66' lang='lat' dir='ltr'><em>a—·-—</em></span> <span class='ocrx_word' id='word_1_404' title='bbox 1103 4670 1112 4673; x_wconf 40' lang='grc' dir='ltr'><strong>Ἢ</strong></span> <span class='ocrx_word' id='word_1_405' title='bbox 1143 4668 1154 4672; x_wconf 87' lang='grc'>-</span> <span class='ocrx_word' id='word_1_406' title='bbox 1181 4668 1188 4673; x_wconf 88' lang='grc'>-</span> <span class='ocrx_word' id='word_1_407' title='bbox 1207 4665 1370 4672; x_wconf 50' lang='grc' dir='ltr'><strong>-..Μ--..-</strong></span> <span class='ocrx_word' id='word_1_408' title='bbox 1395 4662 1723 4670; x_wconf 65' lang='lat'><strong>-——--—-—--——-·—</strong></span> <span class='ocrx_word' id='word_1_409' title='bbox 1766 4662 2125 4669; x_wconf 64' lang='lat'><strong>--—-..-.-.--.-...</strong></span> <span class='ocrx_word' id='word_1_410' title='bbox 2154 4662 2211 4669; x_wconf 45' lang='grc' dir='ltr'><strong>ἡ,</strong></span> <span class='ocrx_word' id='word_1_411' title='bbox 2236 4664 2241 4668; x_wconf 93' lang='grc'><strong>,</strong></span> <span class='ocrx_word' id='word_1_412' title='bbox 2260 4663 2341 4670; x_wconf 68' lang='grc'><strong>-,,,</strong></span> 
     </span>
    </p>
   </div>
   <div class='ocr_carea' id='block_1_17' title="bbox 536 4762 2391 4840">
    <p class='ocr_par' dir='ltr' id='par_1_19' title="bbox 536 4762 2391 4840">
     <span class='ocr_line' id='line_1_46' title="bbox 536 4762 2391 4840; baseline -0.002 -15"><span class='ocrx_word' id='word_1_413' title='bbox 536 4770 550 4807; x_wconf 80' lang='lat'><strong>¹</strong></span> <span class='ocrx_word' id='word_1_414' title='bbox 578 4771 815 4840; x_wconf 75' lang='lat' dir='ltr'><strong>supplied</strong></span> <span class='ocrx_word' id='word_1_415' title='bbox 838 4771 968 4822; x_wconf 76' lang='lat' dir='ltr'><strong>from</strong></span> <span class='ocrx_word' id='word_1_416' title='bbox 993 4762 1125 4821; x_wconf 85' lang='lat' dir='ltr'><strong>Bibl.</strong></span> <span class='ocrx_word' id='word_1_417' title='bbox 1150 4767 1276 4834; x_wconf 82' lang='lat' dir='ltr'><strong>Reg.</strong></span> <span class='ocrx_word' id='word_1_418' title='bbox 1299 4772 1357 4818; x_wconf 78' lang='lat'><strong>13</strong></span> <span class='ocrx_word' id='word_1_419' title='bbox 1372 4766 1432 4818; x_wconf 84' lang='grc' dir='ltr'><strong>Ε.</strong></span> <span class='ocrx_word' id='word_1_420' title='bbox 1456 4764 1528 4818; x_wconf 79' lang='lat' dir='ltr'><strong>ix.</strong></span> <span class='ocrx_word' id='word_1_421' title='bbox 1549 4784 1566 4827; x_wconf 68' lang='grc' dir='ltr'><strong>ς</strong></span> <span class='ocrx_word' id='word_1_422' title='bbox 1599 4764 1807 4818; x_wconf 79' lang='lat' dir='ltr'><strong>omitted</strong></span> <span class='ocrx_word' id='word_1_423' title='bbox 1831 4763 1886 4815; x_wconf 88' lang='lat' dir='ltr'><strong>in</strong></span> <span class='ocrx_word' id='word_1_424' title='bbox 1910 4764 1997 4818; x_wconf 81' lang='lat' dir='ltr'><strong>the</strong></span> <span class='ocrx_word' id='word_1_425' title='bbox 2019 4764 2218 4832; x_wconf 82' lang='lat' dir='ltr'><strong>printed</strong></span> <span class='ocrx_word' id='word_1_426' title='bbox 2242 4774 2391 4821; x_wconf 69' lang='lat' dir='ltr'><strong>texte.</strong></span> 
     </span>
    </p>
   </div>
  </div>
 </body>
</html>
