3300 5617
1144 804 1470 856 merom
1512 804 1933 855 asemon-m.
2462 794 2584 858 251

124 990 253 1044 MS.
279 993 448 1047 Harl.
501 992 541 1018 ‘⁶
579 995 641 1046 et
691 992 1057 1048 concordiam
1106 992 1260 1047 inter
1306 991 1501 1062 Reges
1547 993 1821 1064 praefatos
1856 993 2174 1048 reformare
2209 1009 2325 1048 non
2357 993 2591 1064 poterit,
2616 1001 2752 1056 Aa).
2779 1010 2920 1057 1343.

127 1064 253 1109 555·
501 1077 804 1148 “treugae
838 1076 1215 1132 nihilominus
1241 1094 1427 1147 usque
1463 1077 1537 1132 ad
1572 1078 1888 1133 terminum
1923 1078 2076 1134 infra
2108 1079 2366 1150 positum
2399 1094 2591 1149 perse-

126 1126 541 1271 burgfffid
525 1161 798 1225 ‘verent,
826 1167 888 1216 et
908 1161 1153 1218 firmiter
1177 1161 1251 1216 ab
1276 1159 1626 1232 ¹[omnibus]
1655 1169 2084 1218 conserventur.
2134 1161 2233 1218 Ad
2256 1163 2429 1216 finem
2454 1179 2592 1232 quo-

130 1275 220 1324 p,p
241 1265 398 1314 397-
526 1246 694 1315 ‘que
730 1245 918 1311 illum,
965 1245 1121 1316 quod
1168 1246 1406 1316 negotia
1440 1247 1776 1318 supradicta
1810 1247 2111 1303 meliorem
2158 1247 2593 1318 plenioremque

135 1331 260 1379 400.
503 1331 543 1357 “
583 1330 901 1386 sortiantur
954 1330 1244 1395 effectum,
1296 1331 1686 1387 concedantur
1726 1339 1947 1403 treugae
1982 1331 2092 1387 'ad
2128 1332 2345 1387 festum
2395 1331 2592 1386 Sancti

503 1416 543 1441 ‘⁴
581 1413 888 1471 Michaelis
912 1416 976 1470 in
998 1432 1196 1470 mense
1224 1414 1552 1486 Septembri
1575 1416 1839 1486 proximo
1864 1417 2145 1481 futurum,
2174 1422 2235 1471 et
2257 1434 2292 1470 a
2314 1416 2465 1471 festo
2490 1415 2593 1470 illo

503 1500 543 1525 ‘⁶
579 1515 767 1569 usque
802 1499 878 1555 ad
912 1500 1087 1555 finem
1140 1500 1321 1554 trium
1368 1516 1651 1553 annorum
1703 1500 1965 1570 proximo
2015 1500 2401 1571 sequentium,
2439 1500 2594 1555 inter

501 1584 541 1609 “
579 1583 886 1654 proedictos
922 1583 1117 1654 Reges
1152 1582 1388 1653 Angliae
1424 1590 1485 1638 et
1519 1583 1803 1649 Francise,
1840 1583 2102 1654 ’Regem
2139 1583 2368 1648 Scotiae,
2399 1581 2590 1639 Comi·

502 1667 542 1693 “
580 1672 700 1721 tem
734 1666 1039 1732 Hauoniae,
1082 1668 1278 1723 Duces
1326 1667 1660 1723 Brabantioe
1708 1673 1769 1722 et
1825 1666 2036 1732 Gelrae,
2086 1667 2484 1722 Marchionem
2520 1667 2593 1722 de

502 1753 542 1778 “
582 1749 816 1816 Gillers,
845 1750 1161 1807 Dominum
1180 1751 1219 1805 J
1221 1750 1505 1806 ohannem
1529 1752 1602 1807 de
1626 1751 1917 1817 Hanonia,
1939 1758 2000 1807 et
2023 1757 2258 1822 gentem
2280 1752 2590 1817 Flandriae‚

501 1837 541 1862 “
578 1852 891 1905 omnesque
949 1836 1035 1890 eis
1095 1835 1456 1891 adhaerentes
1515 1836 1578 1890 in
1627 1836 1895 1891 omnibus
1959 1835 2128 1891 terris
2194 1837 2505 1891 eorundem
2559 1854 2598 1891 a

501 1921 540 1946 “
576 1925 835 1992 tempore
885 1920 1036 1976 datae
1094 1929 1437 1990 treugarum
1496 1920 1892 1991 praesentium,
1955 1938 2060 1991 per
2122 1927 2306 1975 totum
2363 1927 2594 1991 tempus

500 2005 539 2030 ‘⁸
577 2005 994 2075 supradictum.
1094 2005 1363 2077 Insuper,
1427 2003 1554 2059 Rex
1615 2004 1845 2068 Scotiae,
1899 2003 2109 2059 Comes
2163 2004 2466 2069 Hanoniae,
2534 2009 2594 2060 et

497 2088 537 2113 ‘⁸
575 2088 749 2143 dictis
786 2088 1049 2160 Regibus
1086 2089 1284 2143 oaeteri
1334 2087 1559 2143 nobiles
1610 2088 1859 2157 alligati,
1898 2088 2138 2144 mittant
2175 2089 2417 2143 nuncios
2455 2106 2590 2143 suos

496 2174 535 2199 “
573 2171 649 2227 ad
700 2172 938 2228 Curiam
984 2173 1306 2244 praefatam,
1358 2190 1492 2227 cum
1541 2177 1830 2243 potestate
1881 2172 2279 2227 consentiendi
2330 2179 2391 2228 et
2438 2173 2589 2227 affir-

495 2259 534 2283 “
572 2256 788 2322 mandi,
829 2256 1148 2312 secundum
1182 2262 1498 2312 tractatum
1533 2271 1732 2312 coram
1768 2257 2018 2311 Domino
2043 2257 2204 2328 Papa
2239 2256 2587 2322 habendum,

494 2342 535 2368 “
571 2340 634 2395 in
672 2346 954 2411 quantum
990 2358 1089 2395 eos
1125 2342 1352 2404 attinet,
1381 2341 1532 2396 citra
1566 2341 1784 2396 festum
1821 2341 2020 2396 Sancti
2047 2341 2086 2395 J
2088 2341 2330 2396 ohannis
2369 2358 2589 2412 praeno·

494 2427 533 2451 ‘⁸
569 2430 787 2480 tatum:
829 2426 879 2481 si
915 2442 1054 2480 vero
1089 2425 1377 2480 dictorum
1411 2424 1698 2479 nobilium
1734 2425 1919 2496 aliqui
1953 2426 2215 2490 nuncios,
2241 2431 2310 2481 ut
2336 2426 2593 2496 praemit-

497 2511 535 2536 “
570 2510 735 2574 titur,
778 2510 853 2564 ad
889 2509 1131 2565 Curiam
1167 2509 1488 2564 Romanam
1537 2510 1775 2565 mittere
1811 2527 1926 2564 non
1962 2511 2315 2575 curaverint,
2355 2511 2592 2581 negotia

495 2595 534 2621 “
571 2593 906 2665 supradicta
939 2609 1307 2666 nequaquam
1342 2593 1415 2648 ob
1451 2594 1560 2648 hoc
1596 2600 1869 2649 maneant
1903 2594 2266 2665 prolongata.
2344 2591 2588 2649 Conser-

495 2678 533 2704 “
570 2683 781 2732 ventur
828 2695 1059 2749 quoque
1112 2677 1406 2749 praedictae
1459 2684 1686 2749 treugae
1737 2677 1800 2732 in
1848 2677 2156 2732 Britannia
2200 2677 2355 2732 inter
2389 2695 2591 2749 supra·

496 2763 533 2788 ‘⁴
571 2761 757 2817 dictos
795 2768 855 2818 et
890 2763 976 2817 eis
1027 2762 1409 2826 adhaerentes,
1458 2779 1790 2832 quanquam
1845 2762 1908 2816 in
1961 2761 2193 2817 Ducatu
2243 2761 2346 2816 illo
2386 2762 2489 2832 jus
2527 2779 2589 2817 se

494 2848 532 2873 ‘⁴
571 2846 824 2901 dixerint
867 2846 1185 2917 possidere.
1285 2845 1547 2900 Durante
1591 2863 1729 2900 vero
1764 2851 1994 2916 treuga,
2036 2845 2245 2902 civitas
2282 2844 2355 2900 de
2392 2845 2589 2901 Vanes

494 2933 532 2957 ‘⁶
569 2929 632 2985 in
666 2930 934 2985 manibus
971 2929 1389 2992 Oardinalium,
1428 2930 1662 2984 nomine
1704 2929 1940 2984 Domini
1982 2930 2176 3001 Papae,
2221 2928 2586 2995 detineatur-3

493 3017 532 3042 “
570 3014 901 3085 elapsisque
951 3014 1199 3084 treugis,
1254 3014 1326 3068 de
1374 3012 1518 3068 urbe
1570 3013 1675 3067 illa
1724 3031 1891 3068 suam
1939 3014 2158 3068 faciant
2207 3013 2585 3069 voluntatem.

494 3100 533 3126 ‘⁸
571 3097 913 3154 cardinales
988 3099 1228 3169 insuper
1286 3102 1481 3168 partes
1542 3115 1678 3152 suas
1738 3097 2053 3168 diligenter
2111 3103 2420 3170 apponant,
2482 3114 2590 3168 pro

494 3185 531 3210 ‘⁶
569 3182 931 3238 absolutione
998 3182 1465 3246 Flandrensium,
1526 3187 1586 3236 et
1654 3182 1957 3236 sententiis
2022 3199 2167 3252 quas
2217 3182 2591 3237 incurrerunt

494 3271 532 3296 “
570 3267 924 3333 amovendis,
990 3273 1068 3330 et,
1132 3265 1289 3337 quod
1346 3266 1445 3320 via
1497 3266 1647 3320 bona
1699 3273 1761 3320 et
1811 3266 2173 3321 rationabilis
2233 3266 2582 3330 inveniatur,

494 3355 533 3380 “
569 3353 798 3408 curiose
835 3352 1109 3407 studeant
1141 3351 1424 3405 laborare.
1519 3347 1729 3404 Comes
1767 3349 2077 3414 Flandriae,
2119 3351 2274 3406 sicut
2320 3350 2588 3405 dominus

493 3440 533 3465 “
571 3437 696 3493 sine
731 3437 943 3500 medi0,
983 3442 1045 3492 et
1077 3435 1307 3490 medius
1342 3434 1507 3490 velut
1542 3434 1825 3505 superior,
1862 3434 2109 3489 durante
2131 3441 2361 3505 treuga,
2400 3452 2586 3489 rema·

493 3524 533 3549 “
569 3528 704 3577 neat
730 3523 793 3576 in
816 3521 1131 3585 Flandria3
1169 3520 1256 3574 ita
1288 3525 1502 3584 tamen,
1533 3518 1690 3589 quod
1721 3518 1830 3573 hoc
1862 3519 1966 3573 fiat
1999 3519 2072 3574 de
2109 3535 2353 3575 assensu
2386 3519 2588 3591 populi

494 3609 532 3634 ‘⁴
570 3606 880 3661 Flandriae.
973 3605 1039 3660 Si
1084 3621 1226 3658 vero
1272 3603 1458 3673 aliqui
1504 3603 1568 3658 in
1604 3602 1933 3666 Wasconia,
1985 3603 2082 3658 vel
2129 3604 2290 3668 alibi,
2343 3604 2587 3659 durante

493 3693 532 3718 ‘⁴
569 3697 797 3762 treuga,
825 3690 1037 3746 vicinis
1063 3689 1188 3744 suis
1210 3686 1307 3742 vel
1331 3688 1586 3743 inimicis
1611 3688 1797 3758 partis
1821 3687 2066 3743 alterius
2095 3706 2370 3760 guerram
2407 3689 2588 3744 susci·

494 3777 532 3802 ‘⁶
570 3780 711 3838 tent,
734 3775 877 3830 dicti
902 3775 1097 3845 Reges
1121 3790 1227 3843 per
1253 3789 1334 3836 se,
1360 3771 1381 3804 ⁴
1398 3772 1495 3827 vel
1518 3789 1623 3844 per
1647 3771 1814 3834 alios,
1843 3771 2062 3828 directe
2087 3773 2181 3827 vel
2205 3772 2500 3834 indirecte,
2522 3791 2585 3827 se

494 3861 532 3886 “
570 3860 902 3916 nullatenus
943 3857 1353 3921 intromittant,
1379 3874 1487 3911 nec
1523 3856 1597 3911 ob
1624 3855 1736 3911 hoc
1771 3863 1999 3927 treugae
2033 3857 2266 3912 violatae
2303 3857 2421 3912 sint
2453 3855 2474 3886 ⁶
2489 3856 2584 3910 vel

493 3947 533 3972 “
572 3945 820 4001 infectae.
895 3943 1057 4000 Dicti
1081 3959 1222 3998 vero
1247 3941 1443 4012 Reges
1466 3945 1666 4011 partes
1704 3958 1841 4020 suas
1866 3940 2181 4012 diligenter
2217 3940 2341 3995 sine
2379 3939 2582 3996 fraude

495 4033 533 4057 “
571 4035 877 4102 apponant,
905 4045 1012 4084 nec
1036 4025 1211 4082 unius
1246 4026 1433 4098 partis
1458 4024 1735 4090 ⁶subditi,
1764 4023 2011 4078 durante
2049 4031 2275 4094 treuga,
2305 4025 2458 4095 parti
2498 4025 2581 4079 al-

494 4117 533 4143 “
570 4116 684 4171 teri
707 4115 771 4170 in
792 4112 1104 4170 Wasconia
1126 4117 1187 4166 et
1209 4110 1518 4165 Britannia
1540 4125 1818 4181 guerram
1841 4112 2113 4164 moveant
2138 4107 2540 4178 quoquomodo
2559 4132 2574 4176 ;

556 4291 572 4322 ¹
599 4288 841 4355 supplied
863 4288 994 4337 stom
1016 4286 1102 4337 the
1132 4285 1333 4351 printed
1355 4291 1491 4334 texts
1580 4286 1683 4335 and
1741 4283 1796 4333 in
1833 4280 2225 4348 Hemingburgh
2286 4284 2388 4334 and
2432 4282 2576 4336 Harl.

489 4371 550 4421 of
573 4368 946 4435 waldngm,
964 4367 1065 4417 and
1086 4365 1217 4415 stom
1239 4363 1489 4429 Heming·
1581 4369 1693 4414 655.
1814 4351 1825 4361 ’

491 4448 683 4514 burgh.
1643 4442 1664 4473 ⁴
1686 4458 1770 4491 nec
1791 4441 1846 4490 in
1869 4442 1956 4493 the
1976 4442 2178 4506 printed
2198 4449 2348 4494 texts.

552 4530 651 4578 'ut
700 4529 771 4578 ad
823 4528 879 4578 in
933 4526 1020 4577 the
1073 4524 1272 4589 printed
1315 4531 1486 4583 textu
1643 4520 2012 4572 “Omittedin
2051 4520 2138 4571 the
2175 4521 2577 4586 printedtexts3

486 4623 637 4674 usque
677 4608 749 4658 ad
812 4607 869 4657 in
940 4603 1332 4670 Hemingburgh
1386 4604 1489 4654 and
1578 4618 1665 4652 nec
1686 4601 1742 4651 in
1760 4600 2150 4667 Hemingburgh
2174 4604 2275 4652 and
2296 4602 2444 4652 Harl.
2465 4608 2577 4654 655.

490 4688 632 4738 Harl.
657 4691 770 4736 655.
1642 4684 1663 4710 ⁶
1683 4681 1871 4731 subdite
1910 4682 1964 4732 in
2009 4681 2176 4749 orig.;
2229 4683 2301 4749 by
2347 4682 2580 4733 inadver-

554 4768 574 4797 ³
594 4765 864 4834 Romaque
897 4764 953 4814 in
986 4764 1072 4815 the
1111 4763 1311 4829 printed
1339 4770 1488 4824 texte,
1578 4769 1734 4811 tence.
