3300 5617
1063 818 1390 868 msromA
1437 819 1852 870 AnechNA.
2380 807 2507 873 257

40 1010 156 1061 MS.
184 1012 346 1065 Harl,
409 1005 449 1029 “
488 1010 550 1058 et
594 1004 845 1075 publicis
906 1005 1165 1070 consiliis
1231 1008 1560 1077 opportuni,
1606 1007 1865 1061 studium
1914 1005 2209 1069 deserunt,
2273 1012 2509 1077 propter
2531 1008 2839 1062 A.D.1343.

40 1084 158 1192 ‘1355-
185 1145 199 1158 ‚
409 1089 448 1113 “
488 1089 865 1158 promotionis
926 1107 1198 1160 congruae
1261 1094 1456 1161 ¹spem
1516 1090 1787 1154 ablatam,
1849 1108 1979 1160 quae
2027 1089 2242 1144 divinoe
2292 1089 2507 1144 scimus

43 1150 338 1263 lepugffi'
407 1174 447 1196 “
484 1188 600 1225 non
647 1190 776 1226 esse
837 1172 1052 1243 placita
1109 1173 1418 1228 voluntati.
1519 1173 1853 1242 Quinimmo
1901 1190 2083 1244 grave
2130 1179 2397 1227 nostrum
2450 1181 2509 1228 et

41 1242 176 1341 Reg.
211 1286 278 1328 13
325 1254 338 1264 ⁰
407 1257 446 1279 “
485 1254 747 1309 fidelium
779 1262 1112 1311 nostrorum
1135 1262 1405 1311 versatur
1441 1255 1538 1312 ²in
1578 1256 1986 1328 praejudicium
2010 1262 2070 1311 et
2102 1256 2507 1312 inaestimabile

41 1343 102 1394 E..
131 1344 210 1395 ix.
406 1341 446 1363 “
485 1338 829 1408 periculum,
897 1340 1013 1395 nisi
1077 1357 1252 1411 super
1294 1340 1402 1395 hoc
1450 1340 1624 1395 citius
1680 1346 1739 1395 et
1792 1340 2114 1395 consultius
2176 1358 2503 1395 caveamus,

406 1424 446 1446 “
483 1420 639 1475 Nam
669 1422 770 1494 jus
807 1428 1186 1494 patronatus,-
1220 1423 1375 1494 quod
1422 1441 1526 1479 nos
1580 1428 1638 1477 et
1679 1423 1880 1477 fideles
1936 1425 2121 1478 nostri
2182 1424 2243 1477 in
2290 1423 2505 1478 talibus

406 1506 446 1530 ‘⁴
485 1504 813 1560 obtinemus
837 1506 1154 1570 beneficiis,
1178 1511 1519 1572 enervatum
1549 1505 1731 1561 Curia
1752 1513 1969 1571 nostra,
2002 1507 2065 1561 in
2090 1525 2208 1578 qua
2229 1506 2507 1561 duntaxat

405 1591 445 1614 “
485 1606 673 1643 causae
722 1607 898 1660 super
937 1590 1073 1662 jure
1107 1595 1446 1661 patronatus
1485 1590 1775 1645 dictorum
1814 1590 2229 1645 beneficiorum
2267 1591 2506 1645 tractari

406 1676 444 1697 ‘⁶
485 1671 712 1738 debent,
762 1672 1094 1739 deluditur3
1136 1680 1196 1728 et
1237 1674 1322 1729 sic
1351 1674 1491 1745 jura
1536 1691 1762 1729 coronae
1796 1681 2010 1729 nostrae
2056 1681 2179 1729 tam
2226 1675 2504 1746 probrose

406 1760 443 1782 ‘⁸
486 1774 659 1827 quam
697 1756 969 1812 damnose
1009 1758 1345 1830 depereunt,
1397 1765 1456 1813 et
1495 1758 1666 1828 regni
1716 1757 2025 1813 thesaurus
2065 1759 2140 1813 ad
2181 1765 2501 1823 extraneOS‚

407 1843 444 1866 ‘⁴
483 1858 557 1894 ne
603 1841 793 1896 dicam
848 1846 1075 1897 nostros
1116 1842 1453 1906 malevolos,
1500 1847 1851 1912 asportatur,
1899 1841 2104 1899 subtili
2142 1842 2339 1896 forsan
2371 1860 2503 1897 con-

406 1928 443 1950 “
477 1924 723 1994 jectura,
746 1930 806 1980 et
826 1924 996 1995 regni
1020 1924 1294 1996 depresso
1313 1925 1655 1990 sacerdotio,
1679 1930 1738 1979 et
1762 1924 1890 1995 ejus
1911 1924 2191 1980 exhausto
2209 1927 2501 1990 thesaure,

407 2012 443 2034 ‘⁴
482 2006 746 2064 redditur
767 2026 1017 2080 regnum
1041 2008 1265 2064 'debile
1289 2010 1353 2064 in
1375 2009 1658 2073 adversis,
1706 2026 1837 2079 quoe
1862 2009 2099 2080 singula
2134 2017 2195 2063 et
2236 2010 2352 2064 alia
2376 2028 2505 2081 qua)

406 2095 442 2118 ‘⁴
483 2109 551 2145 ex
607 2093 927 2164 praemissis
978 2099 1302 2164 sequuntur
1350 2091 1734 2156 incommoda,
1775 2092 2014 2147 fuerunt
2065 2110 2254 2163 nuper
2305 2111 2502 2147 coram

405 2178 440 2200 ‘²
480 2175 646 2231 nobis
698 2177 759 2231 in
811 2177 1205 2233 Parliamento
1258 2184 1455 2233 nostro
1505 2176 1767 2248 generali
1826 2175 1847 2206 ⁴
1864 2193 1970 2246 per
2030 2177 2505 2231 communitatem

402 2264 439 2285 ‘⁴
481 2259 622 2315 dicti
682 2261 850 2332 regni
909 2260 1104 2332 palam
1165 2263 1440 2333 exposita,
1493 2261 1754 2316 unanimi
1803 2266 1865 2316 et
1912 2260 2163 2315 ferventi
2226 2261 2505 2331 petitione

402 2346 439 2369 “
481 2343 806 2414 subjuncta,
871 2352 940 2400 ut
1014 2346 1310 2417 praedictis
1373 2344 1696 2417 dispendiis
1760 2362 1891 2415 quae
1958 2343 2289 2415 ⁵praedictae
2351 2362 2503 2399 com-

401 2432 437 2453 “
479 2429 750 2483 munitati
800 2429 1076 2485 videntur
1119 2429 1511 2485 intolerabilia
1568 2429 1839 2484 celeriter
1899 2446 2291 2483 occurramus.
2380 2427 2506 2483 Nos

400 2514 437 2537 ‘⁴
480 2518 674 2566 autem
697 2512 1041 2582 Anglicanae
1078 2511 1510 2584 depressionem
1547 2511 1848 2576 Ecclesiae,
1892 2517 1952 2567 et
1984 2511 2504 2567 exhaeredationem

401 2598 437 2620 ‘⁴
478 2593 736 2649 “coronae
782 2597 983 2666 regiae,
1036 2613 1103 2650 ac
1152 2595 1307 2650 mala
1353 2596 1634 2666 praedicta
1684 2614 1815 2666 quae
1864 2595 2235 2650 dissimulata
2282 2595 2505 2650 diutius

401 2682 438 2704 ‘⁸
479 2678 801 2749 adjicerent
845 2679 1250 2734 verisimiliter
1308 2680 1599 2749 graviora,
1651 2679 1852 2749 patulo
1913 2686 2216 2734 cernentes
2264 2679 2501 2744 intuitu,

401 2766 437 2787 ‘⁶
478 2761 552 2816 ad
575 2780 679 2817 vos
711 2780 1104 2817 successorem
1127 2762 1537 2832 Apostolorum
1563 2762 1875 2833 Principis,
1905 2762 2006 2833 qui
2032 2763 2107 2817 ad
2129 2762 2501 2834 pascendum,

401 2851 436 2871 ‘⁴
477 2863 591 2899 non
628 2845 703 2899 ad
739 2846 1113 2909 tondendum,
1146 2862 1283 2900 oves
1320 2845 1677 2910 Dominicas,
1705 2863 1773 2901 ac
1806 2846 1881 2901 ad
1917 2845 2356 2909 confirmandos,
2392 2864 2505 2900 non

401 2934 436 2955 ‘⁶
480 2928 554 2983 ad
595 2928 1020 3000 deprimendos,
1064 2929 1276 2984 fratres
1321 2947 1475 2992 suos,
1518 2928 1856 2984 mandatum
1893 2948 1928 2984 a
1965 2928 2201 2985 Christo
2226 2930 2501 2999 suscepit,

400 3017 437 3038 ‘⁴
478 3013 593 3067 ista
627 3011 962 3077 deferimus,
1001 3013 1216 3068 votivis
1252 3012 1555 3068 affectibus
1593 3013 2005 3084 supplicanteS,
2035 3020 2320 3083 quatenus
2356 3031 2502 3083 prae-

401 3100 438 3121 ‘⁴
479 3096 675 3151 missis
751 3095 946 3151 debite
1019 3096 1374 3168 ponderatim
1447 3114 1526 3150 ac·
1574 3097 1961 3161 considerato,
2027 3096 2183 3168 quod
2243 3097 2315 3151 de
2347 3163 2353 3169 ⁴
2368 3097 2504 3167 jure

401 3184 438 3204 “
479 3179 714 3233 creandi
765 3185 903 3235 sunt
952 3178 1024 3233 de
1073 3180 1205 3234 vico
1255 3178 1455 3251 populi
1507 3181 1910 3252 magistratus,
1952 3187 2028 3244 et,
2074 3180 2245 3252 juxta
2281 3180 2502 3235 dictum

402 3267 439 3288 ‘⁴
481 3262 805 3334 Prophetae,
845 3262 1020 3318 dandi
1058 3270 1195 3318 sunt
1243 3263 1316 3317 de
1351 3262 1643 3319 ⁷sedentis
1698 3263 1825 3319 loco
1875 3264 2075 3335 populi
2125 3264 2499 3328 ‘'munitorcs,

402 3350 439 3372 “
482 3347 636 3418 quod
659 3366 764 3419 per
804 3348 1005 3403 beatos
1045 3347 1356 3419 Apostolos
1394 3348 1616 3418 legitur
1640 3366 1769 3404 esse
1794 3350 2032 3414 factum,
2061 3348 2201 3403 dum
2226 3349 2501 3419 gentibus

401 3435 440 3457 ·‘
479 3432 635 3486 viros
678 3431 1014 3502 linguarum
1069 3449 1306 3486 suarum
1356 3431 1634 3486 habentes
1685 3433 1955 3487 notitiam
2014 3433 2498 3497 transmiserunt3

401 3518 439 3541 “
479 3520 720 3585 pensata
778 3516 954 3571 etiam
1026 3514 1349 3570 devotionis
1409 3515 1790 3586 plenitudine,
1856 3534 1972 3585 qua
2031 3516 2237 3570 domus
2297 3522 2501 3570 nostra

401 3601 439 3623 “
479 3598 662 3668 regia,
703 3604 764 3654 et
796 3598 989 3653 clerus
1027 3606 1087 3653 et
1120 3598 1369 3669 populus
1406 3597 1548 3653 dicti
1595 3600 1767 3669 regni
1802 3600 2186 3670 perstiterunt
2220 3599 2500 3654 hactenus

400 3685 438 3708 ‘⁸
481 3681 542 3735 in
576 3681 963 3737 obedientiam
998 3681 1170 3737 dictae
1198 3681 1385 3745 Sedis,
1425 3688 1663 3753 propter
1699 3682 1855 3753 quod
1888 3700 2005 3737 non
2038 3683 2280 3738 haberet
2312 3689 2504 3754 pater-

403 3769 440 3792 “
479 3784 590 3820 nus
627 3765 867 3820 affectus
921 3766 1008 3820 eis
1058 3782 1234 3819 onera
1286 3769 1347 3819 et
1399 3766 1741 3835 gravamina
1781 3766 2099 3830 cumulare,
2138 3764 2392 3829 ⁹velitis,
2433 3772 2500 3820 ut

402 3853 440 3875 ‘⁴
480 3856 646 3920 pater
681 3849 818 3904 filiis
853 3849 1273 3913 thesaurizans,
1330 3846 1370 3881 ¹⁰
1387 3848 1666 3903 alleviare
1718 3849 2007 3905 dictarum
2062 3850 2498 3920 impositionum

467 4078 479 4106 ι
505 4076 724 4140 speciem,
749 4076 894 4125 Harl,
922 4080 1033 4127 655,
1556 4065 1782 4114 “corouoe
1840 4071 2017 4112 nostroe
2068 4063 2122 4112 in
2169 4064 2253 4112 the
2297 4062 2496 4126 printed

464 4170 484 4198 2
508 4166 734 4216 Omitted
776 4166 830 4215 in
876 4167 962 4216 the
1004 4166 1206 4230 printed
1249 4172 1398 4225 texts,
1492 4149 1626 4191 texts
1649 4144 1752 4191 and
1774 4142 1908 4191 Bibl.
1933 4143 2060 4230 ‚Reg‘
2090 4146 2150 4189 13
2172 4141 2233 4229 Ε.
2258 4140 2331 4193 ix.

399 4247 542 4295 Harl.
570 4252 682 4304 655,
706 4248 807 4296 and
828 4246 964 4296 sibl.
990 4246 1115 4310 neg.
1147 4252 1205 4294 ιτς
1229 4246 1288 4296 Ε.
1308 4244 1380 4294 ix.
1558 4222 1575 4248 ⁷
1598 4218 1753 4269 Mem
1792 4217 1891 4269 ¹⁰⁶⁰
1928 4235 1983 4268 ¹¹¹
2017 4219 2103 4269 ὼε
2125 4221 2321 4282 Pnuted
2362 4226 2495 4269 text-‘³

465 4340 484 4368 ³
506 4336 709 4387 debilius
732 4336 786 4386 in
801 4337 886 4388 the
899 4336 1098 4401 printed
1119 4344 1254 4387 texts
1299 4337 1400 4384 and
1492 4299 1593 4404 aa?
1614 4297 1750 4387 βίῃ
1775 4298 1904 4388 Reg3
1930 4303 1990 4346 13
2014 4298 2073 4346 Ε·
2098 4297 2173 4385 ἰχῖ

1600 4383 1828 4425 vmztores
1877 4391 1931 4424 m
1968 4375 2055 4425 the
2098 4376 2298 4439 printed
2344 4382 2493 4435 texta,

397 4416 531 4466 Bibl‘
557 4417 685 4482 Reg'
708 4422 769 4466 ¹3
788 4417 947 4467 Eix‘
993 4508 1005 4520 .
1265 4506 1277 4517 ,
1491 4456 1591 4504 and
1605 4454 1963 4518 apparentlyin
1976 4453 2110 4503 Bibl.
2131 4454 2255 4517 Reg.
2272 4454 2494 4504 13E.ix.

465 4509 483 4538 ⁴
498 4525 595 4572 pro
628 4515 956 4559 communuate
991 4524 1046 4556 m
1082 4508 1166 4557 the
1204 4507 1400 4571 prmted
1556 4535 1577 4562 o
1598 4532 1825 4583 Omitted
1870 4532 1925 4582 in
1976 4531 2062 4581 the
2111 4530 2316 4595 printed
2360 4539 2494 4581 texts

397 4592 532 4637 texts
554 4589 654 4637 and
676 4586 813 4637 Bibl.
835 4587 962 4652 Reg.
993 4592 1053 4635 13
1076 4587 1136 4635 Ε.
1161 4586 1234 4636 ix.
1490 4612 1589 4660 and
1612 4610 1746 4663 Bibl·
1772 4611 1898 4675 ΗΕΒ.
1928 4615 1989 4658 13
2012 4610 2072 4658 E,
2090 4609 2163 4660 ix·

465 4681 485 4707 ⁵
506 4678 650 4728 dictoe
684 4678 738 4728 in
778 4679 863 4729 the
899 4678 1098 4743 printed
1133 4684 1267 4728 texts
1300 4678 1401 4728 and
1558 4690 1593 4719 Ι·
1613 4686 1850 4738 allevians
1883 4688 1936 4738 in
1988 4688 2074 4738 the
2118 4686 2316 4751 printed
2359 4696 2494 4738 texts

398 4757 533 4808 Bibl.
559 4758 684 4821 Reg.
715 4764 773 4807 13
800 4759 860 4807 Ε.
886 4757 959 4808 ix.
1490 4769 1588 4817 and
1613 4766 1748 4816 Bibl.
1774 4768 1900 4830 Reg.
1932 4772 1993 4815 13
2015 4766 2075 4815 Ε.
2102 4764 2174 4815 ix.

423 4864 442 4897 1
485 4876 508 4887 ,
1570 4888 1578 4902 ·
2178 4863 2225 4911 R
