3300 5617
398 2111 407 2122 ,
482 2061 669 2112 Wales.

797 787 883 850 50
1450 798 1545 848 ΤΗ
1545 796 1708 848 011AE
1752 793 2222 850 WALSmGEAu

470 992 537 1046 A.
540 994 606 1045 D.
629 995 775 1044 12⁹5.
802 989 866 1046 in
899 987 1179 1060 Angliam
1213 1005 1319 1061 per
1352 1003 1514 1043 mare
1546 985 1893 1043 transmisit.
1930 985 2307 1042 obsidionem
2340 1002 2482 1042 vero
2516 987 2714 1060 posuit
2747 986 2906 1043 circa

805 1080 1080 1139 casm,
1108 1074 1262 1146 quod
1283 1080 1417 1145 post
1434 1072 1559 1128 dies
1582 1079 1714 1128 octo
1737 1072 1911 1143 cepit,
1938 1070 1955 1104 ¹
1972 1071 2405 1143 Dominamque
2425 1072 2640 1144 Asperi
2664 1071 2902 1137 Montis,
2929 1057 3038 1107 MS·
3055 1057 3165 1111 Bm·

808 1160 913 1231 qui
962 1158 1146 1214 'illud
1180 1158 1528 1222 detinuerat,
1581 1174 1717 1212 cum
1770 1156 1904 1211 aliis
1956 1156 2237 1211 custodiae
2287 1156 2658 1228 mancipavit.
2743 1156 2905 1211 Duas
2929 1124 3082 1241 ἐξ
3073 1128 3125 1173 ¹³

807 1245 986 1299 etiam
1025 1243 1212 1314 galias
1245 1242 1689 1314 pulcherrimas,
1730 1257 1876 1311 quas
1926 1239 2001 1295 ad
2034 1241 2334 1295 munimen
2367 1240 2533 1295 urbis
2568 1240 2698 1295 Rex
2729 1240 2909 1295 Fran-

809 1344 1011 1382 corum
1048 1327 1283 1389 fecerat,
1310 1327 1375 1380 in
1409 1343 1582 1381 usum
1619 1342 1793 1380 suum
1830 1325 2073 1396 accepit.
2117 1323 2255 1379 Non
2289 1323 2543 1379 multum
2577 1341 2718 1380 vero
2754 1330 2904 1396 post,

809 1409 1040 1467 reddita
1073 1417 1165 1465 est
1196 1409 1468 1480 Anglicis
1503 1408 1647 1464 villa
1685 1408 1884 1464 Sancti
1922 1407 1962 1462 J
1963 1408 2206 1463 ohannis
2242 1407 2315 1462 de
2354 1407 2605 1474 Sorde33
2666 1407 2910 1463 multas-

811 1512 925 1566 que
962 1494 1107 1549 alias
1142 1493 1315 1548 villas
1352 1499 1413 1548 et
1447 1493 1802 1548 munitiones
1854 1498 2151 1564 ceperunt,
2218 1491 2569 1564 quibusdam
2606 1510 2671 1547 se
2706 1499 2908 1565 sponte

810 1578 1171 1643 dedentibus,
1213 1577 1561 1649 quibusdam
1596 1576 1882 1632 violenter
1918 1576 2194 1632 subactis.
2256 1576 2485 1632 Auctus
2521 1582 2614 1632 est
2645 1576 2710 1631 in
2743 1576 2906 1632 brevi

810 1662 1195 1733 Anglicorum
1229 1660 1251 1693 ³
1265 1662 1574 1726 exercitus,
1612 1659 1837 1726 multis,
1892 1660 2098 1716 fraude
2147 1662 2384 1731 cognita
2419 1659 2797 1724 Gallicorum,
2836 1660 2911 1715 ad

812 1746 1153 1801 fidelitatem
1205 1746 1390 1816 Regis
1439 1746 1676 1817 Angliae
1725 1746 1998 1810 reversis,
2049 1745 2072 1777 ⁴
2085 1745 2154 1800 id
2198 1750 2296 1812 est,
2351 1750 2601 1815 quatuor
2651 1745 2911 1802 millibus

812 1830 1093 1903 peditum,
1134 1831 1548 1902 equitibusque
1584 1829 1873 1886 ducentis.
2947 1823 2954 1832 ”

480 1927 667 1976 Trans-
883 1915 1010 1971 Rex
1043 1914 1277 1986 Angliae
1325 1931 1393 1970 eo
1440 1921 1719 1987 tempore,
1770 1914 2017 1970 transito
2075 1913 2314 1968 flumine
2360 1911 2435 1969 de
2484 1913 2786 1985 Conewey,
2847 1919 2916 1971 ut

482 1993 680 2044 actions
699 1995 754 2045 iu
813 1999 1061 2055 ulterius
1108 1999 1561 2070 progrederetur
1607 2000 1670 2054 in
1708 1999 2002 2062 Walliam,
2044 2015 2180 2053 cum
2228 1997 2487 2053 nondum
2532 2004 2691 2054 totus
2740 1998 2912 2054 comi·

811 2088 1036 2139 taretm·
1083 2084 1389 2147 exercitus,
1441 2084 1626 2155 captis
1663 2083 1819 2154 bigis
1868 2089 1930 2138 et
1973 2080 2243 2137 curribus
2290 2080 2643 2138 victualibus
2690 2084 2913 2138 onustis

812 2187 849 2223 a
869 2167 1281 2231 wallensibus,
1332 2183 1438 2238 per
1484 2165 1725 2238 aliquod
1769 2172 2000 2238 tempus
2046 2167 2294 2238 penuria
2339 2171 2667 2233 coartatum
2707 2167 2792 2223 ita
2824 2173 2910 2232 ut,

813 2267 1117 2323 quousque
1175 2251 1405 2306 veniret
1474 2250 1549 2304 ad
1594 2267 1730 2305 eum
1800 2249 2031 2321 reliqua
2111 2268 2249 2323 pars
2320 2252 2627 2317 exercitus,
2702 2269 2912 2322 aquam

815 2335 987 2390 melle
1022 2335 1263 2389 mixtam
1296 2333 1538 2399 biberet,
1576 2351 1841 2405 paneque
1874 2352 2008 2389 eum
2042 2334 2213 2390 salsis
2249 2334 2519 2391 carnibus
2559 2342 2910 2391 vesceretur.

818 2419 1027 2474 Comes
1080 2417 1374 2483 Warwici,
1426 2418 1625 2473 audito
1686 2418 1841 2489 quod
1895 2418 2220 2476 Wallenses
2282 2420 2346 2474 in
2405 2421 2660 2475 maxima
2718 2420 2914 2474 multi-

820 2502 1020 2558 tudine
1054 2502 1119 2556 in
1167 2501 1416 2573 quadam
1464 2501 1706 2574 planitie
1754 2503 1909 2557 inter
1963 2501 2079 2557 duo
2139 2520 2377 2558 nemora
2424 2521 2488 2559 se
2542 2503 2907 2568 adunassent,

819 2590 1120 2656 assumpta
1171 2602 1369 2640 secum
1424 2585 1611 2641 electa
1659 2585 1889 2650 militia,
1949 2604 2084 2641 cum
2124 2586 2443 2644 balistariis
2485 2594 2545 2645 et
2591 2588 2912 2659 sagittariis

819 2670 891 2724 de
929 2675 1096 2724 nocte
1145 2670 1574 2740 superveniens,
1628 2687 1727 2725 eos
1775 2669 2033 2741 undique
2081 2671 2499 2727 circumcinxit.
2599 2671 2731 2741 Qui,
2785 2672 2911 2726 fixis

818 2755 878 2808 in
914 2759 1074 2808 terra
1108 2753 1342 2818 lanceis,
1371 2754 1640 2826 cuspides
1678 2755 1740 2809 in
1776 2755 2107 2826 oppositum
2143 2756 2491 2811 irruentium
2525 2757 2809 2826 dirigunt,
2849 2761 2914 2811 ut

817 2839 903 2894 sic
940 2855 1002 2892 se
1038 2837 1111 2893 ab
1146 2839 1369 2909 impetu
1417 2840 1682 2909 equitum
1728 2844 2049 2895 tuerentur.
2127 2839 2246 2894 Sed
2289 2840 2520 2913 Comes,
2571 2842 2724 2896 inter
2772 2839 2913 2895 duos

818 2922 1044 2993 equites
1106 2923 1296 2994 posito
1341 2941 1457 2977 uno
1521 2922 1841 2988 balistari0‚
1911 2941 1978 2978 ac
2017 2923 2233 2995 jaculis
2275 2924 2621 2982 balistarum
2666 2924 2917 2994 ⁶magna

817 3011 983 3077 parte
1046 3024 1247 3061 eorum
1321 3008 1422 3078 qui
1497 3007 1727 3062 lanceas
1776 3007 2054 3062 tenebant
2123 3008 2450 3079 prostratis,
2526 3025 2662 3063 cum
2722 3015 2918 3063 turma

818 3090 1084 3160 equitum
1128 3091 1192 3144 in
1255 3091 1511 3161 reliquos
1573 3092 1822 3156 irruens,
1862 3097 2086 3147 tantam
2134 3097 2391 3162 stragem
2438 3092 2656 3157 intulit,
2703 3098 2918 3163 quanta

819 3175 904 3228 eis
951 3192 1069 3228 una
1106 3175 1235 3229 vice
1281 3174 1447 3229 illata
1484 3192 1597 3229 non
1645 3175 1904 3229 creditur
1949 3175 2308 3247 temporibus
2354 3177 2678 3232 retroactis.

482 3262 779 3314 Beaumaris
890 3257 1154 3322 Interim,
1194 3258 1319 3312 Rex
1353 3257 1605 3328 Anglioe,
1647 3258 1723 3313 ad
1769 3259 2213 3329 compescendas
2237 3258 2624 3315 Wallencium
2670 3260 2916 3315 insolen-

485 3328 655 3380 cmle
819 3343 951 3406 tias,
980 3348 1236 3397 castrum
1276 3344 1337 3396 in
1370 3342 1580 3407 insula,
1623 3361 1754 3414 quae
1798 3347 1836 3370 “
1863 3343 2246 3415 Angleseye”
2285 3343 2519 3408 dicitur,
2559 3345 2912 3409 construxit3

486 3396 628 3449 bunt·
823 3426 978 3497 quod
1005 3430 1043 3453 “
1070 3426 1301 3480 Bellum
1325 3426 1645 3481 Mariscum
1662 3428 1697 3451 '⁹
1721 3428 1915 3484 voluit
1937 3428 2236 3500 appellari.
2311 3429 2569 3483 Tandem
2593 3427 2916 3484 Wallenses

819 3510 1053 3581 reliqui,
1128 3511 1279 3564 fame
1369 3513 1700 3588 consumpti·
1768 3517 1828 3567 et
1897 3512 2108 3577 inedia,
2183 3511 2259 3567 ad
2325 3530 2528 3584 pacem
2600 3513 2785 3585 Regis
2854 3513 2917 3567 in

820 3595 985 3649 brevi
1031 3595 1231 3649 venire
1269 3600 1575 3666 coguntur.
1649 3595 1726 3650 In
1770 3597 1880 3651 hoc
1921 3603 2181 3668 tempore
2229 3597 2456 3651 succisa
2502 3604 2639 3651 sunt
2683 3613 2918 3652 nemora

819 3679 883 3733 in
928 3677 1161 3742 Wallia,
1204 3698 1335 3750 quae
1381 3679 1522 3735 belli
1586 3685 1846 3752 tempore
1906 3680 2200 3750 indigenis
2240 3681 2596 3752 praestabant
2639 3673 2886 3736 latibula
2897 3703 2912 3746 ;

819 3762 1161 3833 firmataque
1224 3769 1360 3818 sunt
1413 3770 1605 3818 castra
1664 3765 1961 3818 maritima
2007 3765 2163 3819 circa
2221 3764 2366 3820 loca.
2443 3765 2575 3820 Cito
2622 3771 2756 3837 post
2788 3766 2912 3829 hoo,

484 3824 668 3875 Madoe
818 3853 1022 3918 captus
1082 3854 1175 3902 est
1231 3847 1529 3912 Madocus,
1594 3848 1909 3919 praedictus
1982 3849 2316 3919 capitaneus
2386 3848 2785 3915 Wallicorum,
2859 3855 2918 3905 et

486 3892 724 4024 {arli‘sfflim
816 3929 1141 3986 Londonias
1191 3930 1508 3997 adductum
1573 3951 1609 3986 a
1676 3949 1790 4003 quo
1837 3939 2096 4004 tempore
2144 3949 2345 3989 werrae
2392 3935 2455 3989 in
2501 3934 2720 3990 Wallia
2758 3934 2913 4006 quie-

816 4020 1045 4079 verunt,
1073 4021 1133 4071 et
1154 4013 1479 4070 Wallenses
1516 4033 1675 4070 more
1708 4015 2093 4087 Anglicorum
2128 4034 2275 4089 pene
2305 4019 2505 4072 vivere
2541 4019 2908 4090 inceperunt3

816 4099 1120 4238 ghesauros
1192 4103 1632 4170 congreganteS,
1709 4105 1769 4155 et
1825 4117 2023 4155 rerum
2081 4101 2292 4156 damna
2348 4101 2420 4157 de
2467 4109 2676 4158 caetero
2709 4102 2914 4180 ¹formi-

861 4187 1041 4237 antes.

889 4539 901 4568 ¹
933 4535 1251 4601 Apparently
1294 4534 1492 4586 written
1548 4534 1822 4602 demumque
1980 4540 1999 4567 ³
2026 4541 2293 4590 excercitus
2315 4541 2371 4592 iu
2392 4540 2519 4606 orig.

822 4612 875 4661 in
899 4611 1025 4678 orig.
1978 4620 1997 4649 ⁴
2012 4621 2060 4667 in
2084 4628 2289 4683 quatuor
2311 4622 2365 4670 in
2391 4621 2476 4671 the
2496 4619 2694 4685 printed
2719 4626 2863 4670 texts.

888 4694 908 4721 ’·“
923 4694 971 4741 in
992 4700 1196 4756 quatuor
1217 4693 1274 4742 in
1294 4693 1380 4743 the
1410 4692 1609 4758 printed
1631 4699 1781 4744 texts.
1978 4695 1998 4723 ⁸
2015 4711 2182 4760 mayne
2200 4695 2255 4746 in
2276 4695 2401 4764 orig.
