3300 5617
813 762 943 830 2:38
1478 776 1735 827 'rueme
1779 775 2247 830 wammam

485 943 786 1004 A-D.1341.
817 961 853 985 “
892 960 1077 1015 tiones
1125 959 1386 1031 publicas
1435 960 1497 1016 in
1541 961 1687 1017 locis
1747 961 2134 1018 eminentibus
2196 959 2488 1018 faciendas
2535 977 2641 1031 per
2686 977 2790 1016 vos
2837 965 2902 1013 et
2923 963 3033 1016 HS.
3055 967 3161 1020 11an

817 1045 854 1070 ‘⁶
893 1050 1134 1100 caeteros
1181 1044 1499 1100 confratres
1523 1062 1591 1100 ac
1640 1045 2052 1116 suffraganeos
2098 1050 2348 1109 nostros,
2389 1044 2582 1116 palam
2627 1043 2900 1098 duximus
2922 1036 3032 1081 ⁶⁵⁵·
3053 1100 3065 1111 ,

816 1129 854 1153 “
891 1127 1157 1184 omnibus
1196 1127 1484 1193 intimare,
1525 1145 1599 1183 ne
1636 1129 1982 1199 ignorantiae
2019 1127 2301 1186 affectam
2332 1127 2609 1184 nebuloso
2645 1126 2894 1188 valeant,
2922 1098 3072 1229 ξφ

817 1214 854 1237 “
894 1210 995 1280 qui
1065 1228 1317 1281 nequam
1364 1217 1519 1277 sunt,
1576 1212 1914 1283 aliqualiter
1965 1229 2244 1268 excusare
2291 1217 2580 1283 praetextu
2631 1210 2902 1266 veritatis
2921 1246 2998 1295 pp,
3021 1205 3160 1283 373]

817 1298 854 1322 ‘⁶
895 1294 1233 1361 ¹occultatae,
1260 1300 1322 1350 et
1343 1301 1413 1351 ut
1433 1294 1602 1352 decet
1618 1296 1857 1351 minime
1875 1296 2207 1368 publicatis,
2231 1296 2337 1352 sed
2351 1302 2420 1352 ut
2442 1294 2665 1366 singuli
2687 1293 2898 1348 melius
2920 1303 3029 1348 880.

816 1381 853 1404 “
892 1378 1004 1434 sibi
1043 1385 1288 1436 caveant
1319 1397 1428 1450 pro
1462 1379 1679 1436 futuro.
1752 1379 1812 1434 N
1813 1385 1987 1436 ostrae
2035 1385 2230 1438 tamen
2268 1379 2608 1436 intentionis
2654 1395 2768 1436 non
2805 1395 2898 1432 ex·

816 1465 853 1487 “
890 1461 1036 1530 istit,
1077 1461 1392 1520 Dominum
1414 1469 1699 1528 nostrum,
1735 1462 1962 1533 Regem
1983 1462 2218 1534 Anglim
2241 1463 2552 1530 illustrem,
2587 1461 2896 1518 Dominam

816 1547 854 1571 “
892 1544 1201 1617 Reginam,
1266 1552 1370 1606 aut
1426 1547 1642 1604 liberos
1716 1546 2055 1614 eorundem,
2119 1546 2295 1606 dictis
2373 1547 2701 1612 sententiis,
2761 1543 2898 1601 'aut

817 1629 855 1655 ‘⁶
892 1628 1092 1700 aliqua
1144 1647 1366 1700 earum,
1434 1630 1675 1695 involvi,
1727 1648 1832 1689 seu
1881 1631 1991 1688 sub
2052 1629 2495 1690 denunciatione
2561 1629 2894 1702 hujusmodi

816 1714 854 1738 ‘⁴
891 1712 1321 1783 comprehendi,
1348 1720 1634 1785 quatenus
1660 1714 1733 1769 de
1747 1714 1885 1786 jure
1910 1714 2175 1772 excusari
2198 1719 2474 1786 poterunt
2495 1714 2557 1770 in
2579 1714 2689 1770 hac
2711 1717 2890 1785 parte.

817 1797 853 1822 ‘⁶
892 1794 1236 1856 Mandantes
1274 1804 1408 1866 ete..
1436 1803 1724 1870 quatenus
1761 1797 1910 1856 etc.'’
2856 1816 2872 1834 ·

881 1880 1070 1936 Tener
1104 1899 1244 1936 vero
1280 1882 1614 1953 hujusmodi
1649 1882 2052 1938 Articulorum
2087 1882 2224 1939 talis
2258 1889 2444 1940 est.-·

885 1967 923 1990 “
951 1963 1025 2020 In
1049 1964 1160 2021 Dei
1184 1966 1434 2031 nomine,
1467 1965 1674 2022 Amen.
1748 1966 1875 2022 Nos
1918 1966 1958 2022 J
1959 1967 2235 2034 ohannes,
2274 1966 2657 2038 permissione
2681 1964 2895 2028 divina,

815 2048 852 2074 “
890 2053 1001 2104 etc.
1077 2047 1291 2104 Omnes
1332 2056 1393 2105 et
1432 2049 1696 2120 singulos
1738 2052 1841 2121 qui
1883 2051 2159 2107 ecclesias
2205 2068 2314 2106 suo
2353 2050 2490 2121 jure
2531 2050 2782 2121 privare,
2807 2046 2902 2104 vel

814 2135 852 2159 ‘⁴
888 2148 995 2203 per
1017 2131 1302 2187 malitiam
1338 2133 1659 2204 infringere
1695 2151 1800 2190 seu
1834 2134 2176 2206 perturbare
2211 2139 2576 2206 praesumunt
2603 2133 2900 2188 libertates

814 2217 852 2242 “
890 2222 952 2271 et
973 2215 1188 2271 liberas
1212 2216 1661 2274 consuetudines
1687 2219 2021 2284 earundem,
2048 2225 2111 2275 et
2142 2218 2164 2251 ⁸
2178 2236 2277 2275 eos
2313 2217 2605 2290 proecipue
2630 2217 2732 2287 qui
2757 2216 2901 2271 anti-

813 2302 853 2326 “
892 2317 1036 2369 quas
1062 2299 1360 2356 libertates
1384 2306 1488 2357 aut
1509 2300 1723 2358 liberas
1758 2303 2204 2359 consuetudines
2227 2308 2441 2359 nostrae
2466 2300 2899 2358 (lantoniensis

816 2386 852 2409 “
892 2384 1154 2440 ecclesiae
1176 2384 1541 2450 violaverint,
1568 2402 1673 2441 seu
1698 2386 1760 2441 iu
1796 2386 1995 2456 aliquo
2019 2387 2416 2451 diminuerint,
2439 2385 2536 2442 vel
2557 2391 2761 2440 contra
2781 2383 2898 2455 pri-

815 2474 852 2499 “
890 2469 1113 2539 vilegia
1134 2467 1323 2523 eidem
1347 2469 1574 2525 indulta
1596 2470 1848 2526 scienter
1870 2471 2156 2534 venerint,
2184 2477 2289 2526 aut
2319 2475 2521 2527 contra
2542 2486 2614 2524 ea
2635 2469 2895 2533 fecerint,

815 2557 852 2582 “
891 2571 1112 2610 necnon
1134 2560 1195 2609 et
1217 2553 1349 2608 illos
1384 2554 1486 2624 qui
1517 2570 1719 2624 pacem
1742 2560 1801 2609 et
1834 2555 2319 2625 tranquillitatem
2343 2555 2526 2625 Regis
2560 2553 2580 2586 ⁴
2596 2560 2700 2608 aut
2733 2552 2898 2622 regni

815 2641 853 2665 ‘⁶
889 2637 1124 2710 Angliae
1158 2637 1427 2708 nequiter
1461 2643 1524 2693 et
1562 2638 1843 2710 injuriose
1878 2638 2221 2709 perturbare
2255 2643 2635 2710 praesumunt,
2681 2653 2787 2696 seu
2826 2636 2900 2690 ad

814 2726 850 2752 ‘⁴
888 2724 998 2779 hoc
1045 2722 1311 2778 dederint
1354 2722 1681 2789 consilium,
1726 2722 2027 2790 auxilium,
2069 2722 2163 2779 vel
2202 2723 2477 2786 favorem,
2503 2721 2749 2792 Majoris
2789 2721 2899 2776 Ex-

813 2811 851 2836 “
890 2806 1425 2864 communicationis
1486 2808 1790 2873 sententia,
1858 2807 2014 2864 sicut
2059 2813 2197 2864 sunt
2250 2825 2288 2865 a
2334 2806 2551 2863 sanctis
2613 2805 2894 2877 patribus,

814 2895 850 2920 “
888 2892 1190 2948 innodatos
1238 2898 1298 2946 et
1345 2892 1866 2947 excommunicatos
1928 2892 2112 2948 fuisse
2160 2897 2221 2948 et
2266 2908 2397 2948 esse
2457 2889 2894 2954 denunciamus,

813 2980 851 3005 ‘⁸
889 2983 951 3033 et
990 2995 1027 3031 a
1066 2975 1364 3030 liminibus
1397 2974 1623 3032 Sauctae
1659 2974 1868 3032 Matris
1904 2975 2185 3031 Ecclesioe
2223 2980 2676 3046 sequestramus,
2704 2978 2895 3030 aucto·

812 3064 851 3089 “
888 3061 1061 3116 ritate
1086 3059 1197 3114 Dei
1233 3058 1429 3114 Patris
1454 3058 1898 3130 Omnipotentis,
1926 3060 2125 3116 Beatae
2147 3059 2354 3115 Mariae
2378 3058 2665 3129 Virginis,
2695 3058 2897 3116 matris

802 3149 849 3172 ⁴‘
889 3162 1029 3209 sum,
1057 3143 1227 3199 Beati
1262 3143 1499 3198 Thomoe
1523 3142 1805 3213 Martyris
1829 3143 2093 3213 gloriosi,
2121 3142 2584 3212 sanctorumque
2617 3142 2892 3206 omnium,

813 3234 850 3259 “
885 3229 1118 3302 publice
1153 3235 1214 3285 et
1248 3228 1583 3285 solemniter
1617 3228 1681 3282 in
1716 3227 1832 3284 hiis
1868 3228 2122 3299 scriptis.

882 3315 1110 3379 “Item,
1161 3331 1295 3370 cum
1330 3313 1393 3368 in
1426 3312 1645 3383 Magna
1679 3311 1897 3369 Charta
1931 3312 2197 3377 Henrici,
2236 3311 2526 3382 quondam
2561 3311 2745 3383 Regis
2778 3309 2894 3365 An·

813 3402 850 3428 ‘⁶
889 3398 1046 3470 glioe,
1086 3399 1166 3454 sit
1199 3414 1539 3454 concessum
1589 3413 1658 3451 ac
1707 3397 1884 3452 etiam
1934 3397 2284 3462 ordinatum,
2323 3396 2482 3467 quod
2513 3395 2714 3452 nullus
2749 3394 2897 3450 liber

812 3486 850 3511 ‘⁶
887 3483 1062 3540 homo
1109 3483 1277 3554 regni
1310 3481 1546 3552 Angliae
1599 3482 1864 3552 capiatur
1913 3482 2009 3538 vel
2060 3482 2494 3553 imprimuntur,
2547 3488 2650 3536 ant
2695 3479 2895 3536 dissei·

813 3569 850 3596 ‘⁴
889 3567 1078 3622 siatur
1125 3566 1199 3621 de
1247 3565 1432 3621 libero
1480 3571 1812 3621 tenemento
1862 3583 1984 3630 suo,
2024 3566 2120 3622 vel
2157 3564 2526 3621 libertatibus
2561 3570 2665 3621 aut
2696 3563 2894 3620 liberis

811 3655 851 3680 ‘⁴
887 3649 1401 3708 consuetudinibus
1438 3651 1581 3714 suis,
1621 3667 1729 3706 seu
1775 3649 2150 3722 cuthlagetur
2183 3650 2280 3705 vel
2314 3650 2528 3715 exulet‚
2566 3656 2671 3705 aut
2703 3648 2895 3719 aliquo

812 3739 851 3765 “
887 3735 1006 3792 alio
1051 3734 1223 3792 modo
1281 3733 1650 3799 destruatur-3
1730 3732 1998 3805 quodque
2047 3752 2224 3805 super
2288 3733 2541 3790 liberum
2607 3734 2894 3788 hominem

811 3824 849 3850 ‘⁸
886 3818 1222 3891 hujusmodi
1262 3818 1388 3873 Rex
1426 3835 1540 3873 non
1580 3818 1693 3874 ibit
1716 3818 1812 3873 vel
1845 3818 2058 3882 mittet,
2092 3820 2207 3873 nisi
2247 3835 2351 3890 per
2389 3818 2579 3890 legale
2611 3818 2892 3890 judicium

811 3909 848 3933 ‘⁸
885 3905 1116 3977 parium
1153 3919 1409 3966 suorum,
1447 3902 1542 3957 vel
1594 3919 1700 3973 per
1751 3902 1945 3973 legem
1994 3907 2166 3957 terroe
2216 3901 2593 3973 Anglicanae3
2650 3907 2713 3957 et
2745 3900 2894 3972 quod

811 3993 848 4016 ‘⁴
888 3989 1012 4043 Rex
1058 3986 1207 4043 nulli
1253 3985 1515 4057 negabit,
1563 3986 1714 4044 nulli
1771 3985 2000 4050 vendet,
2051 3984 2148 4042 vel
2192 3985 2473 4050 differret,
2528 3991 2755 4042 rectum
2803 3984 2893 4040 vel

811 4076 849 4101 “
880 4072 1207 4145 justitiam
1269 4069 1538 4141 quodque
1584 4070 1795 4128 civitas
1834 4070 2262 4126 Londoniarum
2297 4070 2510 4128 habeat
2554 4086 2754 4126 omnes
2799 4086 2892 4124 sn·

811 4160 848 4184 ‘⁴
887 4158 1082 4228 tiquas
1129 4155 1151 4186 ⁵
1170 4160 1232 4211 et
1282 4154 1496 4211 liberas
1549 4153 1994 4210 consuetudines
2061 4171 2231 4220 suas;
2302 4153 2549 4224 alioeque
2607 4152 2893 4210 nonnullis

811 4244 848 4269 ‘⁸
888 4241 1187 4300 libertates
1236 4245 1297 4296 et
1353 4237 1553 4294 liberm
1610 4237 2058 4295 consuetudines
2103 4237 2166 4293 in
2223 4236 2383 4293 dicta
2440 4235 2659 4298 Charta
2713 4252 2893 4307 regno

883 4542 897 4574 ¹
922 4537 1183 4589 vecorditer
1203 4536 1466 4601 ooedtaeae,
1500 4537 1644 4592 Harl.
1667 4544 1779 4592 655.
1964 4542 1982 4571 ⁴
2007 4557 2085 4602 ac,
2108 4541 2250 4594 Harl.
2277 4545 2389 4594 655.

874 4619 895 4648 ²
916 4616 993 4668 vel
1011 4616 1197 4683 aliqua,
1218 4617 1361 4669 Harl.
1385 4622 1500 4670 655.
1965 4622 1985 4650 ⁸
2005 4619 2249 4674 libertam
2270 4628 2334 4683 ιε,
2357 4620 2503 4674 Harl.
2529 4626 2638 4674 656.

875 4699 895 4727 ⁸
916 4696 1038 4760 ιΊιω,
1061 4697 1204 4748 Harl.
1224 4701 1335 4747 655.
