3300 5617
1105 816 1433 868 msrosu
1478 818 1893 870 ANcchm.
2457 811 2540 874 65

129 981 468 1072 Rbhmgenst
479 997 644 1055 tarde
716 1000 1119 1071 praemunitus,
1182 1002 1307 1059 suis
1377 1003 1645 1060 omnibus
1719 1023 1867 1077 pene
1937 1005 2162 1061 relictis
2222 1006 2298 1061 ad
2357 1008 2541 1079 spolia
2564 1006 2702 1062 ΑΛ).
2731 1017 2872 1066 1297.

129 1059 376 1192 {2¹1³ssst
438 1082 715 1148 hostium,
756 1102 957 1140 eorum
990 1086 1092 1142 vix
1125 1088 1313 1144 evasit
1347 1088 1607 1144 insidias.
1684 1088 2018 1146 wiuelmus
2055 1091 2241 1161 igitur
2276 1090 2534 1163 wneys,

131 1194 178 1246 a
196 1194 256 1248 ix·
436 1185 572 1223 cum
656 1169 779 1226 suis
861 1169 1055 1242 palam
1137 1170 1539 1228 debacchando
1611 1174 1675 1228 in
1747 1174 2051 1245 Anglicos,
2132 1192 2534 1247 quoscumque

433 1252 695 1307 invenire
718 1254 927 1324 potuit,
966 1253 1300 1310 trucidavit.
1377 1254 1467 1310 De
1516 1256 1730 1328 quibus
1766 1258 1925 1313 viros
1962 1258 2291 1329 religiosos,
2330 1258 2532 1329 ligatis

429 1335 504 1391 ad
551 1334 789 1392 dorsum
835 1337 1122 1401 manibus,
1174 1339 1370 1410 coegit
1417 1340 1629 1395 saltare
1680 1340 1743 1395 in
1801 1341 2078 1407 fluvium3
2146 1359 2349 1397 eorum
2396 1343 2531 1399 sub-

427 1421 777 1476 mersionem
799 1423 862 1476 in
891 1421 1213 1478 ludibrium
1238 1423 1641 1479 convertendo.
1718 1424 1861 1487 Rex,
1890 1427 2272 1481 commotione
2307 1426 2524 1493 audita,
2555 1442 2666 1493 The
2682 1445 2844 1498 Bigho

425 1522 531 1576 pro
575 1506 823 1562 veritate
870 1505 1217 1578 inquirenda
1268 1508 1433 1563 misit
1466 1508 1823 1580 Episcopum
1864 1507 2349 1578 Dunelmensem;
2402 1513 2523 1582 qui,
2552 1511 2613 1560 of
2624 1463 2877 1564 Durhamp

422 1590 671 1645 veritate
706 1596 1018 1664 comperta,
1058 1591 1288 1647 rediens
1326 1591 1551 1663 Regem
1588 1592 1661 1646 de
1700 1592 1966 1647 omnibus
2004 1593 2357 1650 informavit.
2551 1587 2745 1697 ‘fimf‘
2768 1588 2822 1630 1⁰

492 1677 689 1736 Medio
754 1685 1030 1750 tempore,
1094 1679 1222 1735 Rex
1280 1679 1521 1735 audiens
1581 1679 1951 1735 affiictionem
2021 1678 2043 1712 ²
2057 1681 2519 1749 Flandrensium,
2549 1652 2572 1696 t
2607 1660 2636 1696 θ
2712 1662 2815 1713 ¹⁰⁸·

422 1764 608 1821 doluit
642 1763 1034 1830 vehementer,
1069 1764 1285 1821 habens
1321 1766 1571 1822 maxime
1622 1765 1785 1822 cordi
1824 1766 1939 1822 iter
1968 1767 2031 1821 in
2055 1766 2408 1836 Flandriam,
2447 1771 2522 1828 ad

414 1848 737 1920 juvandum
773 1849 1027 1906 amicum
1063 1866 1237 1904 suum
1270 1848 1575 1906 Comitem.

486 1933 765 1990 Militiam
799 1939 981 1989 totam
1016 1933 1175 1990 ultra
1219 1934 1482 2000 fiuvium,
1539 1937 1641 2006 qui
1689 1937 1726 1961 ‘⁴
1754 1935 1969 1991 Trenta
1987 1935 2022 1958 ”
2060 1935 2294 2003 dicitur,
2333 1939 2518 2011 assig-
2545 1935 2761 1989 Edward

416 2019 578 2074 navit
613 2017 831 2074 Comiti
866 2018 939 2074 de
974 2018 1326 2085 Warrenna3
1377 2019 1722 2090 praecipiens
1760 2025 1828 2074 ut
1878 2019 2183 2075 Scotorum
2219 2020 2520 2078 audaciam
2544 2003 2686 2055 ωε*
2715 2021 2852 2057 ¹²²⁸·

416 2101 666 2157 celerius
702 2102 1066 2174 reprimeret,
1107 2107 1167 2158 et
1201 2109 1466 2158 auctores
1501 2103 1644 2158 mali
1683 2101 1881 2158 debita
1896 2103 2132 2174 justitia
2177 2106 2514 2176 castigaret.
2541 2083 2834 2202 {mitam

417 2185 666 2259 Scripsit
733 2189 910 2243 etiam
962 2187 1004 2242 J
1005 2187 1216 2242 ohanni
1288 2186 1515 2259 Oomyn
1567 2187 1639 2243 de
1691 2186 1972 2243 Badenau
2035 2193 2097 2243 et
2160 2188 2377 2244 Comiti
2441 2190 2515 2246 de
2543 2203 2703 2258 geon,

412 2270 644 2335 Bowan,
701 2278 770 2327 ut
809 2288 1096 2327 memores
1145 2271 1445 2327 fidelitatis
1500 2289 1621 2326 suae
1664 2277 2096 2327 reverterentur
2136 2273 2199 2327 in
2236 2272 2510 2340 Scotiam‚

413 2361 472 2411 et
504 2356 709 2427 populi
761 2355 854 2412 sui
897 2357 1245 2412 suscitatum
1274 2356 1400 2428 jam
1435 2356 1757 2412 tumultum
1797 2356 2083 2412 sedarent.
2178 2355 2310 2425 Qui,
2343 2358 2515 2429 juxta

408 2439 766 2512 mandatum,
780 2446 1101 2511 acceptum,
1141 2441 1205 2496 in
1240 2440 1497 2498 Scotiam
1531 2447 1909 2505 revertentes,
1965 2458 2096 2511 quse
2146 2441 2306 2513 pacis
2349 2448 2515 2499 erant

411 2525 672 2594 segniter
707 2529 1093 2595 exequuntur.

478 2607 689 2664 Comes
740 2608 812 2664 de
865 2608 1173 2672 Warenna,
1213 2609 1276 2663 in
1323 2609 1625 2680 provincia
1673 2608 1921 2664 Eboraci
1969 2607 2296 2665 coadunans
2351 2627 2509 2665 exer-

406 2693 607 2757 citum,
647 2698 916 2764 nepotem
967 2710 1156 2757 suum,
1212 2692 1536 2748 Henricum
1584 2692 1658 2747 de
1695 2692 1901 2762 Percy,
1942 2710 2076 2747 cum
2110 2691 2327 2749 militia
2358 2710 2514 2749 com·

405 2777 709 2833 munitatis
745 2776 1028 2841 Karleoli,
1063 2776 1351 2849 praemisit
1384 2778 1448 2832 in
1473 2777 1746 2832 Scotiam.
1824 2775 1937 2846 Qui
1962 2794 2150 2849 usque
2186 2776 2262 2832 ad
2307 2777 2511 2832 villam

403 2861 477 2918 de
511 2861 634 2918 Are
669 2864 983 2935 profectus,
1022 2861 1440 2918 Galwidienses
1477 2863 1551 2917 ad
1585 2879 1790 2933 pacem
1825 2862 2009 2933 Regis
2046 2862 2355 2919 admittere
2391 2863 2508 2919 dis-

404 2948 668 3020 ponebat.
751 2949 971 3006 Audito
1022 2955 1219 3004 autem
1262 2948 1419 3018 quod
1473 2948 1782 3004 Scotorum
1835 2950 2125 3004 exercitus
2174 2954 2301 3004 erat
2338 2949 2511 3020 juxta

403 3033 635 3097 Irwine,
696 3033 852 3104 quod
899 3033 1035 3088 inde
1090 3032 1165 3088 ad
1218 3038 1468 3103 quatuor
1521 3032 1800 3087 milliaria
1850 3032 2120 3097 distabat,
2177 3032 2320 3089 illuc
2373 3050 2505 3105 pro·

402 3118 609 3181 fectus,
667 3117 820 3174 vidit
870 3117 1029 3173 ultra
1069 3116 1358 3189 quendam
1406 3117 1599 3172 lacum
1650 3116 1957 3172 Scotorum
2006 3117 2326 3172 exercitum
2373 3134 2507 3172 con·

402 3201 690 3257 sidentem
711 3224 727 3267 ς
755 3203 817 3256 in
841 3218 955 3271 quo
979 3201 1266 3273 capitanei
1291 3204 1458 3255 erant
1473 3200 1797 3272 Episcopus
1819 3199 2211 3265 Glascuensis,
2239 3199 2506 3256 Andreas

401 3285 474 3340 de
524 3284 779 3342 Morima
828 3283 1195 3341 Senescallus
1251 3283 1479 3348 Scotiae,
1535 3290 1594 3339 et
1629 3284 1962 3339 Willelmus
1997 3283 2254 3357 Waleys.
2330 3283 2506 3340 Miles

401 3375 598 3426 autem
637 3369 874 3439 quidam
911 3376 1203 3432 strenuus,
1256 3368 1489 3423 nomine
1544 3371 1581 3394 ‘⁴
1609 3366 1898 3423 Ricardus
1935 3367 2008 3423 de
2059 3372 2079 3402 ⁸
2094 3367 2352 3432 Lividi,'’
2403 3368 2507 3440 qui

401 3452 551 3524 Regi
577 3451 813 3524 Anglioe
846 3471 1143 3522 nunquam
1179 3452 1517 3522 homagium
1544 3452 1778 3515 fecerat,
1818 3451 2040 3506 relictis
2068 3451 2277 3516 Sectis,
2316 3453 2505 3508 factus

397 3538 707 3608 transfuga
741 3555 804 3593 se
841 3538 1041 3593 statim
1075 3536 1344 3607 Anglicis
1381 3536 1643 3590 sociavit.
1698 3534 1954 3605 Reliqui,
1994 3553 2197 3606 pacem
2219 3542 2501 3607 petentes,
2531 3547 2643 3599 The
2665 3550 2811 3604 500oe

399 3620 749 3677 dediderunt
773 3639 854 3685 se,
895 3620 1075 3676 salvis
1111 3620 1197 3674 eis
1232 3620 1358 3675 vita
1393 3625 1453 3674 et
1487 3618 1785 3682 membris,
1814 3618 2042 3674 catallis
2079 3624 2140 3673 et
2164 3620 2381 3686 terris;
2422 3621 2506 3675 ita
2529 3619 2784 3681 negotiata

399 3711 466 3761 ut
513 3706 710 3761 omnia
760 3723 944 3777 usque
995 3705 1057 3760 in
1105 3704 1253 3759 hanc
1308 3703 1462 3758 diem
1511 3709 1707 3758 essent
1759 3702 2105 3774 simpliciter
2164 3703 2497 3760 condonata.
2525 3682 2746 3800 mint*

400 3787 584 3858 Quam
619 3807 842 3861 pacem,
895 3788 1200 3861 promissis
1254 3786 1551 3843 obsidibus
1595 3793 1656 3843 et
1690 3787 1908 3858 scripto
1944 3787 2223 3851 confecto,
2263 3787 2503 3845 admisit
2667 3766 2749 3804 ⁰⁰⁸

400 3873 727 3940 Henricus;
785 3874 837 3928 si
886 3879 1084 3929 tamen
1121 3872 1232 3928 hoc
1283 3871 1436 3943 Regi
1486 3872 1763 3943 placeret.
1839 3869 1953 3940 Qui
2002 3888 2179 3943 super
2219 3872 2329 3926 hoc
2364 3890 2498 3928 con-

400 3957 607 4021 sultus,
637 3975 712 4013 ne
741 3964 985 4030 accepto
1021 3956 1404 4028 impediretur
1444 3957 1674 4019 itinere,
1714 3956 1919 4011 annuit
1952 3955 1972 3986 ⁴
1987 3955 2296 4027 postulata.
2374 3955 2496 4012 Ad-

397 4043 663 4097 veniente
689 4040 916 4097 Gemite
938 4039 1294 4104 Warrennae,
1332 4057 1468 4095 cum
1503 4037 1682 4102 Sonti,
1708 4038 2167 4110 tergiversand0‚
2196 4038 2267 4093 de
2305 4039 2400 4095 die
2436 4040 2500 4095 in

397 4124 553 4181 diem
605 4125 989 4180 transferrent
1037 4123 1267 4179 obsides
1320 4121 1583 4187 reddere,
1641 4127 1702 4177 et
1746 4122 2081 4178 Willelmus
2116 4121 2355 4195 Waleys
2408 4123 2495 4177 in-

396 4209 569 4263 terim
605 4207 885 4280 populum
920 4207 1220 4271 adunaret,
1274 4205 1622 4261 arbitrantes
1664 4224 1726 4261 se
1761 4205 1999 4277 Anglici
2035 4205 2314 4278 proditos,
2354 4205 2494 4262 dum

400 4291 600 4348 Scotos
651 4292 924 4348 invadere
974 4292 1306 4363 disponunt,
1362 4290 1687 4362 Episcopus
1725 4289 2117 4355 Glascuensis,
2173 4295 2234 4346 et
2267 4290 2494 4347 Willel-

466 4571 480 4600 ¹
500 4568 724 4620 Omitted
744 4568 802 4618 in
822 4568 909 4620 the
929 4569 1130 4634 printed
1149 4574 1298 4621 texts.
1491 4568 1679 4620 Trivet.

463 4652 483 4680 ²
498 4647 880 4699 Flandrencism
900 4647 953 4698 in
974 4648 1100 4715 orig.
1557 4650 1575 4679 ⁴
1587 4647 1849 4714 postulatis
1867 4649 1921 4700 in
1945 4650 2030 4701 the
2051 4652 2252 4716 printed
2273 4659 2421 4705 texts.

471 4726 679 4792 ’Lundy
723 4726 777 4777 in
831 4727 1132 4794 Izi-hunger,
1188 4729 1289 4778 and
1342 4728 1397 4777 in

2182 4827 2226 4875 Ε
