3300 5617
1130 835 1461 891 merrom
1490 833 1919 891 asemona,
2489 821 2568 890 21

118 1027 431 1107 Bbhaqger.
470 1039 649 1095 quam
683 1028 827 1080 tnnc
861 1022 927 1080 in
959 1029 1236 1097 promptu
1284 1023 1555 1094 habebat,
1598 1045 1789 1100 usque
1824 1025 2195 1083 Rodolanum
2244 1023 2568 1096 praemisit3
2596 1045 2736 1099 ΑΒ,
2763 1052 2906 1101 1281.

120 1094 239 1148 κε·
254 1096 397 1148 Bnbl.
470 1107 598 1180 ipse
655 1125 798 1165 vero
852 1108 978 1164 Rex
1037 1108 1190 1165 clam
1240 1108 1707 1167 Ambresbiriam
1754 1110 1919 1175 adiit,
1969 1114 2040 1165 ut
2095 1113 2345 1165 matrem
2404 1126 2571 1164 suam

118 1162 352 1280 {figi-¹³
469 1192 771 1257 salutaret,
811 1209 943 1264 quse
994 1197 1133 1249 tunc
1182 1192 1246 1248 in
1291 1194 1398 1249 ino
1445 1196 1801 1252 monasterio
1850 1194 2205 1249 morabatur.
2306 1192 2573 1264 Contigit
2593 1209 2857 1263 Anecdooe

468 1284 683 1341 autem,
740 1276 882 1333 dum
916 1275 1002 1332 ibi
1037 1282 1211 1344 esset,
1251 1283 1320 1334 ut
1374 1278 1612 1351 quidam
1647 1279 1722 1334 ad
1758 1279 1963 1335 matris
2018 1278 2146 1350 ejus
2197 1278 2568 1350 praesentiam
2590 1277 2652 1328 of
2676 1277 2780 1330 Ed-

465 1360 872 1425 adduceretur,
913 1361 1017 1432 qui
1052 1379 1160 1433 per
1195 1367 1428 1434 tempus
1464 1362 1704 1434 aliquod
1740 1380 1960 1418 oaecum
2003 1362 2301 1426 ¹finxerat,
2341 1362 2567 1416 visum·
2594 1347 2733 1396 ward
2757 1345 2799 1397 Ῑ·

467 1463 584 1516 que
627 1445 743 1503 sibi
789 1444 865 1501 ad
917 1445 1165 1503 Henrici
1211 1446 1417 1518 Regis,
1483 1446 1776 1519 quondam
1843 1446 2043 1502 mariti
2091 1445 2202 1511 sui,
2254 1446 2565 1511 tumulum,

466 1528 692 1586 dixerat
725 1529 1082 1586 restitutum.
1173 1529 1502 1587 Edwardus
1543 1547 1687 1587 vero
1722 1530 1850 1586 Rex
1883 1531 2039 1586 huno
2076 1529 2149 1586 ab
2188 1530 2430 1601 antiquo
2466 1548 2568 1584 no-

466 1619 635 1670 verat
679 1613 969 1669 famosum
1022 1613 1287 1686 flagitiis,
1326 1619 1711 1685 notatumque
1746 1614 1993 1669 malitiis
2030 1631 2099 1670 ac
2136 1613 2448 1670 fraudibus
2499 1615 2572 1670 ab

464 1697 628 1764 olim,
655 1703 716 1753 et
738 1697 1058 1754 mendaciis
1084 1703 1421 1764 assuetum;
1459 1698 1754 1769 matrique
1777 1697 2212 1753 narrationibus
2248 1698 2570 1771 plurimum

464 1781 858 1854 applaudenti,
895 1800 969 1837 ne
1005 1780 1272 1837 crederet
1292 1781 1607 1838 dissuasit:
1649 1799 1800 1853 quse,
1839 1781 1903 1836 in
1937 1798 2160 1837 morem
2196 1782 2570 1838 foeminarum

463 1865 816 1932 vetularum,
856 1865 1049 1922 subito
1084 1866 1149 1921 in
1182 1866 1335 1921 iram
1369 1882 1561 1931 versa,
1602 1864 1793 1921 filium
1834 1865 2186 1936 gravissime
2241 1866 2566 1939 redarguit,

464 1967 870 2022 cameramque
905 1967 1073 2006 suam
1108 1966 1394 2006 evacuare
1429 1949 1730 2022 praecepit.
1822 1948 1936 2005 Cui
1964 1948 2153 2020 jussis
2204 1950 2413 2005 matris
2461 1949 2569 2004 hu-

465 2033 687 2091 militer
737 2034 984 2107 parenti,
1029 2033 1172 2089 dum
1223 2033 1626 2105 egrederetur,
1671 2033 1930 2089 occurrit
1965 2032 2140 2089 Prior
2175 2032 2567 2088 Provincialis

468 2117 742 2174 Fratrum
763 2117 1240 2183 Praedieatorum,
1269 2118 1462 2174 dictus
1491 2117 1757 2174 “Frater
1798 2117 1982 2189 Hugo
2027 2117 2101 2172 de
2148 2115 2569 2182 Mancestxia,”

466 2201 563 2257 vir
594 2220 822 2274 magnae
858 2201 1251 2269 discretionis,
1285 2220 1353 2259 ac
1395 2201 1689 2273 Magister
1723 2202 1787 2257 in
1828 2200 2168 2273 Theologia,
2216 2200 2319 2272 qui
2357 2207 2418 2257 et
2452 2200 2567 2272 ipsi

470 2285 622 2358 Regi
667 2285 1036 2343 familiariter
1080 2292 1254 2343 notus
1301 2291 1461 2352 erat;
1502 2304 1678 2359 quem
1728 2285 1855 2340 Rex
1905 2284 1981 2340 ad
2024 2291 2256 2358 partem
2305 2285 2564 2350 trahens,

468 2371 744 2426 offensam
776 2371 1004 2437 matris,
1049 2375 1110 2426 et
1145 2370 1340 2426 omnia
1375 2388 1507 2441 quoe
1545 2370 1929 2441 contigerant,
1958 2385 2234 2424 enarrans
2269 2386 2378 2441 per
2414 2368 2567 2425 ordi-

468 2471 620 2520 nem,
666 2454 917 2511 finaliter
951 2455 1062 2511 hoc
1107 2454 1324 2526 adjecit
1342 2456 1476 2521 ;—“
1502 2453 1694 2526 Ego,”
1737 2453 1950 2524 inquit,
1997 2452 2344 2525 “justitiam
2379 2453 2566 2524 patris

474 2538 512 2564 ‘⁸
549 2538 666 2592 mei
718 2543 941 2594 tantam
987 2537 1144 2603 novi,
1186 2537 1345 2610 quod
1396 2539 1591 2610 potius
1626 2537 1766 2593 huic
1803 2555 2023 2593 scurrae
2077 2537 2332 2592 eruisset
2366 2537 2567 2593 oculos

473 2622 511 2647 ‘⁸
549 2620 834 2693 integros,
887 2638 1066 2693 quam
1114 2628 1293 2679 tantoe
1350 2620 1649 2694 iniquitati
1711 2622 1911 2677 lumen
1969 2621 2270 2692 perditum
2341 2627 2566 2678 restau-

471 2707 508 2733 “
546 2703 796 2762 rasset.'’

531 2788 739 2845 Altera
772 2807 916 2846 vero
951 2790 1067 2857 die,
1107 2797 1349 2863 accepta
1381 2810 1419 2848 a
1450 2797 1641 2848 matre
1676 2790 1935 2856 licentia,
1980 2807 2117 2845 cum
2152 2789 2456 2846 celeritate
2494 2789 2570 2845 ad
2592 2791 2810 2841 Edward

462 2873 753 2938 militiam,
799 2891 979 2947 quam
1030 2874 1415 2947 praemiserat,
1486 2875 1549 2931 in
1603 2874 1882 2932 Walliam
1930 2874 2287 2945 properavit.
2381 2872 2568 2946 Cujus
2593 2859 2830 2923 Pfoeeed·

462 2957 659 3014 andito
696 2957 969 3024 adventu,
1009 2958 1293 3030 Princeps
1330 2959 1584 3025 Walliae,
1629 2958 1930 3014 obsidione
1979 2957 2191 3024 soluta,
2228 2957 2465 3027 longius
2503 2974 2567 3013 se
2591 2934 2644 2977 ω
2664 2924 2854 2976 wne*

462 3041 766 3098 subtraxit.
842 3041 1092 3097 Interim
1125 3049 1365 3115 captum
1401 3047 1493 3099 est
1513 3050 1775 3099 castrum
1810 3041 1882 3098 de
1909 3040 2238 3115 Lampader
2256 3041 2426 3098 Vaur
2461 3059 2568 3114 per

462 3125 684 3182 Resum
719 3125 911 3181 filium
946 3125 1305 3198 Maylgonis‚
1334 3132 1398 3183 et
1422 3127 1733 3183 Griffinum
1769 3126 1959 3181 filium
1981 3125 2305 3181 Mereduci.
2382 3125 2569 3198 Capta
2592 3133 2785 3184 Trans·

462 3216 598 3267 sunt
620 3211 799 3267 etiam
834 3211 899 3267 in
921 3211 1045 3268 illis
1079 3212 1368 3284 partibus,
1392 3229 1501 3284 per
1523 3212 1673 3268 alios
1701 3210 1945 3277 nobiles,
1963 3210 2350 3268 wallensium
2375 3216 2569 3267 castra
2591 3199 2786 3318 32³⁸

460 3294 654 3367 plura.
1537 3315 1543 3320 ·
2731 3303 2744 3316 “

530 3380 753 3436 Eodem
788 3385 1073 3452 tempore,
1123 3386 1477 3453 procurante
1519 3378 1729 3436 Fratre
1767 3378 1808 3434 J
1809 3379 2034 3435 ohanne
2069 3378 2380 3445 Peccham,
2417 3378 2566 3435 Oan—
2591 3381 2793 3433 Emeric
2817 3383 2879 3433 de

460 3463 747 3520 tuariensi
797 3463 1280 3538 Arcbiepiscopo,
1318 3465 1673 3536 Aymericus
1708 3463 1782 3519 de
1822 3463 2184 3530 Monteforti,
2228 3482 2405 3536 quem
2439 3464 2568 3520 Rex
2591 3450 2856 3501 M⁰¹²tf⁰¹⁸²

461 3548 524 3604 in
573 3548 840 3605 custodia
886 3550 1238 3616 detinuerat,
1288 3550 1610 3617 liberatur;
1661 3549 1979 3622 spondente
2027 3566 2136 3622 pro
2179 3566 2249 3605 eo
2285 3550 2461 3615 clero,
2504 3568 2569 3606 se

460 3633 615 3690 velle
651 3634 724 3690 de
759 3634 1024 3707 periculo
1077 3634 1250 3706 regni
1298 3651 1525 3692 cavere.
1625 3633 1740 3704 Qui
1790 3635 2175 3691 transfretans
2222 3634 2287 3689 in
2322 3634 2565 3701 Gallias,

460 3735 578 3773 non
612 3717 799 3774 multo
821 3726 958 3791 post
981 3718 1222 3775 Curiam
1258 3718 1581 3776 Romanam
1605 3718 1788 3785 adiit3
1826 3718 1932 3773 ubi
1953 3724 2090 3790 post
2112 3718 2339 3789 aliquot
2368 3735 2567 3783 annos,

462 3802 813 3859 renuncians
862 3801 1170 3861 clericatui
1222 3804 1398 3862 miles
1440 3802 1729 3870 efficitur;
1781 3802 1888 3859 sed
1933 3802 2242 3868 infaustus,
2278 3819 2416 3859 nam
2452 3803 2568 3860 cito

460 3893 667 3959 postea
701 3887 1016 3944 defunctus
1052 3894 1162 3944 est.

534 3971 666 4027 Hoc
715 3989 867 4027 anno
916 3973 1268 4029 translatum
1303 3978 1398 4029 est
1429 3972 1494 4028 in
1526 3973 1724 4029 locum
1761 3970 2206 4027 eminentiorem
2229 3970 2566 4029 venerabile

461 4073 674 4128 corpus
708 4055 885 4113 Beati
916 4056 1209 4129 Hugonis,
1234 4056 1527 4129 quondam
1560 4056 1842 4129 Episcopi
1875 4055 2318 4113 Linoolniensis.

418 4203 425 4214 ¹
530 4140 622 4196 Eo
680 4146 965 4213 tempore,
1024 4140 1467 4198 Cantuariensis
1523 4139 1547 4173 ²
1567 4139 2086 4214 Archiepiscopus,
2135 4140 2432 4211 profectus
2504 4139 2567 4196 in

466 4223 896 4292 Snowdoniam,
934 4224 1276 4298 Principem
1319 4223 1555 4282 Walliae
1569 4265 1586 4292 ‚
1615 4229 1680 4282 et
1730 4242 2077 4298 germanum
2114 4241 2306 4289 suum,
2347 4224 2571 4297 sategit

462 4308 537 4364 ad
592 4326 796 4381 pacem
841 4308 1156 4376 reducere;
1221 4309 1326 4366 sed
1394 4310 1733 4375 frustratus,
1797 4327 2106 4381 regressus
2166 4309 2230 4364 in
2287 4308 2570 4379 Angliam

466 4393 1084 4450 excommunicationis
1120 4394 1185 4449 in
1218 4394 1378 4466 ipsos
1416 4394 1769 4450 sententiam
1805 4393 2156 4450 fulminavit.

536 4473 777 4533 Transit
824 4494 1009 4533 annus
1057 4477 1173 4533 iste
1215 4477 1469 4550 frugifer
1505 4484 1567 4535 et
1602 4477 1907 4544 fructifer3
1965 4476 2245 4534 Romanis
2295 4475 2568 4545 infamis3

457 4557 701 4617 Francis
737 4560 1009 4633 quietus;
1055 4560 1163 4617 sed
1197 4561 1413 4633 Anglis
1448 4567 1510 4618 et
1530 4561 1798 4619 Wallicis
1835 4560 2153 4633 inquietus.

546 4738 560 4769 ¹
584 4737 870 4801 nefintemt
888 4736 942 4786 in
964 4738 1050 4788 the
1070 4737 1272 4802 printed
1292 4743 1444 4789 texts.
1565 4736 1849 4805 Episcopus
1869 4737 1924 4788 in
1942 4738 2207 4793 Camden’s
2228 4745 2353 4792 text.

543 4818 564 4848 ²
578 4815 988 4884 Archiepixopus
1015 4816 1072 4868 in
1090 4817 1327 4869 Parker's
1352 4823 1477 4882 text,
