3300 5617
790 795 921 864 114
1451 808 1714 860 'monae
1758 807 2226 860 wasmom

455 1002 766 1055 A.D.1so⁷.
790 1015 1140 1073 congressus
1204 1017 1339 1056 cum
1403 998 1663 1069 Aymero
1724 997 1798 1053 de
1844 995 2154 1063 Valentiis,
2224 997 2420 1070 ipsum
2482 996 2765 1068 compulit
2836 994 2903 1049 in
2926 997 3203 1049 Mattheus

790 1087 994 1157 fugam
1010 1107 1027 1150 ς
1063 1085 1266 1158 paucis
1313 1083 1388 1138 de
1433 1083 1549 1138 hiis
1617 1082 1721 1154 qni
1782 1088 1949 1137 erant
2009 1099 2144 1137 cum
2191 1098 2262 1137 eo
2308 1082 2640 1153 peremptis.
2735 1079 2905 1135 Infra
2928 1065 3173 1115 ΨΜ

789 1169 1052 1225 triduum
1100 1168 1278 1225 etiam
1325 1183 1592 1239 sequens,
1644 1166 1878 1238 fugavit
1936 1165 2225 1222 Comitem
2261 1165 2630 1231 Gloverniae;
2669 1164 2901 1220 multis·
2926 1139 3043 1252 ᾖξ’
3058 1139 3193 1248 Ῑέἰῖῗ

792 1271 907 1326 que
970 1254 1108 1309 hino
1190 1252 1326 1307 inde
1388 1251 1616 1317 occisis,
1684 1251 1881 1323 ipsum
1936 1250 2165 1307 obsedit
2222 1250 2286 1305 in
2346 1256 2539 1306 castro
2603 1250 2676 1304 de
2738 1248 2895 1314 Are;
2926 1266 3051 1330 ch.
3079 1271 3131 1316 1³

791 1338 808 1372 ¹
830 1354 1133 1411 quousque
1179 1353 1288 1410 per
1351 1337 1691 1402 exercitum,
1743 1353 1780 1390 a
1824 1335 1991 1406 Rege
2037 1335 2305 1399 missum,
2347 1334 2463 1389 fuit
2510 1334 2735 1389 obsidio
2781 1333 2900 1388 dis·
2926 1332 2985 1382 E.
3011 1333 3081 1383 ix.

792 1424 999 1480 soluta.
1074 1422 1302 1478 Extunc
1348 1427 1562 1486 autem,
1612 1419 2053 1492 insequentibus
2102 1437 2237 1474 eum
2282 1418 2571 1489 Anglicis,
2622 1418 2781 1488 fugit
2827 1416 2902 1471 ad

790 1507 921 1562 loca
964 1507 1252 1578 palustria
1314 1511 1375 1562 et
1442 1521 1764 1570 nemorosa,
1830 1504 1894 1559 in
1940 1504 2154 1576 quibus
2200 1503 2449 1560 latibula
2496 1503 2904 1576 quaeritantem

791 1590 1280 1663 comprehendere
1325 1589 1565 1644 minime
1611 1594 1943 1661 potuerunt.

458 1702 699 1752 erman,
865 1675 997 1732 Hoc
1067 1692 1234 1740 anno,
1310 1691 1445 1730 oum
1523 1674 1786 1746 placeret
1864 1673 2171 1729 Fratribus
2243 1673 2316 1728 de
2387 1671 2907 1730 westmonasterio
2932 1672 3041 1723 MS.
3064 1673 3172 1724 Bibl.

457 1767 566 1818 tion
590 1768 653 1819 of
794 1761 1114 1817 mansferre
1152 1759 1461 1816 Sebertum
1498 1758 1724 1830 Regem
1759 1758 1833 1813 de
1867 1758 2056 1814 veteri
2102 1758 2350 1814 ecclesia
2396 1757 2459 1812 in
2483 1775 2649 1813 suam
2694 1775 2907 1813 novam
2934 1739 3055 1856 {3³³3-
3082 1747 3134 1790 13

460 1834 605 1900 Κίος
630 1836 715 1886 Se-
796 1846 1117 1909 basiuoam,
1194 1842 1319 1916 (qui
1386 1843 1577 1915 primo
1648 1842 1722 1898 do
1793 1842 2058 1914 Regibus
2128 1841 2462 1913 Anglomm
2530 1842 2769 1904 ibidem,
2845 1843 2908 1896 in
2979 1822 3083 1856 ·¹¹·

459 1903 672 2019 &23²5
794 1931 1010 1985 honore
1060 1928 1257 1984 Sancti
1306 1927 1487 1992 Petri,
1552 1927 1969 1999 Apostolorum
2029 1927 2341 1999 Principia,
2410 1925 2681 1982 fundavit
2725 1926 2907 1982 eccle·

460 2040 574 2086 „ten
674 1985 732 2020 n·
796 2013 989 2082 siam),
1029 2019 1090 2069 et
1112 2029 1246 2068 cum
1269 2011 1593 2068 devotionis
1629 2011 1837 2066 ardore
1855 2011 1984 2083 ejus
2023 2012 2389 2082 aperuissent
2421 2009 2444 2043 ²
2458 2010 2903 2082 sarcophagum,

793 2099 1142 2154 invenerunt
1185 2113 1422 2153 manum
1468 2097 1598 2168 ejus
1670 2094 1969 2152 dexteram
2036 2096 2329 2168 integram
2396 2096 2461 2151 in
2506 2113 2697 2160 carne,
2748 2099 2904 2159 cute,

796 2183 1108 2254 unguibu8‚
1175 2188 1235 2237 et
1298 2181 1525 2237 ossibus
1596 2181 1934 2252 compactis,
1980 2199 2168 2252 usque
2217 2181 2291 2236 ad
2336 2180 2596 2235 medium
2640 2180 2903 2247 brachii3

798 2267 903 2339 qui
943 2267 1213 2337 jacuerat
1257 2265 1342 2321 ibi
1388 2281 1493 2337 per
1540 2281 1719 2320 annos
1768 2265 2004 2320 circiter
2052 2265 2472 2337 septingentos

464 2357 737 2412 Summotis
864 2349 1029 2407 'I'unc
1076 2351 1203 2405 Rex
1248 2349 1588 2416 Edwardus‚
1654 2350 1852 2405 missis
1900 2365 2008 2421 per
2053 2350 2334 2421 Angliam
2390 2350 2638 2416 nunciis,
2688 2367 2904 2422 praece-
2927 2354 3192 2406 'Nm-⁴1³

460 2431 514 2476 ¹0
535 2431 668 2505 1119οῒ
688 2432 742 2477 ²¹²
793 2436 884 2508 pit
929 2435 1039 2491 sub
1086 2435 1254 2505 gravi
1299 2451 1489 2505 poena,
1565 2433 1635 2490 ut
1703 2451 1902 2489 omnes
1975 2434 2078 2505 qui
2146 2435 2202 2489 ei
2249 2434 2537 2498 debebant
2580 2436 2903 2500 servitium,
2931 2404 3193 2499 {iffi-⁰¹

463 2491 690 2545 culum·
794 2520 985 2592 parati
1032 2524 1230 2575 essent
1275 2518 1430 2590 apud
1466 2518 1813 2574 Karleolum
1845 2516 1867 2551 ⁸
1890 2519 1953 2574 in
1974 2523 2097 2575 tres
2134 2519 2486 2590 septimanas
2522 2527 2657 2592 post
2690 2521 2907 2577 festum
2930 2509 3175 2600 ffissffl*

797 2604 997 2661 Sancti
1045 2603 1329 2660 Johannis
1376 2602 1679 2674 Baptistoe.
2930 2608 3199 2661 negusar.

461 2711 611 2762 pind
636 2710 772 2761 αἰαὶ-
889 2689 1127 2745 Interea
1172 2685 1298 2742 Rex
1345 2687 1694 2758 grandaevus
1741 2688 1939 2743 vexari
1972 2687 2152 2759 coepit
2196 2688 2217 2720 ⁴
2236 2687 2604 2760 dysenteria3
2658 2697 2721 2746 et
2768 2692 2907 2763 quia
2928 2684 3038 2735 MS·
3061 2684 3174 2734 Bibl-

461 2795 575 2830 neas
597 2779 658 2828 of
789 2774 914 2846 jam
951 2773 1297 2845 desperabat
1331 2771 1404 2827 de
1437 2772 1563 2828 vita
1596 2771 1891 2837 diuturna,
1930 2772 2094 2827 misit
2128 2772 2203 2827 ad
2243 2773 2447 2838 filium,
2488 2779 2557 2829 ut
2585 2781 2908 2831 maturaret
2929 2753 3051 2870 {⁴3
3077 2757 3128 2800 13

458 2845 604 2911 Kinss
625 2846 729 2895 Ed·
797 2859 1000 2914 audire
1046 2857 1230 2930 patris
1269 2861 1527 2911 extrema
1572 2856 1880 2927 colloquia.
1957 2853 2161 2924 Quem,
2212 2857 2366 2912 inter
2411 2865 2638 2923 caetera,
2680 2861 2908 2915 miseri·
3011 2834 3080 2870 ¹¹⁸

461 2913 640 3029 ’ἔζξέἑ
672 2913 773 2963 ²¹²⁶
797 2943 1033 2999 cordem
1067 2943 1193 2997 fore
1238 2941 1527 3005 monebat,
1579 2947 1641 2995 et
1685 2940 1915 3012 justum
1951 2946 2013 2996 et
2075 2940 2366 2996 affabilem
2411 2943 2724 3008 universis,
2777 2962 2907 2999 con·

462 2997 616 3113 {iven
644 3048 712 3111 by
797 3035 1048 3084 stantem
1069 3027 1133 3081 in
1156 3025 1329 3082 dictis
1354 3031 1416 3080 et
1449 3025 1639 3090 factis,
1667 3025 2014 3079 familiarem
2039 3024 2223 3089 bonis,
2253 3031 2313 3080 et
2345 3027 2639 3098 praecipue
2674 3027 2907 3083 miseris

463 3115 573 3164 him
594 3120 647 3163 to
669 3113 751 3162 his
796 3111 1257 3167 misericordiam
1274 3109 1580 3181 impertiri.
1641 3107 1867 3164 Deinde
1891 3110 2186 3180 praecepit,
2214 3127 2288 3164 ne
2310 3117 2443 3181 post
2476 3119 2726 3167 mortem
2742 3130 2905 3168 suam

464 3195 571 3232 ⁸⁰¹¹·
797 3197 1102 3251 festinaret
1147 3194 1222 3250 ad
1268 3211 1541 3249 coronam
1600 3192 1835 3264 Angliae
1899 3192 2345 3264 suscipiendam,
2403 3195 2583 3250 donec
2635 3204 2906 3268 paternas

798 3280 1042 3352 injurias
1109 3279 1171 3333 in
1225 3278 1428 3334 Scotos
1491 3275 1807 3332 honorifice
1870 3276 2222 3333 vindicasset
2239 3299 2254 3343 3
2320 3279 2423 3334 sed
2483 3286 2813 3336 moraretur
2846 3282 2906 3336 in

797 3364 1081 3436 partibus,
1149 3369 1211 3419 et
1278 3367 1603 3417 assumeret
1662 3377 1861 3417 secum
1925 3379 2059 3417 ossa
2118 3370 2363 3434 paterna
2406 3365 2469 3419 in
2527 3365 2726 3437 aliquo
2771 3384 2907 3421 vase

799 3447 1065 3514 reclusa3
1121 3465 1251 3518 quae
1300 3461 1499 3502 secum
1539 3447 1760 3502 faceret
1803 3446 2116 3519 deportari,
2167 3447 2349 3505 donec
2408 3453 2592 3505 totam
2654 3450 2908 3508 Scotiam

800 3539 1196 3605 pervagasset,
1249 3536 1311 3586 et
1362 3548 1561 3586 omnes
1610 3538 1944 3602 superasset
2013 3531 2395 3599 adversarios,
2470 3533 2567 3590 vel
2638 3537 2905 3608 cepisset,

804 3621 844 3646 ‘⁸
866 3615 1208 3687 Quoniam,”
1258 3616 1468 3687 inquit,
1497 3618 1534 3642 “
1560 3615 1759 3670 nullus
1794 3621 1855 3671 te
1888 3616 2105 3688 poterit
2140 3635 2433 3688 superare,
2460 3617 2601 3674 dum
2626 3637 2761 3676 ossa
2782 3638 2910 3676 mea

805 3705 844 3732 ‘⁸
882 3707 1077 3758 tecum
1125 3701 1332 3756 feceris
1381 3699 1731 3771 deportari.”
1823 3700 2112 3772 Praecepit
2156 3701 2333 3757 etiam
2370 3709 2440 3759 ut
2478 3705 2689 3760 fratres
2754 3724 2904 3768 auce,

801 3788 1083 3844 'rhomam
1143 3791 1204 3841 et
1261 3783 1651 3849 Edmundum,
1705 3784 1983 3855 diligeret
2040 3790 2102 3840 et
2158 3787 2413 3855 foveret3
2479 3787 2729 3859 qudi-um
2787 3791 2905 3851 uni,

801 3871 1038 3928 Thomae
1060 3869 1352 3934 videlicet,
1380 3868 1620 3924 dederat
1640 3868 1662 3900 ⁸
1682 3868 2038 3925 Comitatum
2076 3868 2401 3936 Cornubiae,
2440 3872 2752 3930 Edmundo
2772 3892 2909 3930 vero

804 3956 1158 4013 comitatum
1213 3953 1564 4009 Maresoalli.
1665 3953 1975 4019 Praeterea,
2045 3956 2270 4011 monuit
2306 3963 2376 4012 ut
2426 3964 2676 4013 matrem
2726 3977 2904 4024 suam,

805 4042 1198 4113 Margaretam
1235 4038 1542 4110 Reginam,
1569 4043 1849 4110 tanquam
1883 4038 2070 4095 bonus
2105 4038 2262 4096 filius
2300 4041 2518 4097 coleret
2564 4049 2623 4098 et
2672 4049 2908 4100 amaret.

874 4288 888 4319 ¹
910 4304 1119 4352 quasque
1165 4288 1262 4352 (by
1291 4285 1663 4345 inadvertence,
1701 4298 1816 4349 pro·
1901 4283 2006 4334 will
2028 4286 2092 4335 be
2107 4301 2225 4336 seen
2245 4288 2408 4337 stated
2428 4287 2484 4338 in
2498 4288 2586 4338 the
2608 4291 2906 4357 succeeding

805 4367 984 4432 bsbly)
1008 4366 1064 4414 in
1085 4365 1320 4416 Perker’s
1342 4371 1467 4416 text.
1902 4363 2064 4429 reign,
2092 4364 2316 4416 Thomas
2353 4367 2414 4416 de
2452 4366 2774 4428 Brotherton,
2807 4373 2905 4420 and

872 4446 892 4474 ²
912 4444 1214 4512 sepulchrum
1236 4445 1291 4494 in
1314 4445 1402 4496 the
1423 4445 1625 4511 printed
1645 4447 1797 4495 texts.
1901 4450 1992 4494 not
2014 4444 2266 4503 Edmund,
2288 4461 2391 4496 was
2428 4448 2574 4497 made
2613 4448 2735 4499 ΕΜ]
2770 4449 2904 4500 Mar-

871 4526 892 4555 ³
916 4525 1052 4589 infra
1087 4523 1143 4575 in
1184 4524 1269 4574 the
1305 4525 1505 4589 printed
1540 4530 1691 4586 texts,
1714 4525 1814 4576 and
1903 4522 2053 4582 sha13
2090 4524 2189 4573 and
2229 4523 2353 4586 that,
2393 4532 2482 4576 not
2526 4527 2606 4575 till
2650 4528 2780 4578 aster
2823 4529 2903 4579 the

810 4604 862 4654 in
886 4604 1065 4653 Trivet
1087 4625 1100 4662 ;
1138 4605 1188 4653 in
1210 4605 1266 4654 in
1287 4604 1435 4654 Matt.
1460 4604 1671 4655 Westm.
1903 4602 2052 4653 death
2075 4602 2136 4651 of
2160 4603 2378 4654 Edward
2400 4605 2443 4657 1.
2467 4627 2481 4666 ς
2518 4605 2687 4658 whose
2710 4623 2902 4674 young-

875 4685 892 4713 ⁴
907 4683 1192 4734 dissenteria
1216 4683 1271 4732 in
1293 4683 1420 4748 orig.
1901 4690 1977 4733 est
2000 4698 2108 4742 son,
2132 4683 2385 4746 Edmund,
2416 4701 2522 4736 was
2548 4689 2748 4739 created
2784 4689 2897 4739 Earl

874 4766 892 4794 ⁵
912 4763 1040 4813 This
1075 4762 1317 4812 asael-tion
1357 4762 1402 4811 is
1437 4762 1725 4822 incon-recu
1760 4777 1816 4812 as
1902 4761 1965 4811 of
1990 4762 2129 4813 Kent
2148 4763 2204 4813 in
2234 4767 2379 4816 1321.
