3300 5617
1057 831 1388 884 meroem
1417 833 1840 886 ANoLtcANA.
2383 826 2509 891 481

96 1006 140 1058 3.
170 1011 349 1069 Bibl.
414 1008 453 1033 “
493 1023 605 1077 que
641 1022 786 1061 nous
821 1025 968 1063 vous
1005 1025 1076 1063 en
1114 1009 1316 1066 doions
1354 1029 1524 1067 saver
1548 1030 1690 1085 gree
1717 1031 1820 1068 sur
1856 1017 1946 1069 tot
1976 1013 2208 1069 lamour
2233 1017 2294 1068 et
2313 1011 2512 1067 loialte
2537 1025 2674 1079 ΑΒ,
2703 1031 2848 1082 1381.

96 1093 155 1145 Β·
205 1086 284 1133 13
414 1094 451 1117 ‘⁶
491 1107 603 1161 que
649 1108 796 1147 vous
837 1098 1038 1164 portez
1078 1112 1114 1148 a
1148 1112 1312 1150 vous.
1388 1096 1552 1152 Done
1596 1106 1759 1153 souts
1805 1106 2003 1154 nostre
2054 1103 2272 1168 graunt
2321 1097 2440 1151 seal
2479 1114 2514 1150 a

415 1178 453 1202 “
489 1181 686 1231 nostre
735 1175 882 1247 Cyte
933 1177 1005 1233 de
1059 1178 1339 1247 Londres,
1396 1181 1452 1238 le
1508 1182 1718 1256 quinze
1764 1182 1904 1255 jour
1957 1183 2029 1239 de
2068 1182 2230 1247 Juin,
2288 1181 2387 1236 lan
2439 1180 2510 1235 de

414 1263 453 1287 ‘⁸
489 1265 687 1318 nostre
723 1278 906 1333 regne
944 1263 1212 1334 quarte.”

671 1564 773 1632 De
814 1562 1097 1631 malitia
1159 1562 1608 1632 Villanorum
1657 1565 1900 1633 Sancti
1957 1567 2239 1635 Albam.

477 1716 767 1790 Oppidani
815 1723 1011 1773 tamen
1046 1715 1118 1770 de
1157 1714 1369 1772 Sancto
1404 1715 1654 1782 Alban0,
1699 1735 1834 1773 cum
1869 1718 1997 1774 haee
2033 1720 2228 1776 omnia
2275 1738 2503 1795 compe-
2534 1722 2648 1774 The
2669 1723 2844 1775 insur-

405 1802 637 1868 rissent,
674 1808 734 1857 et
783 1819 935 1858 nova
981 1800 1274 1873 frequenti
1314 1801 1596 1856 relatione
1633 1804 1758 1858 suis
1794 1804 1948 1860 votis
1985 1806 2277 1860 contraria
2309 1823 2506 1877 perce·
2532 1798 2677 1868 8²¹?ss
2695 1800 2746 1841 “t

403 1887 648 1960 piesent,
687 1883 878 1942 adhuc
926 1884 1207 1941 insensati
1244 1890 1304 1941 et
1338 1885 1465 1940 sine
1499 1886 1726 1942 ratione
1778 1887 2080 1944 libertates
2136 1890 2375 1959 quidem
2410 1908 2505 1945 ex·
2530 1856 2682 1973 ἓξὲξ
2693 1858 2799 1975 έίἶίῐ

402 1978 600 2044 petere
661 1969 1060 2035 decreverunt,
1123 1970 1254 2041 ipso
1314 1970 1409 2025 die
1464 1968 1791 2037 Dominico,
1831 1972 1972 2027 dum
2043 1972 2275 2030 adesset
2332 1975 2507 2030 turba
2528 1990 2707 2054 perdet
2728 1992 2783 2041 in

406 2074 536 2129 quae
595 2057 858 2127 ipsorum
903 2055 1081 2128 jussu
1131 2055 1312 2110 citata
1363 2055 1558 2110 fuerat
1619 2057 1726 2111 sub
1778 2057 1969 2113 forma
2025 2064 2365 2130 praenotata,
2431 2060 2504 2115 de
2528 2057 2663 2107 their
2692 2060 2779 2109 de·

401 2141 561 2199 villis
597 2140 670 2196 de
705 2141 950 2205 Lutona,
992 2139 1064 2194 de
1088 2137 1408 2204 Watforde,
1448 2139 1520 2194 de
1544 2139 1783 2203 Barnet,
1825 2140 1896 2196 de
1921 2140 2503 2209 Riekemersworthe,
2530 2125 2743 2203 mand&

404 2226 476 2283 de
522 2225 772 2295 Trenge,
825 2231 885 2280 et
920 2223 1052 2279 aliis
1089 2222 1639 2294 circumjacentibus
1687 2223 1836 2280 vicis
1886 2231 1946 2280 et
1978 2225 2174 2291 villis3
2217 2244 2293 2281 ne
2342 2227 2506 2282 vide·
2529 2191 2802 2308 ξ’(ξωῗὲξ.

401 2316 607 2366 rentur
651 2309 728 2365 ab
777 2308 913 2374 hiis,
965 2325 1111 2380 quos
1165 2313 1327 2364 tanto
1377 2307 1535 2363 fastu
1592 2315 1962 2374 vocaverant,
2016 2309 2192 2365 nimis
2254 2311 2509 2367 faciliter
2535 2323 2776 2377 deration,

401 2396 586 2453 fuisse
633 2393 845 2459 territi,
894 2393 993 2450 vel
1038 2392 1222 2463 regiis
1280 2392 1569 2448 mandatis
1621 2398 1683 2448 et
1740 2393 2158 2449 monitionibus
2217 2395 2504 2466 paruisse.

400 2478 569 2537 Nihil
629 2478 846 2535 etenim
892 2477 1158 2532 futurum
1205 2475 1612 2548 praevidentes,
1666 2477 1770 2531 sed
1820 2477 2015 2532 omnia
2059 2478 2375 2549 praesentia
2421 2496 2511 2535 so·

401 2563 697 2620 lummodo
750 2560 1203 2625 considerantes,
1254 2559 1547 2615 desideria
1598 2560 1793 2617 cordis
1844 2578 2045 2616 eorum
2095 2563 2220 2617 sine
2261 2562 2387 2618 ulla
2419 2565 2507 2619 in-

400 2654 702 2721 posterum
749 2646 1122 2702 revocatione
1170 2643 1466 2716 implenda
1500 2644 1801 2717 putabant.
1895 2643 2277 2717 Quapropter,
2316 2648 2508 2718 parvi-

400 2732 717 2805 pendentes
768 2730 1031 2786 chartam
1065 2728 1310 2799 regiam,
1352 2745 1483 2799 quae
1517 2745 1725 2799 pacem
1759 2728 1974 2784 obtulit
2022 2729 2385 2797 cessantibus
2434 2731 2508 2787 ab

399 2816 636 2889 injustis
670 2813 1058 2870 levationibus
1084 2818 1144 2866 et
1175 2811 1600 2867 extorsionibus
1636 2829 1675 2866 a
1709 2811 1803 2867 die
1827 2811 2078 2868 Veneris
2116 2818 2177 2869 et
2211 2813 2502 2887 deinceps,

399 2918 622 2958 necnon
659 2898 923 2971 pericula
958 2903 1038 2957 et,
1060 2897 1288 2961 damna,
1318 2914 1449 2969 quae
1486 2913 1585 2952 eos
1621 2897 1934 2952 manebant
1967 2898 2029 2952 in
2065 2904 2365 2970 posterum
2400 2918 2507 2972 pro

399 2983 735 3057 hujusmodi
827 2981 1347 3037 insurrectionibus
1414 2986 1475 3036 et
1564 2979 2015 3044 turbationibus,
2112 2990 2507 3040 convenerunt

399 3086 535 3125 cnm
556 3068 734 3125 turba
763 3066 953 3121 multa
982 3082 1152 3120 mane
1187 3064 1381 3137 prima
1406 3064 1666 3129 Sabbati,
1698 3064 1810 3120 hoc
1846 3070 1956 3129 est,
1984 3064 2310 3132 Dominica‚
2337 3073 2405 3123 ut
2435 3086 2506 3124 ea

399 3168 530 3226 quae
579 3152 852 3208 hesterno
885 3150 1193 3221 petierant,
1232 3148 1513 3203 hodierno
1559 3148 1793 3220 plenius
1834 3156 2267 3220 recuperarent.
2365 3150 2504 3207 Non

401 3244 593 3294 tamen
614 3243 738 3293 tam
761 3235 1112 3299 turbulente,
1129 3239 1251 3289 tam
1280 3231 1642 3298 immodeste,
1673 3234 1828 3290 sicut
1848 3235 2033 3307 prius,
2064 3235 2184 3300 sed,
2216 3254 2419 3309 pacem
2441 3244 2505 3294 et

397 3321 882 3393 tranquillitatem
902 3318 1261 3382 simulantes,
1287 3316 1564 3389 petebant
1585 3318 1817 3375 chartas
1841 3321 2133 3391 praefatas,
2160 3320 2502 3378 benevolen-

396 3407 544 3463 tiam
582 3404 987 3478 promittentes
1022 3420 1096 3457 ex
1128 3402 1245 3458 hiis
1280 3402 1434 3458 inter
1468 3401 1718 3458 villanos
1756 3409 1818 3460 et
1849 3404 2161 3460 monachos
2198 3405 2499 3472 orituram,

397 3496 459 3546 et
491 3491 556 3546 in
589 3495 940 3561 perpetuum
974 3486 1348 3553 duraturam3
1391 3503 1510 3542 non
1544 3486 1907 3544 attendentes
1946 3489 2105 3560 quod
2141 3491 2375 3561 quia,—

611 3606 652 3633 “
675 3603 767 3658 De
802 3602 954 3657 male
992 3600 1252 3673 quaesitis
1287 3600 1388 3655 vix
1423 3600 1642 3671 gaudet
1675 3602 1887 3656 tertius
1932 3601 2142 3668 hoeres,

750 3690 790 3716 “
814 3687 942 3744 Nee
976 3686 1153 3741 habet
1187 3689 1427 3740 eventus
1471 3684 1705 3740 sordida
1738 3685 1938 3757 praeda
1971 3687 2212 3743 bonos.’'

466 3803 663 3877 thue
711 3803 905 3859 omnia
949 3802 1075 3858 haeo
1125 3802 1311 3858 tutius
1362 3817 1537 3870 agere
1585 3799 1947 3868 viderentur,
1992 3808 2054 3859 et
2088 3821 2125 3859 a
2156 3802 2369 3875 majori
2401 3820 2499 3860 vc·
2523 3817 2670 3883 They
2690 3834 2812 3869 eon-

395 3888 610 3944 lamine
646 3888 1075 3950 obumbrarent,
1104 3887 1366 3942 chartam
1402 3884 1474 3939 de
1499 3884 1888 3941 forisfacturae
1923 3887 2288 3953 remissione,
2318 3905 2494 3959 quam
2523 3880 2632 3935 'ceal
2654 3886 2740 3936 the

398 3972 636 4044 quidam
672 3990 743 4028 ex
777 3972 922 4044 ipsis
973 3990 1009 4026 a
1047 3971 1212 4041 Rege
1261 3987 1367 4041 pro
1416 3968 1713 4024 Comitatu
1750 3969 2111 4026 Hertfordiae
2148 3972 2243 4027 die
2279 3989 2495 4046 praece-
2521 3951 2733 4071 ἓξὲξ,
2753 4021 2817 4071 of

397 4057 568 4113 dente
604 4057 973 4113 obtinuerant
1025 4062 1086 4111 et
1135 4054 1470 4118 attulerant,
1524 4071 1675 4126 quae,
1727 4058 1797 4111 ut
1848 4054 2246 4127 proediximus,
2298 4056 2496 4113 condi·
2520 4086 2827 4143 conditional

2516 4153 2721 4215 pat-don.

1277 4401 1693 4455 Tmnsmrxon.

400 4523 437 4547 ‘⁸
476 4520 660 4583 heart,
703 4518 830 4573 that
872 4517 922 4573 it
960 4533 1097 4587 may
1132 4516 1355 4570 behove
1395 4533 1465 4569 us
1507 4520 1568 4569 to
1606 4512 2009 4584 congratulate
2050 4532 2170 4585 you
2211 4533 2367 4587 upon
2413 4518 2495 4573 all

400 4609 437 4631 ‘⁴
476 4605 576 4659 the
626 4604 755 4659 love
807 4601 922 4657 and
966 4600 1188 4672 loyalty
1229 4600 1359 4654 that
1393 4604 1536 4654 unto
1571 4616 1640 4653 us
1677 4616 1794 4669 you
1829 4599 1987 4653 bear.
2085 4598 2274 4655 Given
2308 4602 2495 4657 under

400 4693 437 4715 ⁴⁶
475 4706 586 4742 our
621 4692 791 4758 great
827 4686 948 4741 seal
988 4691 1051 4740 at
1095 4701 1204 4738 our
1243 4683 1380 4754 Gity
1417 4683 1483 4737 of
1518 4672 1800 4749 London‚'
1821 4683 1919 4738 the
1962 4683 2228 4739 fifteenth
2275 4683 2388 4757 day
2435 4688 2503 4741 os

403 4776 441 4805 ‘⁶
482 4771 655 4843 June,
693 4770 794 4831 the
831 4770 1030 4827 fourth
1064 4786 1205 4840 year
1240 4769 1307 4824 os
1336 4784 1444 4827 our
1478 4765 1707 4838 reign.”

2086 4868 2140 4918 H
2174 4869 2227 4919 Η
