3300 5617
1129 825 1457 876 msromA
1501 825 1922 877 ANGLICANA.
2429 815 2557 877 329

773 1296 884 1362 Dn
928 1295 1259 1363 TEMPORE
1304 1294 1525 1362 Rsms
1571 1296 1877 1363 RchRm
1922 1295 2253 1364 Ssctmm.

85 1495 226 1546 MS.
255 1494 402 1545 Bibl.
538 1488 710 1542 Anno
745 1485 1064 1541 Dominicoe
1097 1484 1518 1541 Incarnationis
1549 1484 1862 1541 millesimo
1897 1485 2304 1542 trecentesimo
2339 1491 2566 1557 septua·
2593 1489 2732 1541 ΑΒ.
2763 1486 2906 1542 1'377.

83 1562 241 1639 Reg-
269 1567 336 1612 13
473 1572 697 1644 gesimo
734 1571 999 1643 septime,
1039 1570 1273 1642 cognito
1312 1570 1469 1641 quod
1503 1569 1755 1625 illustris
1796 1570 1921 1624 Rex
1955 1570 2190 1641 Anglioe
2222 1570 2565 1634 Edwardus,
2592 1579 2902 1645 Deputation

85 1629 162 1680 E·
189 1643 278 1679 α·
472 1657 705 1712 Tertius
755 1673 792 1709 a
839 1654 1213 1726 Conquaestu,
1275 1654 1341 1709 in
1396 1652 1626 1724 vigilia
1687 1652 1887 1707 Sancti
1943 1652 2177 1718 Albani,
2238 1652 2569 1725 Anglorum
2594 1647 2657 1697 Of
2669 1647 2880 1698 citheni*

469 1738 942 1809 Protomartyris,
1004 1734 1281 1794 videlicet
1337 1736 1617 1792 vicesimo
1692 1737 1882 1808 primo
1943 1736 2038 1792 die
2097 1738 2316 1793 mensis
2379 1737 2419 1792 J
2420 1738 2563 1802 unii,
2592 1714 2883 1831 gfflfflssn

466 1823 622 1878 diem
657 1841 830 1878 suum
865 1821 1079 1877 clausit
1106 1826 1448 1883 extremum,
1476 1819 1907 1875 Londonienses
1942 1820 2230 1877 miserunt
2265 1820 2338 1875 de
2372 1821 2567 1876 valen·
2592 1846 2831 1898 Richml·

463 1907 708 1962 tioribus
767 1905 995 1962 civibus
1055 1906 1131 1961 ad
1188 1904 1206 1937 ¹
1222 1905 1625 1975 Kyngestone,
1690 1904 1792 1958 ubi
1830 1908 1972 1958 tunc
2018 1905 2394 1960 morabantur
2445 1910 2569 1960 tam

458 1990 481 2024 ²
495 1992 774 2063 Princeps
819 2008 994 2061 quam
1031 1995 1221 2045 mater
1260 1989 1388 2061 ejus
1430 1988 1825 2060 Principissa3
1865 1994 1933 2043 ut
1973 1988 2270 2044 civitatem
2311 1995 2374 2045 et
2408 1990 2567 2045 cives

460 2075 889 2131 Londonienses
921 2072 1457 2128 recommendarent
1485 2071 1725 2126 eisdem.
1792 2071 1832 2126 J
1832 2072 2084 2127 ohannes
2116 2090 2256 2129 vero
2284 2073 2564 2145 Philipot,

461 2158 878 2214 Londoniensis
930 2157 1098 2222 civis,
1162 2157 1424 2212 facturus
1459 2155 1640 2212 verba
1687 2172 1795 2227 pro
1845 2155 2198 2220 concivibus,
2249 2158 2568 2214 orationem

459 2241 864 2313 hujuscemodi
901 2240 1200 2296 inchoavit
1225 2263 1316 2295 :—

534 2330 571 2354 “
609 2326 781 2381 Nova
815 2325 1132 2388 afferimus,
1172 2322 1661 2379 excellentissime
1697 2322 1964 2387 Domine,
2006 2341 2136 2396 quae
2185 2324 2310 2380 sine
2357 2343 2569 2397 magno
2596 2309 2788 2374 speech
2811 2312 2873 2362 Of

463 2413 500 2438 “
538 2427 788 2465 moerore
822 2409 1044 2464 referre
1079 2425 1196 2463 non
1229 2423 1559 2478 possumus,
1600 2408 1674 2463 de
1710 2413 1896 2463 morte
1932 2408 2329 2465 indubitanter
2376 2409 2566 2464 immi·
2594 2377 2738 2508 ἓξὲξ
2757 2379 2878 2429 Phi'

463 2498 500 2521 “
538 2500 712 2548 nente
747 2492 1122 2548 invictissimi
1156 2492 1344 2545 nostri
1380 2490 1564 2561 Regis
1601 2490 1915 2557 Edwardi3
1956 2492 2059 2562 qui
2083 2510 2188 2547 nos
2213 2498 2276 2548 et
2319 2511 2570 2564 regnum

462 2582 499 2605 ‘⁶
539 2578 716 2642 istud,
769 2582 839 2632 ut
888 2576 976 2632 ita
1024 2575 1234 2640 dicam,
1291 2592 1397 2647 per
1453 2575 1669 2630 saecula
1719 2574 1908 2629 multa
1954 2576 2017 2630 in
2056 2577 2377 2648 tranquilla
2427 2595 2569 2648 pace

461 2667 499 2690 “
538 2661 858 2718 custodivit
891 2664 953 2716 et
985 2660 1154 2723 rexit,
1195 2664 1273 2714 et·
1282 2659 1427 2730 jam,
1478 2659 1807 2714 manifestis
1857 2659 1920 2713 in
1975 2676 2043 2714 eo
2096 2661 2303 2716 mortis
2356 2661 2563 2732 signis,

462 2750 498 2773 “
538 2746 755 2801 desinit
789 2762 918 2800 esse
953 2749 1146 2799 rector
1180 2748 1396 2798 noster.
1471 2741 1642 2799 Unde
1688 2759 1985 2812 rogamus,
2026 2761 2099 2798 ex
2131 2750 2298 2815 parte
2346 2746 2565 2799 civium

463 2833 500 2856 “
540 2835 601 2885 et
647 2829 906 2884 civitatis
954 2826 1396 2890 Londoniensis,
1435 2831 1505 2881 ut
1537 2826 1802 2881 habeatis
1849 2828 2377 2883 recommendatam
2425 2846 2567 2899 erga

467 2917 505 2941 “
541 2920 800 2969 vestram
851 2912 1261 2976 reverentiam,
1312 2910 1612 2966 civitatem
1660 2915 1935 2976 vestram,
1988 2910 2295 2967 Cameram
2342 2912 2570 2968 scilicet

466 3001 503 3025 ‘⁴
540 3004 817 3061 vestram,
882 2996 984 3067 qui
1043 2995 1107 3050 in
1163 2993 1426 3066 proximo
1484 2994 1649 3049 eritis
1708 3000 1908 3050 noster
1966 2995 2109 3062 Rex,
2168 3014 2342 3067 quem
2380 2996 2569 3052 solum

468 3085 505 3109 “
544 3081 769 3152 Regem
815 3080 1323 3151 recognoscimus3
1387 3078 1556 3149 cujus
1618 3078 1802 3134 solius
1863 3080 2242 3151 subjiciemur
2299 3081 2565 3154 imperio,

467 3169 505 3193 ‘⁸
544 3166 847 3221 flectemur
895 3164 1158 3228 arbitrie,
1228 3162 1478 3234 parituri
1542 3180 1771 3218 summo
1824 3163 2100 3228 dominic,
2154 3164 2569 3221 famulabimur

468 3253 505 3277 ‘⁸
544 3256 665 3305 tam
701 3265 964 3320 personae
1001 3264 1178 3319 quam
1213 3246 1410 3302 verbo.
1486 3246 1582 3311 Et,
1623 3252 1692 3302 ut
1726 3253 1940 3303 coetera
1974 3266 2330 3320 exequamur
2354 3257 2568 3305 nostrae

466 3337 504 3361 “
544 3333 854 3405 legationis
890 3331 1121 3395 nuncia,
1148 3331 1378 3386 noverit
1400 3336 1597 3386 vestra
1627 3333 1960 3387 reverentia
1993 3332 2290 3388 civitatem
2313 3340 2571 3389 vestram

467 3421 504 3445 “
542 3417 923 3473 indicibiliter
961 3413 1309 3486 perturbari,
1367 3431 1435 3469 eo
1495 3414 1653 3485 quod
1701 3421 1958 3471 vestram
2006 3417 2378 3489 praesentiam
2417 3419 2571 3474 elon·

466 3505 504 3528 “
543 3501 728 3573 gastis
766 3500 838 3555 ab
875 3515 962 3563 ea,
1004 3516 1135 3569 quae
1170 3504 1398 3553 tantum
1432 3498 1601 3553 vobis
1636 3500 1899 3555 noscitur
1935 3518 2064 3556 esse
2101 3502 2328 3567 devota,
2366 3509 2435 3558 ut
2457 3522 2571 3558 non

466 3590 503 3613 “
541 3584 732 3640 solum
767 3589 972 3655 parata
1007 3582 1088 3637 sit
1121 3581 1272 3637 bona
1307 3599 1413 3636 sua
1446 3582 1808 3653 temporalia,
1856 3584 1960 3639 sed
1998 3585 2195 3650 etiam,
2236 3586 2288 3641 si
2334 3605 2571 3643 necesse

465 3673 503 3697 “
544 3670 640 3734 sit,
701 3686 806 3740 pro
852 3666 1019 3723 vobis
1080 3665 1415 3738 impendere
1461 3666 1646 3721 vitam
1684 3687 1868 3723 suam.
1967 3669 2168 3739 Igitur
2208 3670 2282 3725 ad
2315 3678 2573 3728 vestram

466 3756 504 3781 “
542 3752 914 3826 praesentiam
975 3751 1347 3815 accessimus,
1401 3753 1693 3822 precaturi
1743 3758 1813 3808 ut
1859 3752 2098 3817 ibidem,
2148 3759 2271 3810 tam
2317 3757 2392 3811 ad
2439 3774 2571 3812 con·

467 3842 505 3865 “
545 3838 889 3893 solationem
915 3836 1134 3891 civium
1161 3853 1338 3907 quam
1360 3836 1544 3892 vestri
1570 3838 1948 3893 securitatem
1966 3844 2027 3894 et
2041 3838 2335 3905 solatium,
2353 3843 2570 3896 morari

467 3925 504 3949 “
542 3921 758 3977 velitis.
835 3920 1233 3993 Deprecamur
1271 3920 1530 3991 insuper,
1557 3921 1841 3993 Princeps
1866 3922 2285 3988 illustrissime,
2336 3929 2405 3980 ut
2451 3925 2568 3982 dis-

466 4009 505 4033 “
544 4004 758 4060 cordiae
794 4022 925 4075 quae
960 4003 1115 4059 inter
1151 4004 1310 4059 cives
1333 4010 1561 4060 nostros
1597 4011 1660 4061 et
1694 4005 2011 4061 Dominum
2033 4013 2316 4072 nostrum,
2344 4008 2569 4064 Ducem

468 4092 506 4116 ‘⁴
545 4088 917 4152 Lancastriae‚
945 4104 1132 4159 nuper
1157 4088 1521 4159 quorundam
1545 4089 1942 4145 simultatibus
1981 4096 2109 4145 orta
2132 4096 2239 4155 est,
2274 4091 2570 4148 nullorum

470 4175 508 4200 ‘⁸
549 4171 787 4244 quidem
823 4171 1142 4235 commodo,
1171 4172 1276 4227 sed
1310 4172 1698 4243 plurimorum
1723 4173 2045 4245 dispendi0,
2073 4174 2247 4229 finem
2270 4175 2568 4248 imponere

473 4261 510 4285 “
550 4254 895 4327 dignemini,
934 4255 1051 4326 ipsi
1089 4255 1242 4310 Duci
1280 4261 1341 4311 et
1374 4257 1591 4311 nostris
1629 4257 1858 4312 civibus
1894 4258 2319 4314 fructuosum.”

533 4340 556 4374 ³
571 4341 718 4395 Hoec
753 4346 815 4395 et
847 4338 965 4394 hiis
1002 4338 1293 4394 similibus
1329 4339 1402 4394 ab
1439 4357 1507 4394 eo
1530 4342 1836 4411 peroratis,
1864 4360 2207 4413 responsum
2232 4350 2324 4401 est
2346 4364 2382 4400 a
2398 4345 2567 4402 Prin·
2592 4323 2893 4443 ffiffigf

535 4578 550 4607 ¹
572 4574 835 4642 Probably
851 4573 1182 4640 Kenynqtone,
1198 4573 1324 4624 asin
1343 4589 1471 4640 page
1514 4577 1530 4664 1
1637 4578 1659 4607 ⁸
1677 4575 1765 4627 Sic
1800 4577 1851 4627 iu
1892 4578 2036 4644 orig„
2061 4581 2162 4630 and
2196 4580 2330 4633 Bibl.
2354 4583 2480 4649 Reg.
2510 4590 2569 4635 13

473 4661 572 4707 326
605 4662 759 4745 anfa-
867 4731 881 4746 ·
1004 4732 1017 4744 ⁶
1520 4666 1534 4775 Ι
1573 4655 1634 4706 Ε.
1660 4655 1732 4706 ix.

538 4737 559 4766 ²
581 4733 844 4798 Prmctpes
863 4747 920 4782 m
943 4747 1097 4798 ong.;
1132 4732 1473 4797 erroneously.
