3300 5617
1036 824 1365 878 HISTORIA
1410 826 1823 881 mummuli.
2384 819 2513 884 483

85 1042 108 1066 κ.
146 1013 351 1074 Bibl.
409 1022 569 1073 certo
606 1018 720 1074 sibi
755 1033 865 1075 nec
900 1013 1014 1073 suo‘
1045 1016 1404 1075 Monasterio
1439 1018 1513 1074 de
1553 1017 1771 1075 talibus
1813 1018 2291 1077 concessionibus
2325 1018 2513 1078 ullum
2537 1028 2673 1084 A.D.
2704 1032 2847 1084 1331.

84 1101 131 1165 Ξ·
177 1092 267 1140 13
410 1100 780 1174 dispendium
815 1108 918 1158 aut
950 1102 1360 1175 praejudicium
1393 1107 1837 1175 proventurum.

84 1169 183 1206 ¹¹·
477 1185 686 1243 Paruit
731 1186 951 1243 idcirco
984 1186 1184 1243 Abbas
1216 1187 1486 1260 petitioni
1519 1187 1799 1259 praesenti
1833 1187 2203 1254 villanorum,
2242 1194 2305 1246 et
2342 1188 2513 1261 juxta
2539 1189 2654 1242 The
2673 1207 2848 1257 agree·

404 1277 542 1328 vota
579 1289 781 1328 eorum
823 1273 1108 1343 scriptum
1144 1272 1558 1344 obligatorium
1607 1273 1719 1328 sub
1766 1273 1955 1329 forma
1983 1273 2306 1346 praemissa,
2334 1290 2508 1347 appo·
2535 1267 2674 1311 ment
2704 1261 2749 1310 5⁸

405 1358 519 1413 sito
556 1357 757 1428 sigillo
802 1356 1058 1429 proprio,
1109 1362 1171 1413 et
1210 1356 1410 1428 sigillo
1444 1356 1801 1423 Conventus,
1865 1358 2116 1414 confecit
2161 1363 2223 1415 et
2264 1358 2511 1415 tradidit
2534 1325 2845 1456 ξζιζὴέωθᾱ

403 1440 670 1497 manibus
737 1441 1071 1498 eorundem.
1169 1440 1296 1513 Ipsi
1343 1446 1541 1497 autem
1604 1442 1670 1497 in
1737 1440 1856 1499 hiis
1904 1441 2174 1499 omnibus
2220 1460 2337 1499 non
2380 1448 2507 1500 tan·
2534 1457 2622 1509 the
2641 1459 2818 1513 ΛΜΝ

404 1542 578 1598 quam
618 1527 856 1590 subditi,
897 1525 1002 1582 sed
1024 1523 1190 1582 velut
1222 1525 1462 1590 domini,
1500 1527 1566 1582 in
1586 1542 1820 1582 camera
1853 1523 2120 1593 Abbatis,
2158 1526 2223 1583 in
2246 1526 2505 1600 Capella,
2534 1526 2634 1576 find
2656 1524 2791 1577 Con-

401 1611 465 1669 in
508 1612 781 1685 penticio,
847 1627 954 1683 pro
1016 1610 1189 1667 libito
1253 1608 1723 1676 deambulabant,
1791 1616 1852 1667 et
1898 1611 2292 1669 interfuerunt
2326 1612 2509 1685 scrip-
2530 1599 2664 1644 vent·

397 1700 567 1761 turso,
631 1696 746 1768 ipsi
796 1695 1080 1751 dictantes
1144 1695 1256 1750 hoc
1316 1694 1473 1766 quod
1536 1693 1909 1751 scribendum
1970 1696 2181 1763 fuerat,
2231 1701 2295 1752 et
2344 1696 2511 1767 sigil-

398 1778 601 1836 lationi
644 1779 933 1836 curiosius
980 1777 1380 1846 intendentem
1440 1794 1577 1835 nam
1632 1796 1743 1853 pro
1811 1784 1953 1836 tunc
2012 1778 2213 1851 sigilla
2256 1777 2506 1838 Abbatis

400 1867 461 1920 et
496 1861 833 1921 Conventus
878 1863 1100 1919 ibidem
1143 1863 1399 1919 fuerunt.
1484 1862 1658 1920 Unde
1701 1862 1972 1919 mirabile
2018 1862 2172 1921 illud
2216 1864 2498 1936 contigit=
2531 1860 2839 1940 lgm-venons

398 1965 533 2004 cum
574 1949 777 2005 charta
810 1947 885 2004 de
920 1947 1194 2004 libertate
1220 1946 1401 2013 villae,
1425 1946 1523 2005 vel
1558 1947 1932 2013 villanorum,
1974 1946 2228 2020 sigillari
2269 1949 2503 2006 debuis-
2528 1942 2738 1979 ‘mmm‘

400 2038 506 2098 set,
545 2032 704 2104 quod
753 2050 888 2089 cum
959 2032 1116 2088 omni
1180 2031 1412 2088 cautela
1474 2035 1535 2088 et
1593 2031 1907 2104 diligentia
1950 2047 2087 2088 cera
2138 2032 2404 2105 apposita
2467 2051 2504 2088 a
2527 2004 2789 2127 fflffing

399 2115 712 2174 scientibus
809 2115 1008 2188 sigillo
1103 2115 1400 2171 communi
1472 2114 1702 2181 fuisset,
1794 2115 1859 2170 in
1917 2132 2034 2187 quo
2100 2114 2501 2173 vetustissimo
2525 2128 2612 2178 the
2642 2131 2838 2194 sealing

396 2216 570 2274 opere
656 2201 854 2272 imago
925 2198 1171 2273 gloriosi
1227 2199 1688 2273 Protomartyris
1759 2197 2200 2266 Britannorum,
2260 2199 2497 2265 Albani,
2524 2196 2733 2248 thereos.

394 2286 703 2357 figuratur,
740 2292 945 2343 tenens
995 2285 1060 2341 in
1111 2300 1291 2340 manu
1324 2281 1602 2357 palmam,
1640 2281 1807 2340 nulla
1840 2282 2038 2355 potuit
2069 2289 2196 2341 arte
2236 2302 2342 2356 per
2376 2292 2498 2341 tres

395 2371 553 2426 vices
602 2369 777 2425 avelli
833 2368 929 2425 vel
975 2366 1266 2425 removeri
1332 2366 1405 2424 de
1453 2366 1672 2438 sigillo,
1723 2366 2141 2440 pronosticans
2190 2367 2499 2439 proculdu-

395 2453 492 2510 bio
524 2452 850 2526 Martyrem
889 2453 1045 2508 nolle
1092 2469 1192 2509 eos
1236 2452 1362 2507 fore
1408 2450 1692 2517 dominos,
1734 2450 1840 2507 sed
1883 2449 2038 2509 velle
2085 2451 2392 2520 dominari,
2431 2458 2500 2510 ut

393 2539 691 2605 hacteuus,
751 2555 928 2611 super
998 2554 1118 2593 eos.
1213 2534 1431 2609 Adepti
1485 2537 1750 2593 chartam
1808 2535 2149 2592 libertatum
2206 2536 2386 2603 villae,
2438 2544 2499 2595 et
2522 2556 2744 2608 Further

393 2621 809 2693 obligationem
842 2621 1164 2696 praefatam,
1190 2619 1466 2693 oppidani
1488 2619 1651 2677 ibant
1697 2619 2039 2694 gaudentes,
2078 2625 2220 2677 tunc
2261 2621 2496 2679 demum
2521 2627 2752 2687 proceed-

393 2706 759 2780 divulgaturi
811 2707 886 2763 ad
921 2706 1171 2763 Crucem
1203 2705 1438 2779 publice
1484 2704 1749 2762 chartam
1785 2721 1963 2777 quam
2014 2704 2386 2762 obtinuerant
2421 2706 2493 2762 de
2520 2691 2635 2769 ings
2657 2694 2717 2741 of
2730 2693 2815 2743 ὼε

391 2790 767 2857 MonasteriO,
807 2809 925 2847 una
947 2809 1082 2847 cum
1119 2790 1322 2846 charta
1353 2788 1540 2860 regia,
1577 2806 1730 2862 quse,
1768 2794 1839 2845 ut
1872 2788 2144 2854 diximus,
2183 2789 2493 2847 videbatur
2518 2770 2813 2825 insurgents.

393 2876 699 2949 indulgere
751 2876 929 2949 ligeis
976 2874 1309 2931 hominibus
1348 2874 1551 2946 Regis,
1590 2873 1854 2940 felonias,
1892 2874 2268 2947 proditiones,
2307 2881 2493 2931 trans-

393 2961 743 3033 gressiones,
799 2967 860 3017 et
929 2960 1302 3024 extortiones,
1359 2977 1467 3032 per
1520 2959 1681 3031 ipsos
1741 2960 1944 3025 sactae,
1999 2965 2157 3027 etc.;
2197 2966 2259 3016 et
2291 2979 2491 3017 manu-

390 3046 727 3101 missionem
749 3045 963 3102 nativis
988 3045 1346 3117 promittere,
1371 3043 1544 3100 modo
1566 3047 1863 3116 praetacto.
1938 3043 2215 3100 Chartam
2251 3045 2491 3118 insuper

391 3130 830 3196 Protectoriam,
888 3147 1065 3202 quam
1115 3128 1400 3184 Dominus
1458 3128 1585 3184 Rex
1634 3127 1881 3184 miserat
1911 3127 2288 3193 MonasteriO,
2340 3130 2492 3185 facta

390 3214 839 3288 proclamatione
925 3215 1488 3277 demonstraverunt,
1549 3217 1829 3283 tanquam
1900 3211 2288 3267 omnimodam
2348 3212 2488 3268 foris

388 3298 846 3355 benevolentiam
883 3299 1242 3364 simulantes,
1269 3315 1404 3354 cum
1425 3298 1584 3354 intus
1606 3297 1836 3354 malitia
1854 3302 2131 3368 regnaret
2152 3295 2169 3330 ¹
2184 3297 2485 3361 immensa,

388 3390 458 3441 ut
490 3404 563 3441 ex
597 3385 847 3457 posteris
886 3383 1182 3440 elucebit.'·'

466 3644 718 3715 Charta
762 3642 1153 3712 conceditur
1194 3640 1459 3708 cmwtis
1503 3638 1578 3706 N
1574 3638 1786 3707 ativis
1829 3637 2074 3706 Sancti
2116 3635 2394 3705 Albani.

455 3820 571 3875 Die
606 3819 786 3875 Lunoe
823 3824 884 3874 et
917 3816 1126 3871 Martis
1164 3813 1561 3886 sequentibus,
1600 3815 1997 3866 convenerunt
2015 3807 2200 3865 nativi
2224 3806 2482 3863 omnium
2509 3801 2827 3921 meos

384 3905 661 3961 villarum
714 3901 1133 3977 pertinentium
1185 3898 1563 3963 Monasterio,
1616 3900 1945 3952 asserentes
1997 3911 2059 3949 se
2096 3894 2158 3948 in
2192 3892 2479 3949 mandatis
2507 3936 2619 3988 Bion
2641 3954 2726 3989 are

382 3991 598 4046 habere
637 3994 722 4054 ut,
769 3986 1038 4043 omnibus
1089 3983 1222 4040 aliis
1278 3982 1437 4039 curis
1482 3980 1843 4054 postpositis,
1903 3980 2203 4050 exigerent
2248 3977 2478 4033 chartas
2506 4007 2718 4070 granted
2739 4012 2792 4055 to

382 4071 853 4129 manumissionis
891 4076 953 4126 et
991 4067 1302 4132 libertatis,
1343 4066 1664 4123 secundum
1698 4071 1959 4120 tenorem
1982 4063 2198 4118 chartae
2220 4061 2474 4133 regalis;
2504 4071 2592 4122 the
2612 4073 2769 4122 bond-

383 4160 486 4232 qui
525 4175 725 4214 omnes
763 4153 1096 4212 consimiles
1134 4154 1366 4208 chartas
1408 4154 1773 4223 acceperunt,
1816 4150 1877 4204 in
1910 4148 2037 4204 hoec
2070 4147 2250 4203 verba
2267 4169 2359 4202 :-
2502 4153 2620 4255 {¹⁹3¹
2641 4140 2703 4189 οἲ

456 4246 494 4271 “
514 4241 818 4298 Universis
863 4239 1090 4296 Sanctoe
1131 4236 1342 4293 Matris
1378 4235 1660 4291 Ecclesioe
1696 4233 1854 4297 filiis,
1894 4236 2208 4304 praesentes
2246 4231 2472 4287 litteras
2499 4213 2725 4324 ἰὲξὴ

384 4332 423 4355 “
463 4327 829 4398 inspecturis,
883 4324 1152 4388 Thomas,
1190 4320 1576 4393 permissione
1623 4317 1824 4374 Abbas
1881 4315 2222 4372 Monasterii
2274 4315 2474 4371 Sancti

385 4416 423 4439 “
461 4411 693 4476 Albani,
745 4416 805 4464 et
863 4405 1126 4479 ejusdem
1185 4405 1297 4461 loci
1358 4402 1710 4468 Conventus,
1773 4401 2021 4458 salutem
2080 4400 2143 4455 in
2200 4400 2467 4456 Domine.

451 4700 464 4730 ¹
504 4699 552 4747 in
598 4712 758 4747 meum
825 4696 879 4746 in
940 4694 1068 4760 orig.
1136 4692 1238 4743 and
1280 4691 1368 4741 the
1542 4686 1631 4738 *A
1674 4687 1798 4752 long
1835 4700 2047 4753 passage
2079 4685 2137 4735 in
2183 4685 2294 4736 MS.
2333 4686 2467 4736 Bibl.

384 4778 578 4844 printed
600 4783 745 4828 texts.
1476 4767 1602 4832 Reg.
1631 4772 1691 4817 13
1715 4766 1775 4818 Ε.
1798 4766 1871 4818 ix.
1890 4764 1934 4817 is
1954 4766 2162 4817 omitted
2181 4766 2312 4815 here.

2000 4837 2202 4899 11112
