3300 5617
823 754 955 820 394
1487 767 1749 817 monus
1794 767 2260 818 vammum

481 942 620 995 ΑΒ.
650 945 792 996 1379.
817 943 1227 1016 praemisimus‚
1273 944 1521 1001 Comitis
1562 945 1857 1000 Flandriae
1892 943 2379 1015 consanguineus,
2416 942 2512 998 vir
2534 949 2595 998 et
2615 943 2912 1000 nobilitate
2937 966 3137 1026 ”3133st

816 1029 1047 1098 generis
1082 1029 1418 1100 praeclarus,
1447 1036 1507 1085 et
1531 1029 1776 1086 scientia
1813 1028 2142 1084 litterarum
2179 1044 2296 1082 non
2329 1028 2525 1082 minus
2561 1027 2910 1099 spectabilia,
2937 1034 3043 1100 Reg,
3063 1045 3104 1092 ιδ

817 1113 867 1168 si
935 1131 1120 1183 genus
1157 1119 1219 1168 et
1254 1112 1271 1145 ¹
1288 1114 1593 1169 scientiam
1628 1113 1741 1169 hac
1777 1113 2023 1184 perfidia
2055 1112 2297 1166 minime
2329 1111 2698 1167 maculasset.
2798 1111 2912 1167 Hic
2937 1100 2989 1152 Ε·
3007 1107 3064 1156 i1-

815 1196 1001 1267 igitur
1023 1214 1175 1260 mox,
1205 1201 1272 1252 ut
1294 1196 1569 1252 Urbanus
1595 1196 1760 1268 Papa
1782 1196 2195 1252 Pontificatum
2219 1202 2311 1251 est
2333 1197 2653 1267 ingressus,
2672 1195 2914 1252 adhaesit

814 1280 1004 1335 cidem
1040 1280 1386 1335 familiarius
1424 1281 1671 1345 caeteris,
1711 1280 1865 1335 unde
1907 1286 1969 1335 et
2002 1279 2130 1351 ejus
2172 1279 2432 1334 consiliis
2470 1279 2780 1351 specialius
2828 1288 2915 1336 est

815 1364 1054 1418 accitus.
1130 1363 1296 1433 Quod
1330 1362 1353 1396 ²
1373 1370 1438 1420 ut
1471 1370 1835 1436 compertum
1883 1369 1974 1419 est
1999 1362 2215 1419 Comiti
2240 1363 2532 1418 Flandriae
2578 1370 2909 1429 memorato,

814 1448 1055 1518 gavisus
1091 1454 1197 1511 est,
1227 1449 1394 1520 quasi
1430 1466 1535 1520 per
1570 1449 1764 1519 ipsum
1799 1448 1986 1503 multa
2020 1454 2177 1503 esset
2208 1447 2365 1519 apud
2401 1447 2622 1520 Papam
2656 1448 2913 1503 facturus

815 1538 876 1586 ct
911 1530 1348 1602 impetraturus·
1447 1531 1507 1586 N
1509 1549 1575 1586 ec
1636 1549 1805 1587 secus
1865 1530 2081 1586 accidit
2140 1548 2317 1603 quam
2377 1530 2662 1602 sperabat.
2758 1530 2820 1585 N
2823 1548 2911 1586 am

816 1616 1122 1671 confestim
1162 1615 1237 1670 ad
1272 1616 1468 1687 ipsum
1505 1633 1642 1670 suas
1677 1615 1996 1670 destinavit
2032 1613 2327 1686 epistolas,
2356 1620 2622 1669 oneratas
2645 1614 2911 1685 precibus

818 1704 879 1755 ct
900 1700 1223 1771 promissis,
1264 1705 1332 1753 ut
1366 1698 1656 1769 quendam
1697 1698 1980 1753 clericum
2015 1698 2110 1753 sui
2147 1697 2489 1761 Comitatus,
2528 1697 2911 1769 Praepositum

817 1778 1095 1840 videlicet
1141 1783 1340 1839 Sancti
1387 1783 1621 1847 Donati,
1673 1783 1992 1838 transferre
2040 1782 2334 1837 laboraret
2380 1781 2456 1836 ad
2501 1781 2910 1853 Episcopatum

817 1867 1209 1923 Morinensem
1246 1867 1370 1922 sive
1404 1865 1426 1899 ³
1782 1909 1795 1931 ,
1848 1883 1916 1921 ac
1963 1865 2254 1937 quendam
2292 1865 2474 1920 alium
2509 1865 2786 1921 clericum
2841 1866 2909 1920 de

819 1970 926 2007 sua
966 1950 1189 2006 familia
1235 1951 1298 2005 in
1345 1950 1737 2022 Praepositum
1773 1949 1972 2005 Sancti
2021 1948 2255 2012 Donati,
2306 1948 2527 2004 faceret
2562 1950 2905 2020 promoveri.

818 2036 1040 2106 Quibus
1081 2035 1353 2106 acceptis,
1406 2036 1603 2090 statim
1665 2034 2014 2097 Gardinalis,
2077 2039 2345 2104 respectu
2405 2033 2554 2087 tanti
2599 2033 2731 2097 viri,
2782 2051 2909 2088 con·

816 2119 1122 2190 sanguinei
1170 2119 1282 2182 sui,
1327 2118 1575 2174 Domino
1615 2118 1794 2189 Papae
1827 2118 1957 2188 ejus
1996 2117 2304 2189 petitiones
2328 2117 2557 2171 curavit
2593 2134 2905 2188 exponere3

813 2221 921 2258 nec
958 2202 1198 2273 segnius
1244 2220 1280 2257 a
1320 2203 1482 2273 Papa
1517 2220 1647 2273 quie
1685 2203 1935 2273 petierat
1974 2201 2328 2272 impetravit.
2404 2199 2704 2270 Expeditis
2729 2201 2909 2271 igitur

813 2306 920 2360 pro
956 2306 1076 2343 sua>
1123 2287 1439 2342 voluntatis
1476 2286 1719 2340 arbitrio
1755 2285 2128 2340 Flandrensis
2163 2284 2560 2356 petitionibus,
2611 2285 2908 2339 confestim

812 2372 1042 2428 remisit
1065 2371 1257 2426 eidem
1293 2388 1430 2425 suas
1464 2370 1711 2434 litteras,
1746 2369 2027 2424 nuncians
2061 2375 2123 2424 et
2157 2386 2293 2423 suas
2325 2368 2635 2440 petitiones
2663 2369 2906 2433 auditas,

814 2464 873 2513 et
931 2474 1107 2527 quam
1164 2455 1484 2526 benignum
1542 2453 1858 2508 Dominum
1901 2453 2121 2525 Papam
2180 2459 2480 2524 repererat
2539 2471 2686 2524 erga
2747 2472 2910 2508 suam

813 2558 1138 2612 personam,
1184 2556 1639 2594 commemorans
1689 2538 1865 2592 etiam
1912 2536 2101 2592 multa
2147 2537 2221 2592 de
2264 2538 2572 2592 sanctitate
2620 2537 2814 2608 Papae,
2853 2544 2912 2592 et

809 2629 1074 2701 justitia3
1132 2627 1285 2682 unde
1345 2627 1695 2699 precabatur
1757 2625 2024 2680 obnixius
2072 2634 2141 2680 ut
2193 2631 2254 2680 et
2313 2625 2440 2696 ipse
2489 2624 2697 2681 Comes
2758 2634 2910 2680 essct

817 2718 1038 2772 amicus
1078 2716 1225 2786 ejus,
1278 2733 1453 2786 quem
1501 2718 1765 2770 senserat
1823 2713 1886 2768 in
1934 2713 2143 2785 primis
2192 2713 2317 2768 suis
2376 2713 2753 2784 petitionibus
2800 2714 2909 2768 sibi

816 2808 937 2856 tam
985 2798 1397 2863 favorabilem;
1460 2816 1529 2852 ac
1587 2798 1847 2868 insuper,
1899 2796 1961 2850 in
2010 2796 2133 2851 suis
2180 2796 2396 2851 litteris
2445 2804 2679 2853 curaret
2723 2798 2908 2852 eidem

816 2884 991 2955 Papae
1016 2883 1207 2954 ipsum
1233 2881 1601 2937 cardinalem
1626 2879 1960 2952 specialiter
1983 2879 2470 2935 recommendare.
2546 2879 2688 2949 Quae
2721 2882 2912 2935 omnia

817 2966 974 3022 idem
1018 2965 1229 3020 Comes
1278 2964 1639 3035 adimplevit.

484 3069 720 3121 Ground„
887 3051 1111 3122 Expost
1156 3066 1316 3112 ver0,
1369 3065 1504 3103 cum
1555 3047 1682 3119 ipse
1735 3046 2066 3102 cardinalis
2120 3052 2181 3102 et
2228 3048 2428 3102 caeteri
2497 3048 2571 3102 de
2631 3048 2912 3119 CollegiO,

485 3150 617 3198 upon
818 3135 1030 3206 quibus
1084 3132 1362 3188 Ecclesiae
1412 3131 1777 3203 perturbatio
1828 3131 2242 3202 complacebat,
2298 3130 2570 3187 viderent
2617 3131 2914 3187 Urbanum

482 3200 653 3317 {23¹²
677 3198 793 3251 Cle·
817 3219 1037 3289 Papam
1072 3223 1140 3272 ut
1177 3216 1486 3271 Summum
1535 3213 1880 3269 Pontificem
1931 3218 2037 3286 p'er
2073 3215 2269 3269 omnia
2304 3215 2686 3271 condecenter
2720 3234 2912 3286 agere,

475 3334 652 3397 joined
672 3332 759 3383 ,he
818 3310 1017 3357 contra
1050 3300 1357 3357 avaritiam
1407 3299 1669 3370 ipsorum
1706 3298 2025 3370 disputare,
2066 3298 2350 3354 adversus
2404 3300 2725 3372 injustitias
2759 3302 2782 3332 ⁴
2799 3301 2913 3355 dis·

483 3410 625 3465 put-gy
650 3415 737 3463 op.
819 3392 1069 3458 ceptare,
1124 3390 1183 3439 et
1254 3385 1317 3438 in
1374 3400 1573 3438 omnes
1636 3383 1984 3438 simoniacos
2059 3382 2350 3454 intrepide
2411 3384 2753 3440 terribiliter
2808 3385 2915 3438 ful-

484 3468 703 3531 posedto
816 3471 1057 3533 minare,
1130 3468 1409 3540 poenituit
1478 3485 1575 3522 eos
1648 3467 1858 3521 fecisse
1917 3466 2226 3521 hominem.
2336 3466 2613 3539 Augebat
2680 3469 2917 3541 insuper

484 3535 569 3612 *⁴3¹⁸
599 3534 726 3647 ‘³¹5⁰’
817 3555 1075 3609 furorem
1112 3570 1330 3616 eorum,
1372 3551 1527 3623 quod
1577 3557 1933 3622 protestatus
1970 3551 2164 3605 fuerat
2199 3569 2262 3606 se
2297 3551 2594 3623 justitiam
2629 3554 2917 3608 facturum

482 3608 641 3729 ἓξὲξ
816 3639 971 3693 intcr
1004 3637 1199 3692 virum
1236 3642 1296 3691 et
1329 3636 1543 3696 virum.
1598 3641 1659 3690 et
1711 3635 1958 3690 maxime
2019 3634 2173 3690 inter
2223 3635 2419 3707 Reges
2456 3635 2812 3691 Francorum
2860 3646 2917 3692 et

484 3733 679 3784 Urban.
816 3721 1163 3792 Anglorum,
1226 3737 1331 3791 per
1391 3737 1639 3790 quorum
1712 3737 1858 3792 pene
1919 3718 2242 3774 discordias
2313 3724 2438 3774 tota
2508 3719 2917 3776 christianitas

817 3805 1231 3861 detrimentum
1292 3804 1532 3872 accepit.
1638 3802 1939 3857 Favebant
1993 3803 2274 3858 nimirum
2332 3801 2488 3873 Regi
2541 3802 2914 3867 Francorum,

817 3890 947 3961 ejus
983 3888 1165 3944 illecti
1202 3886 1562 3949 muneribuS,
1590 3887 1746 3941 unde
1771 3894 1832 3941 et
1864 3887 2201 3941 metuebant
2235 3902 2308 3940 ne
2345 3886 2571 3956 aliquid
2606 3886 2918 3941 salubriter

820 3979 1106 4029 statueret
1154 3976 1355 4026 contra
1391 3987 1544 4035 eum,
1602 3987 1709 4040 per
1759 3968 1914 4041 quod
1963 3970 2058 4024 vel
2114 3986 2316 4024 eorum
2365 3970 2727 4025 minueretur
2762 3988 2915 4026 com-

830 4189 985 4195 ——H
1010 4186 1317 4195 e—Q—-—
1348 4185 1515 4192 ⁴——

1914 4305 1967 4355 in
1991 4305 2132 4370 orig„
2150 4306 2203 4355 in
2226 4322 2256 4357 a
2278 4320 2416 4357 more
2431 4316 2603 4358 recent
2616 4309 2768 4367 hand,
2790 4310 2912 4360 with

1913 4386 2209 4451 apparently
2229 4386 2317 4437 the
2338 4388 2482 4436 word
2510 4386 2916 4440 Gandum‘ensem:

890 4309 1134 4358 'scientia
1177 4322 1240 4356 ac
1289 4306 1344 4355 in
1400 4306 1526 4372 orig.
1574 4307 1678 4355 and
1734 4305 1819 4355 the

820 4387 1018 4452 printed
1041 4394 1175 4436 texts
1202 4407 1216 4446 3
1251 4387 1507 4436 corrected
1529 4385 1659 4435 fi-om
1681 4384 1818 4436 Bibl.

821 4467 947 4532 Reg.
978 4472 1037 4515 13
1057 4467 1116 4515 E.
1133 4466 1212 4515 ix.
1911 4466 2015 4513 sive
2049 4467 2151 4515 and
2184 4465 2269 4515 the
2302 4465 2470 4517 hiatus
2503 4481 2588 4517 are
2621 4468 2827 4518 omitted
2861 4469 2914 4518 in

884 4549 905 4577 ²
927 4555 973 4595 ct
993 4546 1047 4594 in
1062 4546 1145 4595 the
1163 4544 1364 4610 printed
1384 4550 1530 4595 texts.
1913 4544 1999 4594 the
2023 4545 2221 4608 printed
2243 4552 2396 4595 texts.

884 4628 905 4656 ³
926 4627 1027 4673 sive
1069 4624 1447 4674 Thaveruensem
1470 4624 1522 4672 in
1545 4623 1659 4672 MS.
1683 4622 1816 4673 Bibl.
1979 4626 2000 4654 ⁴
2019 4624 2270 4689 decepture
2343 4626 2397 4674 in
2467 4624 2608 4690 orig„
2674 4626 2775 4675 and
2829 4625 2916 4675 the

819 4704 944 4769 Reg.
974 4708 1033 4752 13
1056 4703 1115 4753 E.
1140 4703 1213 4751 ix.
1265 4703 1375 4752 The
1409 4701 1573 4752 hiatus
1604 4700 1651 4750 is
1684 4701 1820 4752 filled
1912 4703 2112 4766 printed
2132 4712 2281 4754 texts·
