3300 5617
505 1000 643 1052 ΑΒ.
669 1002 809 1053 1370.

507 1084 562 1134 A
584 1088 730 1164 great

505 1167 650 1217 army
667 1167 713 1201 ιε

507 1225 619 1268 sent
629 1216 810 1269 everto

504 1285 718 1337 F'ranee.

500 2586 712 2637 Dissen-

502 2652 638 2703 sions
659 2652 788 2703 arise

501 2735 688 2785 among
708 2719 775 2770 its

502 2786 716 2837 leaders.

498 3606 790 3658 Disastrous

496 3675 676 3724 results

497 3740 704 3792 thereos.

840 797 970 860 310
1504 809 1760 857 'monia
1807 806 2271 857 wmmom

837 1000 910 1055 de
951 999 1367 1055 valentioribus
1401 999 1546 1054 viris
1583 1005 1644 1054 et
1677 999 1867 1070 magis
1904 998 2155 1070 expertis
2204 997 2266 1053 in
2304 996 2478 1061 bello,
2519 994 2623 1067 qui
2670 995 2735 1049 in
2758 1010 2951 1063 regno
2971 994 3091 1051 HS.
3110 998 3223 1051 mu

837 1088 1107 1155 poterant
1185 1082 1454 1137 inveniri.
1530 1083 1696 1138 Inter
1745 1101 1889 1154 quos
1952 1092 2119 1138 erant
2177 1081 2413 1136 Domini
2452 1080 2525 1134 de
2573 1077 2944 1139 Graunsone‚
2970 1067 3101 1145 Βθξ·
3128 1072 3180 1117 ¹⁸

838 1168 909 1223 de
933 1168 1301 1231 Fiathwater,
1353 1173 1414 1222 et
1445 1167 1665 1239 plures,
1716 1173 1838 1222 tam
1884 1166 2163 1238 armigeri
2216 1183 2392 1238 quam
2426 1163 2663 1228 milites,
2714 1160 2948 1216 nobiles
2972 1134 3130 1253 ἐξ*

837 1260 896 1307 et
931 1252 1205 1307 valentes.
1277 1251 1415 1306 Hiis
1446 1252 1708 1322 praefecit
1742 1251 1950 1306 ducem
1984 1251 2303 1307 Dominum
2325 1249 2647 1304 Robertum
2672 1250 2687 1281 ¹
2707 1244 2948 1300 Knollis
2974 1266 3245 1323 Hm

837 1337 1030 1391 virum
1076 1335 1386 1406 providum
1432 1342 1494 1390 et
1538 1335 1837 1399 audacem,
1902 1335 2006 1405 qui
2074 1334 2232 1389 bella
2292 1331 2686 1389 ffansmarina
2730 1335 2949 1385 tracta-
2970 1352 3058 1400 pp.
3080 1340 3183 1397 197,
3202 1342 3231 1387 ε,

837 1425 1004 1475 verat
1073 1436 1178 1491 per
1248 1423 1382 1473 ante
1452 1417 1791 1473 multotiens
1863 1417 2150 1488 gloriose;
2233 1418 2402 1488 cujus
2462 1415 2816 1472 discretione
2881 1422 2949 1468 et

836 1504 1125 1560 industria
1170 1503 1357 1558 voluit
1417 1519 1515 1557 eos
1579 1500 1841 1557 totaliter
1905 1500 2188 1571 regulari,
2258 1508 2319 1556 et
2379 1499 2507 1571 ejus
2567 1499 2817 1570 imperio
2878 1498 2947 1551 in

837 1588 1103 1641 omnibus
1169 1587 1421 1641 obedire.
1521 1585 1634 1655 Qui
1704 1585 1958 1650 tandem,
2026 1586 2175 1641 mari
2238 1586 2505 1650 transito,
2568 1584 2631 1639 in
2688 1600 2944 1654 regnum

837 1671 1100 1726 Franciae
1158 1676 1565 1742 pervenerunt,
1605 1670 1708 1724 ubi
1763 1670 2045 1742 quamdiu
2082 1671 2337 1734 fuerunt,
2382 1668 2684 1724 unanimes
2728 1667 2943 1722 Franci

837 1772 935 1809 eos
978 1753 1224 1826 aggredi
1270 1772 1384 1809 non
1430 1754 1736 1809 audebant.
1813 1753 2082 1818 Demum,
2122 1754 2281 1809 circa
2311 1754 2665 1826 principium
2688 1751 2939 1823 hyemis,

837 1845 966 1894 orta
1001 1846 1092 1893 est
1127 1838 1418 1893 discordia
1453 1839 1607 1893 inter
1655 1838 1842 1892 dictos
1883 1838 2167 1893 Dominos
2207 1838 2456 1910 juvenes
2505 1844 2568 1892 et
2614 1836 2941 1891 Robertum
2968 1841 3082 1893 MS.
3104 1844 3213 1893 Bru,

837 1922 1089 1986 Knollis‚
1141 1923 1349 1977 ducem
1455 1940 1667 1987 orum3
1742 1923 1845 1992 qui
1922 1922 1996 1976 de
2061 1923 2313 1994 propriis
2376 1921 2691 1977 virtutibus
2761 1919 2941 1974 nimie
2967 1911 3096 1989 Βεε-
3122 1918 3172 1961 13

835 2006 1205 2071 confidentes,
1257 2006 1622 2062 aestimabant
1662 2023 1726 2061 se
1761 2006 2013 2062 multum
2058 2006 2413 2071 humiliatos,
2466 2005 2623 2076 quod
2676 2003 2943 2074 ejusdem
2966 1977 3030 2027 E*
3053 1993 3121 2027 ¹¹·

835 2090 1077 2146 Roberti
1138 2091 1399 2146 consiliis
1466 2097 1527 2146 et
1589 2091 1881 2145 mandatis
1927 2092 1948 2121 ²
1963 2108 2062 2147 eos
2125 2092 2383 2162 oportuit
2451 2089 2705 2145 obedire.
2793 2087 2943 2142 Erat

834 2180 973 2230 tunc
1019 2176 1173 2231 inter
1220 2192 1319 2230 eos
1368 2175 1606 2246 quidam
1651 2174 1822 2229 miles
1866 2175 2299 2245 stipendiarius,
2341 2174 2533 2230 dictus
2598 2176 2636 2199 “
2665 2172 2703 2226 J
2708 2198 2721 2224 a
2767 2171 2935 2225 Men-

840 2262 876 2284 “
904 2259 1269 2323 streworth,”
1322 2259 1424 2329 qui
1469 2262 1681 2313 'unam
1727 2259 1911 2313 aciem
1958 2259 2223 2329 praedicti
2293 2259 2542 2314 ducebat
2615 2256 2935 2319 exercitus;

835 2360 1010 2397 manu
1059 2343 1295 2413 quidem
1355 2348 1677 2414 promptus,
1744 2342 1847 2397 sed
1907 2349 2102 2397 mente
2166 2343 2343 2397 fallax
2389 2349 2450 2398 et
2494 2359 2826 2413 perversus),
2877 2346 2940 2394 et

836 2425 1090 2481 Boberto
1139 2425 1391 2491 Knollis,
1441 2427 1539 2481 eui
1585 2427 1892 2481 tenebatur
1938 2428 2205 2491 maxime,
2256 2426 2524 2481 infidelis.
2626 2426 2746 2480 Hic
2790 2427 2939 2478 mul-

835 2516 963 2564 tum
1045 2511 1353 2580 instigavit
1422 2510 1608 2566 dictos
1677 2511 1958 2566 Dominos
2029 2517 2232 2566 contra
2300 2510 2639 2571 Robertum,
2733 2509 2929 2563 dicens

833 2592 897 2648 in
944 2611 1146 2649 eorum
1179 2594 1400 2665 grande
1439 2595 1765 2649 redundare
1812 2594 2063 2671 dedecus
2113 2595 2270 2665 quod
2307 2596 2362 2649 ei
2405 2594 2659 2665 subjecti
2706 2597 2931 2657 essent3

836 2677 980 2733 satis
1017 2677 1295 2733 scientem
1342 2677 1441 2733 ⁴et
1480 2679 1692 2733 fortem
1737 2678 1758 2709 ⁶
1781 2679 2100 2749 quemlibet
2135 2696 2336 2733 eorum
2375 2686 2662 2743 astruens,
2704 2676 2781 2732 ad
2812 2692 2938 2749 per-

836 2761 1146 2816 ficiendum
1194 2761 1520 2832 injunctum
1579 2762 1881 2832 negotium
1930 2762 2055 2817 sine
2102 2762 2347 2817 consilio
2394 2762 2639 2818 Roberti
2687 2761 2938 2825 Knollis,

845 2862 1020 2914 quem
1094 2847 1131 2871 “
1157 2842 1544 2915 Vispilionem
1582 2845 1859 2900 Veterem
1876 2845 1911 2868 '’
1961 2846 2294 2917 appellavit.
2365 2846 2535 2901 Unde
2572 2847 2791 2901 factum
2828 2852 2932 2909 est,

832 2946 968 2985 oum
1014 2930 1305 2985 Robertus
1375 2931 1660 3002 praefatus
1719 2931 2049 2986 consuleret
2095 2949 2194 2987 eos
2243 2932 2445 3003 egredi
2513 2932 2821 2987 Franciam
2870 2949 2937 2985 eo

833 3012 1094 3085 bempore
1133 3014 1409 3086 hyemali,
1451 3020 1510 3069 et
1557 3016 1618 3069 in
1655 3015 1961 3071 Britannia
1994 3017 2288 3088 hyemare,
2339 3017 2652 3071 noluerunt
2705 3017 2761 3071 ei
2808 3034 2936 3071 con-

835 3098 1052 3153 sentire
1099 3098 1196 3151 vel
1268 3098 1664 3169 adquiescere,
1741 3099 1845 3153 sed
1916 3099 2133 3154 ibidem
2181 3100 2454 3156 dixerunt
2524 3118 2587 3155 se
2634 3100 2787 3156 velle
2834 3118 2936 3171 per

833 3186 1014 3236 totam
1060 3181 1332 3253 hyemem
1379 3188 1701 3253 expectare.
1778 3181 2140 3254 Quapropter
2189 3202 2253 3239 se
2300 3185 2361 3238 in
2409 3185 2671 3240 diversas
2713 3190 2935 3239 turmas

835 3265 1140 3335 pueriliter
1181 3266 1526 3328 dividentes,
1568 3266 1954 3336 hyemationis
1989 3266 2117 3321 loca
2155 3268 2569 3338 quaesiverunt.
2647 3269 2934 3322 Robertus

834 3365 977 3403 vero
1018 3348 1274 3413 Knollis,
1317 3356 1384 3404 ut
1423 3350 1680 3421 prudens
1719 3356 1781 3405 et
1819 3350 2165 3407 exercitatus
2201 3352 2390 3417 miles,
2433 3370 2566 3407 cum
2604 3370 2719 3407 non
2740 3360 2938 3423 posset

835 3432 921 3486 eis
969 3433 1320 3503 persuadere
1369 3434 1637 3497 salutem,
1704 3433 1946 3489 divertit
1991 3452 2125 3489 cum
2173 3435 2296 3489 suis
2344 3436 2407 3490 in
2453 3436 2836 3500 Britanniam,
2878 3444 2939 3491 et

831 3514 895 3569 in
941 3515 1181 3571 castello
1229 3534 1336 3572 suo
1385 3534 1447 3571 se
1495 3535 1630 3572 cum
1681 3517 1805 3572 suis
1842 3517 2159 3588 prudenter
2200 3520 2438 3590 recepit.
2516 3518 2727 3575 Gallici
2777 3536 2934 3583 vero,

833 3600 958 3654 sine
1004 3617 1185 3663 mora,
1238 3601 1299 3655 in
1346 3606 1587 3655 caeteros
1638 3602 1724 3656 sic
1774 3601 1995 3657 divisos
2045 3608 2104 3658 et
2149 3604 2407 3658 nondum
2454 3604 2518 3658 in
2562 3603 2708 3659 locis
2757 3600 2938 3658 ‘tutis

832 3684 1201 3749 constitutos,
1271 3685 1575 3740 irruerunt
1636 3687 1869 3750 acriter,
1910 3687 2057 3741 duce
2117 3686 2443 3743 Bartrando
2510 3688 2793 3758 Cleykyn‚
2880 3694 2942 3742 ct

831 3785 939 3840 pro
987 3768 1199 3840 majori
1246 3774 1413 3840 parte
1479 3769 1575 3824 vel
1641 3770 1918 3825 occidunt
1978 3771 2076 3825 vel
2141 3769 2163 3808 ⁷
2192 3773 2432 3843 capiunt
2488 3774 2812 3837 universos,
2874 3773 2939 3827 in

831 3869 1111 3922 magnum
1159 3869 1341 3922 regno
1363 3852 1600 3923 Angliae
1642 3853 1895 3910 dedecus
1936 3860 2000 3910 et
2044 3855 2477 3911 detrimentum.
2553 3855 2761 3911 Dictus
2797 3875 2938 3911 vero

833 3934 890 3991 J.
916 3936 1414 4001 Menstreworthe‚
1465 3937 1669 3992 multis
1708 3938 1780 3992 de
1829 3939 1952 3993 suis
2000 3941 2250 4005 amissis,
2289 3942 2391 3995 vix
2424 3940 2627 4004 evasit,
2671 3940 2935 3995 veniens·

496 4029 795 4075 Aoeuntionn
832 4037 946 4090 que
999 4021 1063 4075 in
1107 4018 1386 4091 Angliam
1434 4020 1754 4075 Dominum
1788 4022 2108 4077 Robertum
2155 4023 2389 4079 Knollis
2437 4030 2673 4079 accusat
2716 4025 2935 4079 instan-

495 4080 679 4225 gt..

495 4183 704 4285 unffi.

494 4281 584 4325 but
600 4283 693 4327 dl·-

494 4332 713 4379 credited.

831 4104 974 4168 tius,
1003 4104 1306 4176 imponens
1331 4104 1421 4158 illi
1440 4103 1747 4159 infortunii
1770 4106 1953 4160 totius
1977 4125 2203 4174 causae,
2233 4120 2367 4162 eum
2406 4109 2645 4180 insuper
2668 4125 2936 4163 asserens

835 4188 1213 4258 proditorem.
1316 4188 1434 4243 Sed
1496 4205 1707 4242 nomen
1766 4191 2070 4260 antiquum
2142 4198 2204 4246 et
2284 4192 2544 4263 probitas
2614 4191 2729 4247 viri
2799 4198 2938 4248 nota

831 4272 1059 4327 cunctis
1107 4270 1378 4342 Anglicis
1427 4271 1488 4326 id
1535 4272 1744 4338 fecere,
1796 4279 1865 4328 ut
1924 4273 2080 4328 idem
2143 4275 2201 4329 J.
2252 4276 2497 4331 mendax
2542 4282 2931 4348 reputaretur,

895 4519 909 4550 ’
936 4519 995 4568 de
1015 4514 1174 4567 Knols
1196 4516 1251 4567 in
1267 4517 1354 4567 the
1374 4516 1576 4582 printed
1597 4522 1746 4566 texts.
1931 4518 2130 4583 printed
2148 4526 2297 4569 texts.

889 4601 911 4629 ²
933 4601 1037 4665 eju
1050 4597 1262 4661 oportuit
1281 4596 1336 4646 in
1353 4596 1440 4646 the
1462 4595 1663 4660 printed
1683 4602 1828 4647 texts.
1997 4600 2017 4629 ⁸
2037 4598 2294 4664 quamlibet
2315 4599 2369 4648 in
2393 4599 2520 4666 orig.

889 4684 910 4712 ³
932 4695 1032 4730 nna
1054 4684 1102 4726 et
1120 4676 1271 4725 aciem
1285 4676 1341 4725 in
1360 4675 1448 4726 the
1465 4675 1666 4740 printed
1681 4681 1827 4727 texts.
1997 4681 2016 4707 ⁸
2037 4680 2142 4727 suis
2164 4678 2217 4728 in
2240 4679 2325 4730 the
2348 4680 2546 4747 printed
2570 4690 2719 4733 texte.

890 4764 906 4792 ⁴
930 4763 976 4813 ei
1008 4759 1062 4807 in
1088 4755 1222 4819 orig;
1268 4757 1522 4807 corrected
1567 4757 1698 4808 from
1729 4757 1812 4807 the
2000 4760 2016 4784 ⁷
2037 4760 2307 4823 cupiuntiu
2320 4762 2468 4827 orig.;
2485 4762 2932 4825 byinadvenence.
