3300 5617
382 936 521 989 ΑΛ).
548 942 689 993 1³75.

382 1275 494 1327 The
516 1276 656 1342 Eng-

381 1341 481 1391 lish
504 1357 590 1392 are

379 1410 547 1472 duped
568 1411 638 1474 by

378 1475 466 1525 the
474 1476 688 1535 French3

380 1543 482 1590 and
505 1542 590 1592 the

380 1609 606 1672 negotia-

381 1673 514 1722 tions
537 1689 623 1724 are

379 1739 558 1805 finally

381 1807 576 1861 broken
602 1807 687 1857 off.

376 2302 595 2347 Transac-

379 2355 506 2397 tions
523 2355 599 2397 be·

377 2408 530 2448 tween
547 2405 629 2448 the

378 2456 573 2548 gaupsslioe
589 2506 686 2550 and

376 2555 460 2601 the
477 2555 671 2609 English

376 2605 543 2659 clm-gy.

375 2673 651 2727 Ecclesias-

377 2739 495 2793 tical
517 2758 631 2805 pro-

377 2807 609 2861 motione.

378 3169 420 3211 A
436 3169 569 3212 tmce

378 3219 592 3262 between

480 3268 589 3313 land

377 3331 438 3362 an
487 3320 675 3364 Franco.

378 3407 642 3459 Suecesses

376 3475 436 3525 of
451 3475 536 3529 the

378 3541 533 3591 Duke
554 3542 617 3592 of

376 3608 628 3674 Britanny

378 3676 481 3723 and
504 3675 584 3724 his

376 3740 594 3804 English

377 3806 536 3858 allies.

723 750 851 812 318
1376 764 1636 812 'mcum
1683 762 2151 813 mammenus

715 944 1021 1017 Episcopis
1082 964 1258 1018 quam
1314 946 1674 1017 proceribus,
1735 946 1997 1017 personis
2071 943 2351 1016 gravibus
2423 952 2484 1001 et
2552 945 2812 1001 famosis.
2843 948 2966 1001 ΜΒ.
2992 948 3131 999 m

716 1028 969 1087 Duravit
1002 1032 1200 1103 itaque
1235 1036 1519 1087 tractatus
1555 1030 1670 1085 iste
1707 1030 1829 1087 fere
1863 1047 1969 1102 per
2003 1029 2339 1095 biennium;
2378 1028 2480 1085 ubi
2514 1034 2650 1100 post
2681 1030 2819 1084 hor·
2842 1016 2980 1132 {03-
3010 1021 3074 1066 ¹³

713 1114 914 1169 ribiles
939 1133 1216 1187 expensas
1252 1122 1313 1171 et
1345 1115 1736 1181 incredibiles,
1763 1123 1896 1188 post
1917 1115 2153 1186 longam
2177 1132 2399 1169 moram
2422 1120 2484 1169 et
2505 1114 2811 1180 diutinam,
2930 1098 3013 1133 ¹¹⁰

716 1199 823 1254 toti
861 1217 1042 1271 regno
1079 1200 1313 1271 Angliae
1351 1199 1695 1264 deflendam,
1750 1218 1926 1271 quam
1975 1199 2339 1255 infructuose
2391 1204 2814 1265 tractaverunt,

715 1283 776 1337 in
799 1283 963 1339 brevi
1001 1290 1204 1355 postea
1242 1284 1426 1343 sensit
1464 1284 1687 1355 Anglia
1723 1284 1932 1341 damno
1986 1301 2110 1339 suo.
2187 1282 2416 1339 Revera
2467 1300 2574 1354 per
2622 1290 2815 1339 totum

714 1371 944 1437 tempus
985 1367 1136 1422 illud
1176 1367 1386 1425 Franci
1429 1367 1830 1427 fraudulenter
1870 1384 1986 1425 non
2022 1367 2096 1421 de
2132 1384 2274 1438 pace
2323 1366 2427 1421 sed
2477 1366 2550 1422 de
2600 1367 2814 1437 proelio

715 1451 1079 1520 cogitabant3
1122 1451 1225 1507 sed
1260 1453 1646 1509 resarcientes
1686 1470 1850 1507 arma
1886 1457 2106 1515 vetera,
2147 1468 2415 1521 novaque
2438 1451 2810 1509 fabricantes,

715 1550 944 1592 omnem
968 1542 1313 1606 apparatum
1335 1536 1478 1591 belli
1517 1537 1579 1591 in
1614 1542 1891 1608 promptu
1938 1534 2154 1593 habere
2192 1535 2524 1601 certabant3
2566 1534 2582 1567 ¹
2602 1552 2636 1589 e
2677 1553 2811 1590 con·

713 1624 822 1681 tra,
854 1618 1112 1689 Anglici,
1156 1621 1257 1690 qui
1294 1620 1565 1677 nesciunt
1589 1620 1903 1691 prudentia
1937 1626 1998 1675 et
2031 1619 2415 1691 providentia,
2455 1619 2559 1674 sed
2599 1619 2808 1683 solum,

714 1718 874 1755 more
898 1701 1204 1756 brutorum
1228 1703 1583 1768 animalium,
1612 1722 1747 1759 cum
1770 1710 2131 1775 punguntur,
2150 1703 2364 1774 agitari
2389 1703 2645 1768 stimulo,
2664 1703 2813 1760 nihil

714 1784 831 1841 tale
867 1786 1233 1856 cogitabant;
1272 1785 1294 1818 ²
1311 1792 1373 1843 at
1419 1804 1582 1859 spem
1624 1805 1791 1845 suam
1834 1794 2113 1859 ponentes
2161 1788 2224 1841 in
2279 1786 2460 1843 Ducis
2504 1788 2807 1859 sapientia,

714 1874 775 1923 et
811 1868 1115 1927 credentes
1160 1870 1316 1943 quod
1356 1872 1483 1942 ipse
1525 1889 1633 1929 sua
1689 1870 1710 1903 ³
1727 1872 2001 1927 facundia
2057 1871 2279 1941 gaudia
2327 1871 2490 1942 pacis
2555 1871 2809 1936 afferret,

714 1952 904 2022 epulis
938 1953 960 1991 ⁴
979 1959 1038 2007 et
1075 1953 1325 2011 diversis
1367 1954 1519 2025 jocis
1566 1955 1970 2026 invigilavere.
2047 1955 2295 2011 Factum
2351 1961 2444 2011 est
2494 1956 2696 2027 itaque
2748 1956 2809 2010 in

713 2035 822 2091 hac
863 2038 1180 2103 occasione,
1224 2037 1245 2069 ⁵
1263 2039 1444 2109 Angli
1506 2039 2067 2097 circumvenirentur
2116 2039 2356 2103 incauti,
2415 2040 2644 2110 quando
2693 2057 2807 2094 non

714 2121 1054 2190 sperabant;
1097 2128 1162 2177 ut
1201 2122 1265 2176 in
1302 2123 1679 2192 sequentibus
1715 2123 1932 2181 clarius
1957 2123 2228 2179 elucebit.
2303 2121 2461 2178 Nam
2483 2123 2805 2178 discessum

714 2210 805 2259 est
843 2206 1117 2279 utrinque
1159 2206 1284 2263 sine
1322 2207 1482 2277 pacis
1521 2206 1750 2263 effectu.

783 2288 899 2344 Per
940 2290 1096 2349 idem
1133 2296 1384 2362 tempus,
1428 2286 1628 2353 nuncii
1668 2291 1903 2349 Domini
1941 2290 2135 2361 Papae,
2193 2300 2316 2347 tam
2352 2290 2445 2346 illi
2485 2291 2588 2362 qui
2634 2308 2805 2347 vene·
2834 2303 2949 2355 Ms,
2978 2305 3122 2356 Bm,

712 2378 852 2431 runt
904 2392 1010 2446 pro
1067 2393 1209 2446 pace
1275 2394 1450 2446 quam
1501 2375 1592 2433 illi
1632 2376 1735 2447 qui
1789 2379 1810 2409 ⁶
1825 2392 2037 2431 venere
2089 2374 2165 2431 ad
2222 2375 2591 2431 tractandum
2655 2376 2808 2431 inter
2832 2372 2964 2437 Res
3002 2379 3068 2422 13

713 2457 942 2529 Regem
975 2457 1209 2531 Angliae
1246 2468 1307 2515 et
1341 2460 1657 2515 Dominum
1678 2461 1939 2533 Papam,
1994 2467 2169 2532 prout
2215 2477 2394 2531 supra
2450 2460 2518 2515 fit
2568 2461 2804 2523 mentiO,
2832 2439 3015 2555 ἔσῃ’-ἔ·

711 2543 908 2614 plures
947 2546 1383 2616 procurationes
1421 2564 1457 2601 a
1497 2546 1656 2603 clero
1693 2546 1863 2617 regui
1900 2544 2135 2615 Angliae
2194 2551 2555 2617 receperunt.
2834 2572 3155 2629 Marinum,

782 2629 914 2685 Hoc
951 2648 1117 2695 anne,
1170 2636 1378 2702 quarto
1425 2630 1569 2687 Idus
1592 2630 1758 2694 Maii,
1786 2630 2104 2686 translatus
2147 2635 2239 2685 est
2273 2628 2564 2699 Magister
2591 2630 2809 2700 Symon
2832 2653 2914 2702 pp.
2940 2646 3066 2699 216,
3092 2646 3139 2690 7.

708 2715 784 2773 de
846 2713 1139 2785 Sumam-y„
1199 2714 1618 2771 Londcniensis
1683 2714 2027 2785 Episcopus,
2091 2714 2166 2769 ad
2213 2713 2521 2769 ecclesiam
2585 2714 2805 2771 Christi

711 2798 1059 2862 Cantuariae,
1118 2803 1180 2853 et
1238 2797 1527 2869 Magister
1571 2798 1906 2854 Willelmus
1946 2796 2294 2870 Oourteney‚
2357 2798 2806 2856 Herefordensis

709 2882 731 2921 7
751 2883 1099 2955 Episcopus,
1140 2882 1458 2939 translatus
1498 2883 1590 2937 est
1629 2883 1706 2938 ad
1747 2882 2054 2938 ecclesiam
2091 2882 2592 2949 Londoniensem;
2635 2893 2696 2939 et
2735 2886 2809 2940 ad

712 2967 1023 3025 ecclesiam
1111 2966 1607 3023 Herefordensem
1676 2967 1994 3025 translatus
2067 2973 2159 3023 est
2236 2967 2561 3039 Episcopus
2655 2969 2807 3024 Ban-

713 3068 995 3121 gorensls.

785 3135 959 3191 Circa
992 3141 1223 3207 tempus
1270 3137 1431 3192 istud
1466 3155 1754 3193 concessas
1803 3144 1941 3193 sunt
1979 3146 2205 3209 treugas
2247 3139 2402 3194 inter
2442 3138 2559 3194 duo
2604 3156 2808 3211 regna,

712 3236 750 3273 a
795 3218 944 3275 festo
984 3219 1329 3276 Nativitatis
1373 3221 1572 3276 Sancti
1615 3221 1657 3276 J
1658 3222 1900 3277 ohannis
1938 3222 2222 3293 Baptistae
2279 3239 2465 3295 usque
2521 3222 2596 3278 ad
2653 3224 2811 3279 idem

711 3302 928 3357 festum
969 3304 1105 3359 anni
1144 3306 1459 3375 sequentis.

777 3385 867 3440 Eo
887 3392 1147 3457 tempore
1171 3388 1305 3453 Dux
1342 3389 1683 3454 Britanniis,
1723 3389 1782 3444 J.
1808 3389 2127 3454 “Mousti-e,
2154 3390 2373 3449 habens
2399 3408 2598 3447 secum
2620 3392 2811 3447 fllium

707 3468 889 3540 Regis
926 3470 1179 3542 Angliae‚
1224 3473 1597 3537 Edmundum
1645 3472 1935 3529 Oomitem
1972 3474 2382 3546 Cantabrigiae,
2434 3476 2809 3547 Comitesque

705 3553 1001 3619 Marchiae,
1052 3556 1126 3610 de
1171 3556 1465 3628 Warwyk,
1515 3557 1590 3612 de
1638 3558 1910 3624 Stafford,
1978 3566 2040 3614 et
2080 3559 2394 3615 Dominum
2433 3559 2491 3614 le
2532 3560 2806 3632 Spenser.

706 3656 841 3693 cum
888 3638 1091 3697 multis
1150 3639 1282 3695 aliis
1341 3641 1636 3697 bellicosis
1694 3642 2045 3708 hominibus,
2108 3644 2172 3698 in
2229 3650 2426 3715 partes
2486 3644 2810 3700 Britannice

705 3722 1122 3781 transfretavit.
1221 3723 1443 3792 Quibus
1503 3726 1620 3781 cito
1681 3732 1885 3798 postea
1943 3727 2058 3783 fuit
2114 3726 2345 3784 reddita
2402 3729 2548 3783 villa
2607 3729 2811 3785 Sancti

708 3809 972 3865 Matthaei
1010 3826 1186 3879 supra
1235 3808 1256 3841 ⁹
1274 3808 1513 3878 [Mare],
1564 3817 1625 3866 et
1670 3810 1786 3865 duo
1834 3812 2092 3877 castella,
2138 3811 2364 3868 scilicet
2408 3812 2483 3868 de
2529 3813 2710 3868 Brest
2747 3820 2812 3868 et

708 3894 780 3950 de
821 3893 1027 3960 Orrei3
1088 3894 1406 3965 villamque
1453 3896 1526 3950 de
1573 3895 1910 3966 Kemperle‚
1962 3896 2035 3951 ab
2092 3897 2177 3952 eis
2220 3897 2534 3963 obsessam,
2576 3899 2639 3953 in
2689 3917 2813 3969 qua

776 4215 788 4244 ¹
813 4220 861 4265 et
879 4223 1047 4264 eontra
1067 4214 1124 4263 in
1146 4214 1232 4265 the
1251 4214 1454 4280 printed
1469 4220 1620 4265 texts.
1861 4218 1879 4243 ⁷
1900 4215 2238 4281 Episcopatus
2274 4217 2328 4266 in
2370 4219 2499 4285 orig.
2518 4238 2532 4279 3
2566 4220 2635 4283 by
2656 4218 2806 4270 inad-

773 4296 794 4325 ²
815 4293 885 4342 ad
910 4310 1041 4359 spem
1087 4294 1143 4343 in
1182 4293 1310 4359 orig.
1369 4295 1471 4344 and
1522 4293 1579 4344 in
1618 4295 1708 4345 the
1793 4302 2041 4347 vertence.

708 4371 912 4439 printed
932 4380 1083 4424 texts.
1859 4374 2129 4439 ⁸M0nsort
2163 4375 2219 4424 in
2255 4376 2341 4427 the
2384 4376 2585 4442 printed
2626 4384 2763 4429 texts
2787 4399 2802 4430 z

772 4453 1046 4519 ’secundia
1066 4456 1122 4503 in
1145 4453 1274 4520 orig.
1792 4470 1858 4513 nn
1880 4464 2091 4515 etwloe'
2119 4458 2220 4511 aad
2258 4456 2523 4509 dtemtion
2558 4463 2613 4507 to
2646 4458 2804 4509 Μαι-

773 4534 792 4564 ⁴
816 4533 1040 4584 omitted
1058 4533 1115 4583 in
1137 4533 1227 4585 the
1247 4533 1446 4598 print-d
1463 4538 1617 4599 pexus.
1778 4536 1895 4597 sort
1915 4535 1968 4583 in
1992 4535 2127 4585 nim.
2151 4537 2281 4601 Reg.
2311 4541 2369 4586 13
2394 4537 2454 4587 E.
2478 4537 2551 4587 ix.

772 4616 792 4643 ⁸
813 4613 941 4679 quod
959 4612 1114 4680 Asyli
1138 4612 1194 4667 in
1216 4615 1302 4665 the
1329 4616 1536 4680 ιρι-ω
1555 4622 1705 4668 oexoe.
1860 4618 1879 4643 ¹³
1900 4616 2145 4680 supplied
2167 4616 2300 4667 from
2320 4617 2407 4668 the
2420 4618 2621 4682 printed
2660 4624 2804 4669 texts

817 4697 977 4747 venire
998 4696 1054 4747 in
1076 4697 1203 4765 orig.
1795 4700 1896 4749 aad
1915 4697 2049 4749 Bibl.
2073 4698 2200 4763 Reg.
2231 4703 2290 4748 13
2313 4697 2375 4750 Ε.
2398 4699 2472 4751 it.
