3300 5617
126 1805 399 1871 manger.

129 1874 225 1923 MS.
248 1873 376 1924 Bibl.
441 1900 479 1923 u

1096 813 1427 872 HISTORIA.
1465 818 1881 872 ANGLICANA„
2456 811 2545 879 87

435 1003 597 1060 modi
632 1005 938 1078 negotium
973 1007 1368 1080 tangentibus,
1422 1009 1499 1065 ad
1538 1008 1750 1064 Sedem
1783 1005 2182 1080 Apostolicam
2204 1006 2540 1070 destinaret,
2564 1000 2701 1054 ΑΒ.
2731 1007 2873 1056 1801.

436 1106 615 1160 super
639 1092 962 1162 praemissis
998 1092 1184 1164 plenae
1220 1093 1711 1164 complementum
1738 1092 1988 1164 justitias
2020 1097 2380 1163 recepturae.
2486 1179 2495 1184 ‚

433 1297 702 1369 Littera
727 1299 939 1390 Reyis
980 1299 1196 1370 missa
1223 1302 1451 1391 Papae,
1485 1299 1937 1371 declamto‘mla
1968 1297 2161 1390 juris
2202 1298 2319 1370 sui
2362 1299 2544 1390 quod

955 1407 1146 1475 habet
1188 1405 1277 1475 ’ἐπ
1321 1404 1726 1475 dominium
1768 1404 2024 1476 Sootioe.

506 1557 632 1615 Rex
681 1559 935 1634 Angliae,
990 1560 1207 1617 litteris
1260 1558 1610 1634 Apostolicis
1666 1577 1737 1616 ex
1791 1558 2111 1616 deliberato
2170 1557 2327 1632 apud
2402 1557 2539 1614 Lin-
2567 1561 2737 1613 Letter
2752 1567 2863 1613 sent

434 1644 684 1700 colniam
719 1651 1030 1701 convocato
1070 1644 1346 1712 OonsiIiO,
1397 1663 1503 1718 pro
1545 1644 1683 1717 jure
1721 1663 1827 1703 suo
1879 1644 2241 1711 declarandO,
2283 1644 2541 1700 litteram
2563 1630 2647 1746 :igi
2657 1628 2860 1746 Κὶξᾱὲω

437 1727 616 1799 hujus
649 1730 871 1785 tenoris
908 1729 1146 1802 scripsit
1165 1753 1257 1785 :-
2561 1712 2823 1827 thessope,

512 1816 551 1839 ‘⁴
580 1813 959 1870 Sanctissimo
1018 1815 1082 1870 in
1130 1814 1365 1871 Christo
1418 1813 1590 1886 patri,
1654 1813 1905 1870 Domino
1962 1813 2283 1879 Bonifacio,
2342 1811 2541 1869 divina
2565 1830 2877 1894 doelmmry

517 1898 885 1969 providentia
921 1899 1148 1956 Sanctae
1181 1900 1457 1955 Romanae
1494 1904 1555 1955 et
1587 1899 1952 1956 Universalis
1977 1898 2256 1955 Ecclesioe
2300 1897 2540 1954 Summo
2566 1898 2628 1948 of
2650 1896 2732 1947 his

126 1941 318 2058 ἔξω
442 1984 479 2009 “
517 1982 807 2050 Pontifici,
846 1984 1187 2050 Edwardus,
1227 1983 1340 2039 Dei
1377 1984 1571 2055 gratia
1616 1984 1743 2039 Rex
1789 1984 2042 2055 Angliae‚
2097 1983 2382 2039 Dominus
2430 1982 2539 2037 Hi·
2566 1964 2779 2042 fight,t⁰

125 2073 237 2123 Nev
443 2070 481 2094 “
519 2067 756 2134 berniae,
812 2068 948 2125 Dux
996 2068 1390 2141 Aquitanniae,
1430 2068 1681 2124 salutem
1731 2074 1792 2124 et
1839 2068 2050 2124 devota
2081 2067 2297 2140 pedum
2344 2065 2544 2122 oscula
2566 2032 2824 2149 3222&

125 2140 360 2204 Rymfflfl·
443 2153 480 2177 “
520 2151 821 2208 bonorum.
897 2153 1062 2208 Infra
1097 2153 1332 2224 scripta,
1372 2170 1489 2207 non
1523 2152 1586 2206 in
1622 2152 1811 2207 forma
1843 2169 1952 2208 nec
1988 2152 2050 2207 in
2084 2152 2277 2222 figura
2307 2149 2538 2221 judicii,
2568 2163 2823 2217 gemam,

123 2213 317 2324 ggbsae,
444 2238 481 2262 ‘⁶
520 2236 625 2291 sed
659 2238 893 2292 omnino
929 2244 1093 2293 extra
1132 2237 1427 2310 judicium
1462 2235 1481 2267 ¹
1499 2236 1862 2309 proferenda,
1909 2241 2123 2293 sanctae
2173 2234 2542 2309 paternitatis

443 2323 482 2346 “
520 2327 730 2377 vestrae
779 2322 1146 2378 conscientioe
1195 2321 1362 2378 vobis
1410 2321 1843 2377 transmisimus
1894 2320 2233 2377 exhibenda.
2306 2319 2542 2376 Altissi·

443 2408 480 2432 “
517 2423 668 2471 mus,
708 2407 1001 2480 inspector
1054 2407 1337 2472 cordium,
1390 2412 1603 2463 vestrae
1659 2406 1874 2463 scrinio
1908 2407 2206 2461 memorioe
2242 2403 2543 2460 indelebili

440 2492 479 2515 “
518 2490 653 2546 stilo
687 2492 853 2547 novit
887 2491 1150 2557 inscribi,
1192 2491 1348 2562 quod
1371 2497 1766 2547 antecessores
1802 2498 1864 2547 et
1895 2491 2298 2564 progenitores
2332 2488 2539 2553 nostri,

439 2575 475 2599 ‘⁶
515 2573 709 2646 Reges
757 2575 1011 2646 Angliae,
1057 2576 1215 2648 juris
1271 2576 1587 2647 superioris
1639 2583 1701 2632 et
1737 2575 1948 2631 directi
1982 2575 2244 2640 dominii,
2283 2575 2357 2629 ab
2392 2573 2539 2629 anti·

437 2660 474 2683 ‘⁴
514 2658 814 2730 quissimis
850 2666 1007 2716 retro
1042 2661 1403 2733 temporibus
1439 2678 1622 2732 regno
1662 2660 1892 2727 Scotiae,
1934 2666 1995 2716 et
2047 2658 2316 2715 omnibus
2352 2659 2539 2731 ipsius

436 2744 472 2767 ‘⁶
512 2742 794 2815 Regibus,
832 2743 898 2799 in
945 2744 1361 2817 temporalibus
1410 2750 1471 2800 et
1505 2745 1742 2800 annexis
1778 2744 1999 2801 eisdem
2035 2744 2430 2816 praefuermt3
2482 2748 2543 2798 et

437 2829 474 2852 ‘⁴
512 2827 585 2881 ab
622 2827 844 2883 eisdem
879 2847 985 2901 pro
1020 2846 1204 2901 regno
1242 2829 1474 2894 Scotiaer,
1504 2835 1564 2884 et
1586 2828 1851 2901 ejusdem
1885 2829 2224 2901 proceribus
2253 2846 2290 2883 a
2326 2827 2539 2898 quibus

437 2913 473 2935 “
511 2911 725 2967 habere
779 2912 1072 2979 volebant,
1124 2913 1342 2984 legalia
1399 2913 1676 2984 homagia
1726 2920 2088 2986 receperunt,
2128 2920 2189 2969 et
2240 2912 2538 2968 fidelitatis

438 2998 474 3020 “
514 2995 710 3051 debita
737 2995 1092 3068 juramenta.
1167 2997 1293 3053 Nos
1336 2997 1495 3069 juris
1543 3003 1605 3053 et
1650 2997 1894 3053 dominii
1935 2999 2359 3070 possessionem
2406 3014 2538 3053 con·

441 3081 478 3104 “
515 3078 810 3134 tinuantes
860 3098 967 3152 pro
1016 3086 1277 3152 tempore
1326 3087 1544 3146 nostr-0,
1603 3080 1821 3153 eadem,
1853 3087 1977 3137 tam
2023 3098 2061 3136 a
2112 3081 2276 3152 Rege
2328 3079 2540 3137 Scotiae

437 3166 472 3188 ‘⁶
509 3162 840 3236 recepimus
877 3182 1056 3235 quam
1091 3183 1127 3220 a
1160 3166 1499 3237 proceribus
1536 3165 1724 3238 ipsius
1758 3165 1948 3236 regui.
2023 3164 2356 3234 Quinimmo
2378 3171 2543 3221 tanta

437 3250 474 3272 “
505 3245 660 3317 juris
698 3253 759 3304 et
794 3247 1039 3303 dominii
1073 3250 1467 3322 praerogativa
1503 3266 1680 3321 super
1714 3267 1965 3321 regnum
2014 3249 2225 3305 Scotiae
2276 3255 2338 3305 et
2386 3250 2538 3322 ejus-

437 3335 472 3356 “
510 3330 644 3385 dem
679 3332 907 3405 Regem
943 3334 1294 3405 gaudebant,
1334 3331 1356 3364 ²
1373 3333 1531 3406 quod
1577 3352 1827 3406 regnum
1862 3336 2057 3406 ipsum
2099 3334 2221 3390 suis
2271 3333 2541 3390 fidelibus

439 3418 474 3441 “
513 3416 903 3473 conferebant.
993 3417 1189 3489 Reges
1245 3419 1424 3474 etiam
1475 3435 1547 3474 ex
1591 3418 1775 3490 justis
1825 3419 2018 3475 causis
2069 3419 2429 3484 amovebant,
2481 3425 2543 3474 et

438 3503 474 3525 ‘⁴
512 3501 941 3557 constituebant
990 3502 1099 3558 sub
1153 3520 1234 3567 se,
1292 3503 1421 3558 loco
1463 3503 1747 3576 ipsorum,
1794 3503 1940 3558 alios
1979 3510 2344 3575 regnaturos.
2398 3503 2540 3572 Quae

438 3585 474 3609 “
511 3584 892 3654 proculdubio
940 3583 962 3616 ³
978 3587 1207 3641 notoria
1241 3587 1426 3642 fuisse
1479 3593 1542 3643 et
1603 3605 1734 3644 esse
1769 3587 2087 3643 creduntur
2123 3587 2279 3660 apud
2318 3605 2536 3652 omnes,

439 3670 473 3693 ‘⁴
513 3668 655 3730 licet
685 3669 849 3725 aliud
887 3670 1084 3726 forsan
1130 3672 1390 3742 paternis
1428 3672 1645 3728 vestris
1683 3672 1924 3728 auribus
1960 3690 2067 3744 per
2101 3673 2260 3744 pacis
2297 3670 2538 3727 aemulos

437 3754 472 3777 ‘⁸
511 3759 570 3807 et
621 3753 956 3809 rebellionis
1011 3755 1161 3811 filios
1215 3757 1396 3811 fuerit
1445 3756 1595 3812 falsa
1639 3756 2031 3813 insinuatione
2067 3763 2448 3828 suggestum;
2506 3774 2544 3811 a

437 3839 473 3861 ‘⁴
511 3854 761 3907 quorum
795 3838 1147 3896 machinosis
1184 3845 1247 3895 et
1279 3840 1646 3912 imaginariis
1682 3840 1997 3913 figmentis,
2038 3847 2106 3896 ut
2128 3845 2335 3897 vestroe
2363 3839 2539 3896 Sanc·

437 3922 473 3945 “
511 3919 698 3977 titatis
736 3923 940 3978 oculus
989 3929 1306 3989 avertatur,
1358 3925 1703 3997 suppliciter
1746 3943 2099 3997 quaesumus,
2140 3930 2201 3979 et
2235 3929 2539 4000 paternam

438 4008 473 4030 ‘⁶
511 4004 880 4062 clementiam
952 4014 1012 4062 et
1072 4008 1476 4065 excellentiam
1548 4009 1775 4066 devotis
1834 4010 2137 4066 affectibus
2208 4026 2531 4065 exoramus.

438 4091 474 4114 ‘⁴
515 4088 636 4144 Sub
685 4090 1048 4161 temporibus
1097 4091 1259 4162 Hely
1310 4098 1372 4149 et
1420 4093 1711 4149 Samuelis
1773 4093 2099 4165 Prophetae,
2152 4092 2247 4148 vir
2295 4092 2535 4163 quidam

439 4177 475 4199 ‘⁸
513 4178 783 4230 strenuus
809 4180 870 4229 et
891 4174 1161 4246 insignis,
1194 4180 1208 4203 ‘
1226 4174 1450 4233 Brutus
1466 4172 1759 4241 '‘nomine,
1788 4177 1861 4232 de
1884 4194 2098 4248 genere
2129 4175 2531 4248 'Irajanorum,

440 4261 474 4283 ‘⁴
509 4263 641 4328 post
675 4257 968 4313 excidium
990 4258 1157 4315 urbis
1181 4255 1389 4331 Trojae,
1429 4277 1564 4315 cum
1589 4260 1793 4316 multis
1829 4261 2123 4316 nobilibus
2148 4261 2534 4333 Trojanorum

441 4345 476 4368 ‘⁴
516 4341 799 4413 applicuit
833 4341 898 4397 in
932 4342 1225 4414 quandam
1259 4343 1532 4410 insulam,
1575 4351 1716 4400 tunc
1756 4347 1770 4371 ‘
1790 4342 2037 4400 Albion’
2074 4351 2358 4413 vocatam,
2398 4354 2464 4403 et
2498 4365 2534 4403 a

501 4634 514 4664 ⁸
541 4651 636 4700 pro
648 4637 919 4690 serenando
930 4656 1033 4706 ap.
1051 4656 1095 4692 v.
1120 4641 1430 4703 conscientia,
1515 4640 1571 4692 in
1595 4642 1683 4692 the
1714 4642 1915 4715 printed
1944 4648 2079 4695 texts
2107 4662 2122 4706 ς
2154 4641 2285 4710 quod
2315 4643 2372 4694 in
2395 4643 2515 4695 Ris-

441 4712 590 4778 υοόἰε,
614 4723 724 4777 etc„
743 4716 800 4769 in
824 4717 1030 4784 Rymer.
1516 4721 1728 4787 hunger.

499 4794 520 4824 ²
550 4794 616 4846 ad
632 4797 893 4864 requamin
915 4798 1039 4865 orig.
1066 4817 1080 4863 ς
1106 4805 1162 4851 ut
1176 4808 1224 4852 et
1237 4813 1431 4868 requam
1590 4801 1611 4831 ⁸
1642 4802 1827 4852 notorio
1847 4800 1903 4852 in
1927 4802 2055 4870 orig.
