3300 5617
1162 789 1494 840 HISTORIA
1538 790 1958 842 ANGLIOANA.
2476 777 2601 851 371

116 968 264 1024 MS.
296 976 439 1030 Bibl.
507 989 622 1029 non
656 973 924 1031 licuisset
958 976 1299 1033 benefacere
1336 979 1491 1051 Regi
1526 980 1621 1038 vel
1656 998 1841 1053 regno
1876 982 2003 1037 sine
2028 980 2272 1037 consilio
2309 980 2604 1037 Comitum
2632 987 2766 1041 ΑΛ).
2795 994 2937 1044 1878.

114 1035 283 1153 ἓξὲξ·
318 1050 379 1095 ¹3
507 1063 569 1111 et
601 1057 916 1115 Beronum.
991 1059 1353 1129 Quibusdam
1400 1069 1598 1119 autem
1642 1066 1787 1120 talia.
1830 1065 2308 1132 memorantibus,
2349 1072 2408 1121 et
2456 1083 2602 1137 pree-

180 1142 199 1155 ‘
227 1122 319 1161 ¹¹·
503 1141 691 1212 cipue,
720 1145 980 1198 omnium
1014 1162 1162 1216 pene
1197 1145 1429 1213 minori,
1469 1148 1572 1203 sed
1619 1150 1974 1221 prolocutori
2023 1151 2337 1223 praecipuo,
2378 1150 2605 1205 scilicet

502 1222 717 1281 Comiti
776 1226 848 1281 de
899 1226 1169 1294 Stafford,
1221 1230 1485 1301 Hugoni‚
1535 1232 1694 1287 idem
1744 1234 1785 1288 J
1786 1235 2039 1289 ohannes
2087 1234 2305 1289 dicitur
2364 1251 2599 1306 respon-

497 1307 655 1364 disse
673 1313 806 1376 ;—“
830 1310 1227 1379 ¹Praenosce,'’
1255 1315 1355 1380 ait,
1389 1317 1427 1342 “
1455 1316 1675 1388 absque
1712 1317 1908 1382 dubio,
1936 1336 2030 1373 me
2066 1336 2255 1389 neque
2290 1318 2598 1390 pecuniam
2625 1322 2896 1388 Philipot’s

502 1395 539 1418 “
577 1411 769 1449 meam
801 1412 992 1468 neque
1028 1414 1188 1452 meos
1225 1398 1300 1452 ad
1335 1400 1515 1455 maris
1558 1401 1824 1473 pericula
1847 1401 1977 1457 ideo
2014 1402 2357 1468 destinasse,
2386 1410 2455 1457 ut
2487 1402 2598 1457 tibi
2625 1405 2819 1469 ²1¹⁸er
2838 1399 2891 1441 ‘⁰

501 1479 538 1502 “
575 1477 672 1533 vel
709 1477 951 1549 collegis
986 1480 1108 1534 tuis
1146 1481 1500 1553 surriperem
1546 1483 1774 1539 militiae
1810 1502 2020 1540 nomen
2060 1485 2295 1551 bonum,
2335 1486 2598 1557 mihique
2622 1456 2852 1575 thrffgchoe‘

500 1563 538 1587 “
576 1560 870 1629 lucrarer3
911 1563 1015 1619 sed
1061 1564 1371 1621 condolens
1406 1565 1595 1637 plebis
1632 1569 1953 1640 patriaeque
1989 1568 2260 1635 miseriae,
2307 1588 2438 1640 quae
2473 1569 2601 1641 jam
2624 1539 2657 1588 p
2811 1541 2879 1577 ω’

500 1646 538 1670 “
574 1650 774 1705 vestra
825 1645 1052 1702 desidia
1087 1648 1160 1703 de
1200 1647 1566 1704 nobilissimo
1604 1648 1847 1722 'regum
1894 1653 2130 1708 domina.
2177 1670 2410 1725 quoque
2458 1671 2597 1724 gen-

500 1731 537 1755 “
574 1727 744 1795 tium,
773 1736 867 1785 est
904 1731 967 1785 in
1003 1736 1226 1787 tentem
1274 1732 1550 1789 devoluta
1593 1735 1915 1802 miseriam,
1966 1741 2035 1792 ut
2082 1736 2399 1809 cujuslibet
2436 1738 2601 1793 vilis-

499 1815 536 1839 “
575 1813 740 1868 simae
782 1815 978 1885 gentis
1017 1815 1332 1887 direptioni
1369 1822 1601 1889 pateat3
1646 1837 1784 1874 cum
1823 1820 1904 1875 sit
1939 1821 2138 1877 nullus
2179 1839 2249 1876 ex
2289 1821 2456 1877 vobis
2496 1822 2599 1892 qui

497 1899 535 1923 “
574 1897 650 1952 ad
672 1897 1068 1954 defensionem
1092 1900 1219 1970 ejus
1245 1918 1453 1956 manus
1478 1908 1764 1974 apponat3
1806 1920 1917 1975 ego
1941 1920 2036 1959 me
2059 1922 2308 1976 meaque
2332 1905 2594 1978 exposui,

497 1982 533 2006 “
572 1998 679 2053 pro
701 1983 954 2054 propriae
987 1984 1181 2054 gentis
1208 1984 1548 2051 salvatione,
1577 1990 1638 2041 et
1671 1987 1880 2058 patriae
1913 1987 2322 2044 liberatione.’'
2386 1988 2596 2044 Comes

491 2069 689 2121 autem
724 2084 841 2122 non
878 2067 1088 2124 habuit
1118 2066 1141 2101 ⁸
1156 2068 1300 2140 quid
1336 2069 1733 2142 responderet.

494 2306 779 2375 Comites
808 2306 1071 2376 Sarum
1114 2313 1175 2373 et
1217 2307 1634 2375 Arundelioe
1665 2317 2085 2397 componunt
2128 2330 2289 2377 cum
2332 2310 2598 2377 habita-

939 2408 1203 2477 toribus
1249 2410 1329 2476 dc
1374 2408 1764 2497 Scarburyh
1805 2435 1940 2499 pro
1985 2412 2173 2480 villa.

556 2528 768 2587 Adhuc
818 2530 952 2586 Dux
998 2530 1063 2585 in
1107 2526 1330 2601 Anglia
1375 2530 1735 2596 morabatur,
1791 2532 1996 2587 nolens
2059 2533 2241 2588 maris
2304 2532 2324 2565 ⁴
2344 2534 2593 2606 experiri

486 2614 779 2669 fortunam
817 2619 1079 2684 tempore
1113 2613 1384 2678 limitem,
1428 2614 1657 2669 scilicet
1703 2632 1810 2669 nec
1858 2615 1922 2669 in
1957 2632 2097 2671 vere
2143 2634 2250 2672 nec
2299 2617 2361 2670 in
2407 2618 2600 2689 prima

484 2702 719 2763 aestat03
756 2697 1018 2753 nescitur
1057 2697 1272 2767 quibus
1296 2696 1565 2752 detentus
1604 2697 2059 2769 impedimentis.
2139 2697 2257 2754 Sed
2300 2699 2429 2771 ejus
2467 2719 2598 2773 per-
2622 2709 2734 2760 The
2756 2716 2890 2760 town

483 2799 659 2836 suasu
683 2781 939 2852 ingressi
964 2786 1102 2835 sunt
1121 2797 1283 2835 mare
1308 2780 1423 2835 duo
1460 2779 1718 2836 Comites
1746 2780 1956 2836 Sarum
1980 2788 2041 2838 et
2061 2780 2429 2849 Arundeliae3
2471 2786 2594 2853 qui,
2620 2776 2683 2826 0f
2696 2776 2854 2828 Cher·

483 2867 759 2923 scrutatis
794 2867 1014 2939 ubique
1048 2864 1310 2922 locorum
1358 2866 1646 2933 hostibuS,
1687 2864 1893 2938 ⁵[sibi]
1939 2872 1999 2923 et
2041 2868 2235 2932 sociiS,
2273 2886 2435 2924 mare
2473 2869 2594 2924 ⁶in·
2621 2846 2849 2960 bfuzssdif'

482 2951 797 3022 gressui-is,
823 2949 989 3006 nulla
1008 2950 1272 3022 pericula.
1297 2950 1661 3006 nunciarent.
1737 2949 1947 3007 Comes
1969 2968 2111 3007 vero
2139 2950 2369 3017 Sarum,
2397 2952 2597 3008 Domi·
2620 2926 2931 3044 fhssccussssdy

480 3053 592 3091 nus
621 3038 658 3062 “
676 3034 1010 3091 Willelmus
1034 3034 1107 3089 de
1125 3034 1325 3090 Monte
1342 3032 1576 3090 Acuto''
1600 3039 1861 3099 vocatus,
1889 3035 1984 3090 vir
2006 3036 2070 3089 in
2093 3035 2273 3091 armis
2297 3034 2318 3073 ⁷
2333 3054 2370 3091 a
2385 3036 2593 3107 juven·
2621 3043 2684 3093 of
2695 3044 2781 3094 the

480 3125 605 3176 tute
632 3120 983 3175 exercitatus
1000 3125 1062 3175 et
1085 3123 1377 3183 strenuus,
1405 3136 1540 3173 mox
1563 3123 1632 3174 ut
1654 3136 1816 3173 mare
1841 3119 2146 3189 ingressus
2171 3124 2280 3184 est,
2309 3121 2595 3192 compulit
2619 3110 2858 3174 E⁰g¹i⁸h2

480 3222 657 3261 naves
694 3203 771 3259 ad
804 3210 1024 3259 terram
1055 3203 1398 3275 oppositam,
1438 3208 1508 3258 ut
1538 3202 1765 3273 aliquid
1803 3203 1999 3258 damni
2043 3203 2395 3260 adversariis
2447 3202 2593 3261 irro-
2620 3177 2887 3293 fflfzsshe

482 3294 685 3359 garet3
736 3288 839 3343 ubi
890 3287 1032 3342 dum
1067 3305 1291 3342 moram
1336 3286 1522 3342 trahit
1567 3287 1834 3341 nocivam
1883 3286 2255 3353 adversariis,
2302 3290 2597 3360 componit
2621 3309 2898 3376 gambas„

481 3390 617 3427 cum
657 3371 1083 3428 habitatoribus
1123 3371 1283 3427 villae
1324 3370 1397 3425 de
1434 3368 1456 3402 ⁸
1477 3368 1835 3441 Scerburgh,
1887 3389 2020 3442 quae
2074 3371 2405 3443 pertinebat
2441 3372 2595 3444 Regi

480 3454 773 3523 Navarioe,
802 3454 926 3529 (qui
948 3456 1075 3529 jam
1100 3456 1309 3527 etipse
1333 3454 1606 3511 inimicus
1631 3457 1822 3510 factus
1857 3455 2053 3511 suerat
2088 3455 2243 3527 Regi
2279 3455 2592 3527 Francioe,)

480 3546 549 3597 ut
594 3540 797 3596 eadem
834 3540 981 3597 villa
1014 3538 1249 3596 cederet
1283 3537 1653 3610 dispositioni
1700 3547 1763 3594 et
1808 3538 2053 3595 arbitrio
2092 3538 2278 3611 Regis
2321 3536 2591 3610 Angliae3

481 3623 568 3680 ita
625 3624 923 3690 duntaxat,
981 3629 1051 3679 ut
1110 3623 1268 3679 idem
1328 3621 1455 3677 Rex
1520 3618 1758 3694 Angliae
1818 3622 2191 3693 manucapiat
2265 3623 2590 3679 custodiam

483 3708 748 3779 ejusdem
794 3708 955 3765 vmae
999 3707 1282 3763 adversus
1343 3704 1622 3773 Gallicos,
1680 3704 1757 3760 ad
1803 3705 2172 3760 commodum
2217 3714 2340 3762 tam
2401 3706 2585 3778 Regis

484 3810 663 3862 quem
722 3792 893 3864 regni
951 3789 1209 3863 Angliae,
1255 3796 1316 3846 et
1361 3794 1779 3845 nocumentum
1831 3788 2210 3845 Gallicorum.
2311 3789 2479 3859 Quod
2519 3796 2589 3845 ut

482 3875 703 3932 factum
737 3882 847 3944 est,
896 3892 1031 3932 mox
1077 3873 1338 3933 Comites
1376 3873 1589 3931 Sarum
1630 3878 1692 3929 et
1726 3872 2066 3929 Arundeliae
2113 3872 2468 3930 remiserunt
2515 3873 2591 3929 ad

484 3959 711 4033 Regem
755 3967 817 4017 et
854 3961 1027 4033 regni
1064 3959 1413 4024 Consilium,
1454 3957 1844 4017 certificantes
1892 3974 1991 4014 eos
2027 3957 2100 4012 de
2134 3962 2257 4014 tam
2293 3956 2588 4029 ⁹gratioso

492 4093 587 4100 u--
650 4094 805 4099 Μ,-
872 4094 1005 4099 -.ι--
1048 4093 1183 4098 --ι--.-

553 4174 567 4204 ¹
586 4174 904 4237 proenoscerit
924 4172 980 4222 in
1003 4172 1089 4223 the
1111 4171 1312 4236 printed
1335 4176 1486 4220 texts.
1584 4169 1639 4220 in
1665 4170 1751 4219 the
1773 4168 1972 4234 printed
1993 4175 2143 4219 texts.

551 4253 572 4284 ²
589 4268 742 4318 regna
783 4251 840 4301 in
883 4251 1008 4317 orig.
1034 4272 1048 4311 ς
1098 4267 1243 4316 reque
1277 4250 1489 4299 dominia
1655 4252 1673 4278 ⁷
1695 4249 2006 4314 &juventute
2024 4248 2081 4298 in
2103 4248 2191 4298 the
2209 4246 2406 4312 printed
2422 4254 2572 4300 texts,

477 4332 537 4382 in
561 4331 647 4382 the
668 4331 867 4396 printed
887 4338 1036 4382 texts.
1651 4329 1671 4356 ⁸
1698 4327 1980 4393 Scarburqh
2007 4328 2064 4377 in
2086 4328 2172 4378 the
2193 4328 2393 4391 printed
2416 4336 2550 4380 texts
2573 4349 2586 4389 ;

551 4412 571 4441 ³
587 4410 788 4477 quadiu
814 4411 898 4460 the
920 4410 1123 4475 printed
1146 4415 1298 4459 texts.
1592 4406 1901 4473 C'laerbonrqlz
1923 4407 1978 4456 in
1994 4407 2130 4457 sibl.
2164 4392 2293 4473 neg.
2323 4413 2382 4456 13
2409 4410 2454 4456 E
2479 4409 2551 4458 ix.
2575 4430 2590 4469 ;

550 4492 569 4521 ⁴
592 4491 810 4558 experire
829 4490 886 4540 in
903 4489 991 4540 the
1011 4488 1210 4554 printed
1225 4492 1373 4539 texts.
1588 4486 1885 4551 Cherbourg
1905 4485 2061 4551 being
2077 4485 2162 4535 the
2173 4487 2316 4549 place
2337 4495 2521 4537 meant.

550 4573 571 4601 ⁸
594 4570 837 4636 Supplied
883 4570 1014 4621 stom
1067 4568 1202 4620 Bibl.
1249 4568 1376 4632 Reg.
1428 4573 1487 4616 13
1651 4566 1674 4595 ’
1688 4563 1895 4631 ylarioso
1915 4564 1968 4615 in
1993 4564 2121 4630 orig.
2153 4567 2255 4615 and
2285 4564 2370 4617 the
2392 4566 2591 4630 printed

486 4650 549 4701 E.
570 4650 643 4701 ix.
667 4672 681 4711 ;
708 4649 918 4700 omitted
940 4649 995 4698 in
1015 4648 1102 4699 the
1124 4646 1323 4711 printed
1339 4652 1487 4697 texts.
1584 4651 1721 4695 texts
1747 4665 1761 4705 ς
1796 4646 2051 4697 corrected
2070 4644 2200 4696 from
2221 4644 2358 4696 Bibl.
2376 4646 2502 4712 Reg.
2531 4652 2589 4696 13

552 4730 572 4758 ⁸
593 4731 867 4795 inqroemo
898 4728 957 4778 in
992 4726 1136 4792 orig„
1166 4727 1488 4790 inqu-murum
1587 4724 1649 4775 E.
1674 4724 1748 4775 ix.
2279 4807 2322 4868 2

2100 4818 2147 4868 A
2189 4819 2234 4868 A
