3300 5617
1105 753 1432 807 ins-rom
1461 755 1876 807 memsam.
2421 741 2546 813 167

77 945 377 998 ‘rmum-ro,
446 940 642 996 virum
663 939 1213 1007 nominatissimum,
1253 941 1569 997 Dominum
1592 942 1634 997 J
1635 943 1919 999 ohannem
1943 943 2016 999 de
2039 943 2351 1015 Bretayne,
2378 960 2541 1016 cepe·
2657 943 2724 994 A.
2728 946 2795 995 D.

82 1001 211 1090 fis,
193 1048 327 1092 bel.
447 1031 604 1090 runt,
646 1024 935 1082 Comitem
973 1026 1201 1083 scilicet
1240 1025 1700 1094 Richemundiae,
1740 1033 1800 1084 et
1829 1028 2031 1083 multis
2069 1028 2271 1100 spoliis
2306 1028 2544 1084 domum
2574 1015 2717 1074 ¹³²²
2734 1018 2879 1066 1323.

76 1098 185 1149 ΠΨ·
199 1099 346 1144 ῙθἘ·
359 1099 422 1146 ²¹·
444 1126 723 1181 prospere
760 1115 900 1166 sunt
932 1109 1208 1182 regressi.

87 1199 200 1251 HS.
224 1196 381 1253 Bibl.
514 1198 737 1254 Eodem
783 1214 932 1254 anno
980 1196 1265 1254 Dominus
1312 1198 1495 1269 Hugo
1541 1198 1615 1253 de
1665 1198 1920 1271 Spenoer
1977 1205 2143 1271 pater
2201 1200 2391 1255 sactus
2451 1206 2543 1256 est
2568 1216 2663 1259 'rho
2672 1216 2877 1262 oldai-Do

83 1268 307 1384 {2¹2³
440 1284 650 1342 Comes
699 1286 1069 1359 wyntoniae3
1131 1286 1227 1341 cui
1288 1285 1415 1340 Rex
1473 1286 1637 1342 dedit
1694 1294 1953 1343 castrum
2011 1294 2073 1344 et
2129 1288 2405 1343 honorem
2464 1267 2598 1345 des
2654 1279 2875 1362 nffif‘ffi‘

438 1368 802 1442 Donyntone,
846 1370 1002 1441 quod
1039 1369 1155 1425 fuit
1185 1362 1263 1424 de
1301 1370 1617 1426 Lincolniae
1656 1369 1969 1426 Comitatu.
2562 1366 2865 1414 winchester.

85 1464 371 1517 marimuth.
506 1454 646 1526 Ipso
681 1472 831 1509 anno
866 1453 1014 1509 obiit
1052 1454 1179 1508 Rex
1214 1453 1477 1509 Francius
1513 1453 1844 1526 Philippus,
1884 1455 2042 1510 filius
2092 1454 2388 1528 Philippi,
2443 1456 2536 1511 cui
2562 1467 2713 1511 Death
2730 1470 2782 1511 or

87 1520 323 1612 ffiffimbl.
435 1537 720 1594 successit
756 1539 818 1592 in
858 1555 1042 1609 regno
1078 1537 1337 1593 Karolus
1375 1537 1558 1594 frater
1594 1536 1744 1609 ejus,
1788 1537 1890 1609 qui
1914 1538 2081 1610 prius
2105 1540 2301 1595 fuerat
2326 1538 2535 1596 Comes
2560 1517 2815 1613 {wa
2826 1574 2877 1615 ο,

89 1618 261 1669 ¹3⁶8·ss
274 1619 406 1663 E.ix.
431 1620 714 1677 Marchiae
735 1621 1061 1678 Vaseoniae.
2560 1618 2747 1665 eim-les
2763 1623 2843 1667 IV·

90 1716 198 1766 MS,
224 1716 370 1768 nihl,
503 1704 740 1761 Transit
797 1722 979 1760 annus
1038 1704 1153 1761 iste
1211 1721 1420 1777 parum
1479 1704 1752 1775 frugifer,
1821 1704 1968 1761 alias
2029 1705 2174 1761 satis
2225 1707 2529 1763 fructifer·
2514 1729 2530 1773 ;

97 1785 218 1862 Reg.
251 1790 314 1835 13
429 1788 666 1859 Anglioe
725 1788 1056 1853 damnosus,
1118 1788 1452 1860 probrosae,
1515 1788 1839 1854 luctuosus,
1901 1795 2139 1861 propter
2195 1789 2534 1846 intestinam

90 1851 145 1900 E·
169 1866 241 1901 ¹¹·
428 1871 783 1928 discordiam
819 1878 880 1929 et
912 1872 1198 1927 nobilium
1231 1876 1404 1927 terroe
1432 1870 1901 1943 jugulationem3
1941 1873 2093 1943 Regi
2122 1891 2262 1929 vero
2296 1875 2533 1930 infamis

428 1955 786 2021 notabiliter,
848 1961 1088 2028 propter
1145 1955 1515 2028 tyrannidem
1575 1957 1638 2010 in
1698 1974 1835 2012 suos
1895 1956 2227 2022 naturales;
2304 1957 2531 2014 invisus

425 2046 666 2112 propter
729 2039 1024 2095 infelicem
1094 2040 1512 2112 protectionem
1587 2039 1664 2094 ad
1744 2045 1940 2111 partes
2000 2040 2276 2097 Boreales
2336 2047 2397 2096 et
2468 2042 2532 2097 in

426 2123 703 2189 Scotiam,
747 2124 851 2178 ubi
891 2141 1039 2195 pene
1073 2123 1331 2196 perdidit
1365 2122 1653 2178 ¹mediam
1691 2129 1926 2193 gentem
1968 2140 2154 2189 suam,
2206 2123 2529 2195 putibunde

425 2208 696 2271 maxime,
734 2212 974 2279 propter
996 2207 1201 2277 fugam
1238 2223 1404 2262 suam
1441 2212 1575 2262 ante
1602 2205 1912 2263 Scotorum
1948 2206 2161 2262 faciem
2194 2208 2259 2262 in
2292 2208 2530 2279 proprio

426 2308 612 2362 regno
648 2309 774 2356 suo,
814 2298 874 2346 et
908 2292 1315 2347 thesaurorum
1353 2308 1593 2345 suorum
1627 2291 2035 2362 perditionem.

495 2375 669 2430 Anno
717 2376 926 2447 gratioe
959 2375 1276 2430 millesimo
1316 2375 1727 2429 trecentesimo
1762 2374 2044 2430 vicesimo
2077 2373 2385 2440 'secundm
2426 2375 2529 2446 qui

423 2463 519 2514 est
552 2477 738 2514 annus
774 2460 942 2530 regni
984 2459 1167 2530 Regis
1203 2457 1495 2523 Edwardi,
1529 2476 1566 2513 a
1600 2457 1954 2531 Conquoestu
1994 2458 2264 2523 Secundi,
2305 2464 2529 2514 sextus-

424 2542 707 2608 decimus,
760 2542 953 2600 tenuit
998 2543 1125 2597 Rex
1158 2541 1219 2598 N
1219 2542 1372 2598 atale
1409 2541 1785 2597 Dominicum
1826 2542 2096 2607 Eboraci,
2153 2542 2529 2597 dissimulans

424 2631 639 2687 damna
671 2630 968 2703 probrosa,
1009 2648 1140 2701 quae
1173 2636 1518 2728 perceperat
1550 2630 1774 2685 dudum
1805 2648 1915 2729 per
1942 2630 2167 2695 Scotos,
2196 2637 2258 2686 et
2290 2636 2529 2702 gestans

425 2716 596 2771 vultu
630 2715 914 2782 loetitiam,
956 2716 1221 2786 quamvis
1256 2716 1592 2770 immaniter
1626 2715 1691 2770 in
1726 2716 1919 2770 animo
1955 2721 2346 2787 torqueretur.

494 2803 718 2859 Eodem
754 2809 1033 2875 tempore,
1086 2802 1325 2884 quidam
1360 2802 1434 2857 de
1468 2802 1753 2858 mediocri
1790 2800 2014 2858 familia
2048 2803 2303 2869 Thomoe,
2345 2820 2525 2875 quon·
2552 2810 2664 2861 The
2686 2811 2830 2878 King

424 2888 560 2943 dam
597 2887 844 2944 Comitis
883 2886 1256 2951 Lancastriee,
1295 2891 1500 2958 captus
1537 2892 1645 2950 est,
1702 2887 1805 2957 qui
1855 2904 1960 2957 pro
1996 2885 2312 2942 rebellione
2350 2903 2526 2957 quam
2550 2878 2766 2928 rebukess
2782 2878 2864 2929 ΜΒ

425 2972 661 3037 fecerat,
705 2971 1063 3042 insurgendo
1099 2975 1301 3026 contra
1334 2969 1560 3041 Regem
1595 2972 1660 3025 in
1695 2986 1884 3025 werra
1917 2971 2233 3035 Baronum,
2273 2976 2335 3025 et
2367 2975 2529 3025 nota-
2553 2946 2840 3061 “dgessmoe’

423 3054 642 3111 bilibus
695 3053 1226 3127 depraedationibus
1262 3059 1324 3108 et
1357 3052 1662 3118 incendiis,
1710 3053 1938 3124 judicio
1985 3053 2221 3125 publico
2263 3053 2530 3108 condem-
2555 3084 2721 3129 ments
2741 3077 2830 3130 the

423 3146 596 3197 natus
644 3146 751 3195 est.
831 3138 949 3194 Sed
1000 3138 1157 3209 quia,
1213 3137 1558 3210 quandoque
1595 3142 1841 3193 steterat
1881 3138 1943 3192 in
1996 3136 2179 3207 Regis
2229 3136 2427 3201 Curia,
2473 3143 2534 3192 et
2556 3145 2709 3195 death
2733 3146 2794 3195 of

423 3228 726 3300 placuerat
779 3226 1128 3299 quibusdam
1181 3225 1254 3280 de
1303 3224 1624 3297 majoribus
1664 3224 1818 3296 Regi
1872 3224 2300 3289 assistentibus,
2355 3225 2531 3280 multi
2554 3212 2642 3262 ²¹¹0
2662 3212 2784 3262 3⁸¹¹
2806 3213 2869 3263 0f

425 3316 651 3388 Regem
703 3316 991 3381 adierunt,
1048 3315 1412 3415 deprecaturi
1459 3332 1566 3386 pro
1606 3313 1730 3370 vita
1766 3315 1912 3385 ejus.
2003 3313 2159 3381 Quos
2220 3332 2353 3370 cum
2405 3314 2531 3370 Rex
2553 3278 2842 3329 menter

423 3405 686 3460 audisset
741 3403 1054 3460 instantius
1127 3421 1234 3474 pro
1294 3402 1421 3476 ejus
1487 3401 1807 3458 salvatione
1879 3403 2127 3473 precari,
2207 3408 2529 3458 commotus

423 3496 516 3545 est
559 3488 1088 3553 vehementissime,
1163 3504 1296 3541 cum
1360 3486 1556 3543 verbis
1625 3485 1859 3558 imperii
1926 3485 2013 3541 ita
2064 3487 2451 3557 respondens.
2439 3509 2530 3527 ·-

424 3572 590 3631 V“ae
659 3571 844 3639 vobis,
919 3588 1262 3627 susurrones
1332 3568 1743 3634 infandissimi,
1817 3569 2173 3625 detractores
2234 3570 2525 3636 malevoli,

428 3658 467 3686 “
507 3674 758 3728 nequam
789 3656 1140 3732 consiliarii3
1194 3672 1298 3727 pro
1357 3652 1483 3709 vita
1538 3652 1935 3724 deprecamini
1995 3652 2303 3708 nebulonis
2349 3655 2528 3709 notis-

427 3743 467 3768 “
506 3740 660 3806 simi,
721 3739 823 3812 qui
875 3756 983 3812 pro
1029 3738 1153 3794 vita
1201 3736 1318 3791 mei
1373 3735 1812 3808 consanguinei,
1876 3735 2083 3791 militis
2141 3736 2526 3793 illustrissimi

428 3830 467 3857 ‘⁶
505 3829 742 3884 Thomoe
779 3824 1046 3893 Comitis,
1098 3824 1290 3882 nullas
1327 3842 1532 3897 preces
1568 3824 1762 3880 facere
1798 3824 2089 3882 voluistis.
2164 3825 2243 3881 Et
2290 3826 2521 3897 quidem

427 3918 468 3943 ‘⁸
505 3917 558 3973 si
598 3916 725 3988 ipse
772 3915 1034 3982 vixisset,
1088 3914 1233 3970 mihi
1284 3914 1512 3985 totique
1560 3931 1746 3985 regno
1798 3913 2162 3969 necessarius
2216 3914 2521 3969 extitisset.

427 4005 467 4032 “
504 4003 625 4061 Hic
660 4022 819 4071 vern,
861 4007 1077 4076 quanto
1113 4002 1336 4059 diutius
1387 4002 1449 4057 in
1501 4002 1610 4057 hac
1646 4002 1772 4057 vita
1821 4000 2161 4074 perstiterit,
2203 4001 2317 4057 erit
2364 4008 2527 4058 tanto

425 4094 466 4121 “
503 4092 840 4159 scelestior3
881 4091 1095 4165 quippe
1119 4089 1222 4163 qui
1255 4090 1535 4146 hactenus
1560 4089 1810 4161 replevit
1850 4088 2147 4144 sceleratis
2172 4088 2527 4145 facinoribus

425 4182 466 4209 “
503 4187 694 4239 totum
738 4198 991 4251 regnum
1051 4196 1269 4245 meum,
1319 4196 1425 4249 per
1461 4178 1782 4244 animum,’'
1820 4177 2031 4250 inquit,
2086 4178 2125 4205 “
2151 4176 2282 4244 Dei,
2335 4185 2523 4235 morte

425 4267 465 4294 “
502 4264 702 4321 debita
756 4262 1101 4324 morietur.”
1207 4263 1289 4319 Et
1357 4278 1490 4317 mox
1543 4261 1731 4333 jussit
1788 4260 2183 4317 executionem
2253 4261 2381 4318 fieri
2452 4262 2526 4318 de

415 4348 642 4421 judicio
677 4349 814 4406 dato
853 4365 1030 4421 super
1064 4364 1234 4414 eum3
1271 4351 1465 4403 motus
1499 4345 1751 4401 maxime
1786 4349 1986 4400 contra
2019 4362 2175 4411 suos,
2215 4345 2320 4416 qui
2364 4345 2528 4401 nolu-

491 4625 506 4654 ¹
527 4642 620 4688 per
657 4624 702 4674 is
740 4624 860 4675 here
887 4624 1106 4675 inserted
1122 4623 1176 4673 in
1200 4622 1286 4673 the
1307 4620 1463 4687 origi·
1527 4623 1618 4674 but
1636 4622 1694 4670 in
1717 4622 1839 4671 both
1860 4619 2114 4671 instances
2133 4622 2469 4688 ermneously.

429 4703 516 4753 nal
531 4703 692 4768 (stom
705 4703 819 4757 MS.
841 4702 979 4756 Bibl.
1002 4704 1129 4769 Reg.
1160 4708 1219 4754 13
1242 4702 1303 4753 E.
1326 4702 1429 4766 ix.)
1447 4722 1460 4762 3
1592 4706 1612 4735 ²
1633 4703 1774 4753 tertio
1794 4702 1849 4754 in
1873 4702 1959 4753 the
1979 4701 2179 4767 printed
2200 4709 2348 4755 texta.
