3300 5617
1098 804 1428 857 merom
1469 804 1884 857 Ausucum
2420 797 2551 863 883

39 979 178 1034 αδ.
216 986 384 1040 Bibl.
452 991 493 1019 “
530 988 683 1046 Cum
717 990 925 1062 igitur,
950 990 1295 1064 Aposmlica
1331 992 1485 1049 Sede
1518 997 1784 1058 vacante,
1811 1010 1921 1065 per
1952 991 2179 1049 obitum
2211 992 2327 1064 piae
2361 1008 2555 1048 recor·
2584 991 2717 1045 Aa).
2746 999 2889 1049 1378.

39 1048 225 1169 §¹³53
246 1060 320 1104 ¹³
453 1077 493 1103 ‘⁴
531 1076 784 1132 dationis
844 1076 1085 1132 Domini
1159 1075 1437 1148 Gregorii
1508 1076 1690 1150 Papae
1765 1077 2098 1141 undecimi,
2175 1077 2278 1148 qui
2355 1094 2556 1134 mense

40 1144 94 1165 ⁴⁸
232 1158 249 1171 ‘
452 1162 489 1186 ‘⁴
527 1158 747 1215 Martio
781 1160 1049 1231 proximo
1098 1161 1403 1232 praeterito
1454 1159 1519 1216 in
1564 1162 1728 1217 Urbe
1765 1160 1924 1217 diem
1959 1159 2176 1217 clausit
2207 1166 2553 1226 extremum,

449 1246 487 1270 “
525 1260 631 1299 nos
667 1261 776 1315 pro
825 1244 1112 1299 electione
1162 1244 1351 1300 futuri
1395 1244 1720 1309 Pontificis,
1777 1251 1846 1301 ut
1890 1245 2048 1316 juris
2099 1250 2162 1300 et
2211 1245 2393 1300 moris
2445 1252 2553 1310 est,

448 1329 487 1354 ‘⁸
524 1326 891 1392 celebranda,
918 1327 982 1382 in
1007 1327 1285 1383 Conclavi
1322 1327 1398 1384 ad
1431 1328 1543 1383 hoo
1578 1327 1643 1383 in
1676 1328 2019 1400 Apostolico
2052 1328 2300 1393 Palatn‘o,
2339 1329 2405 1383 in
2441 1346 2557 1399 quo

446 1413 485 1438 ‘⁸
523 1410 684 1466 idem
720 1418 936 1467 sanctoe
968 1412 1268 1466 memoriae
1292 1411 1581 1467 Dominus
1607 1410 1935 1482 Gregorius
1971 1413 2214 1477 obierat,
2255 1411 2551 1484 deputato,

447 1498 484 1522 “
523 1495 1021 1560 convenissemus,
1057 1495 1315 1567 populus
1345 1494 1647 1550 Romanus
1684 1496 1884 1561 etiam,
1910 1495 1986 1551 ad
2014 1513 2309 1568 campanae
2346 1514 2554 1553 sonum

445 1582 484 1606 “
522 1585 939 1651 congregatae,
971 1579 1177 1637 hostili
1210 1596 1374 1634 more
1409 1578 1605 1634 locum
1638 1584 1833 1635 totum
1867 1579 2257 1645 circumdans,
2285 1580 2358 1636 ab
2392 1581 2552 1636 intus

445 1665 483 1690 ‘⁸
521 1668 583 1718 et
616 1663 692 1719 ab
725 1669 893 1719 extra
942 1667 1136 1718 totum
1189 1662 1316 1717 fere
1364 1661 1619 1732 implens
1656 1661 1971 1728 Palatium,
2027 1669 2090 1719 et
2140 1680 2278 1719 cum
2327 1669 2552 1720 terrore

445 1751 485 1776 ‘⁸
521 1749 857 1805 vehementi
890 1748 1082 1804 minas
1137 1748 1317 1803 etiam
1368 1746 1788 1818 superaddens,
1829 1749 1987 1821 quod
2019 1749 2137 1805 nisi
2173 1748 2548 1820 eligeremus,

446 1835 484 1859 “
522 1837 585 1887 et
625 1833 752 1888 sine
794 1832 813 1864 ¹
831 1849 1014 1897 mora,
1061 1831 1393 1887 Romanum
1434 1831 1533 1887 vel
1573 1831 1872 1897 Italicum,
1915 1831 2117 1889 statim
2158 1832 2553 1889 incideremur

446 1918 484 1941 ‘⁴
521 1932 628 1987 per
668 1917 897 1983 frusta3
948 1915 1127 1971 etiam
1167 1931 1429 1986 congruo
1477 1915 1689 1985 spatio,
1734 1932 1937 1971 omnes
1975 1914 2040 1970 in
2078 1933 2195 1987 quo
2227 1916 2438 1972 saltem
2478 1917 2552 1972 de

445 2002 482 2026 ‘⁴
520 2016 775 2071 persona
794 1999 1005 2055 idonea
1027 1998 1355 2055 deliberare
1378 2015 1706 2071 possemus,
1746 1999 1984 2070 penitus
2011 1999 2180 2055 nobis
2218 1999 2548 2068 subtract03

444 2086 482 2111 “
519 2089 725 2139 contra
769 2084 1134 2139 voluntatem
1194 2089 1259 2139 et
1312 2083 1683 2154 propositum
1740 2088 2028 2148 nostrum,
2079 2082 2155 2138 ad
2213 2083 2552 2155 eligendum

444 2167 483 2193 “
522 2166 802 2222 Italicum
864 2166 1064 2223 subito
1121 2172 1184 2223 et
1241 2183 1312 2222 ex
1372 2167 1623 2238 abrupto
1680 2183 1789 2238 per
1832 2166 2176 2222 violentiam
2221 2172 2286 2223 et
2328 2173 2553 2223 metum

443 2253 482 2278 “
519 2252 780 2323 corporis
829 2255 1153 2322 coegerunt
1204 2250 1440 2307 invitos.
1539 2251 1792 2322 Propter
1852 2249 2027 2322 quod,
2091 2250 2167 2306 ad
2213 2250 2552 2307 evitandum

441 2338 480 2361 ‘⁶
517 2335 726 2392 mortis
764 2335 1047 2391 duntaxat
1084 2334 1436 2406 periculum,
1476 2334 1624 2391 alias
1663 2352 1780 2389 non
1814 2335 2049 2400 facturi,
2093 2340 2164 2390 ut
2196 2334 2375 2390 etism
2411 2341 2552 2391 tunc

442 2422 478 2447 “
513 2418 710 2489 palam
750 2419 906 2474 inter
941 2436 1048 2475 nos
1090 2419 1367 2485 diximus,
1407 2424 1467 2474 te
1504 2418 1569 2472 in
1610 2419 1834 2490 Papam
1872 2418 2148 2474 duximus
2191 2419 2548 2491 eligendum,

441 2505 479 2530 “
518 2503 878 2560 aestimantes
931 2509 1011 2569 te,
1064 2502 1162 2559 cui
1221 2509 1346 2559 tam
1405 2502 1643 2557 infanda
1702 2503 2034 2574 impressiO,
2098 2502 2275 2559 sicuti
2336 2510 2398 2561 et
2441 2506 2552 2561 toti

440 2590 478 2614 “
517 2588 677 2642 clero
717 2593 777 2643 et
816 2588 1055 2659 populo,
1097 2592 1238 2642 nota
1280 2591 1425 2651 erat,
1470 2586 1608 2642 talis
1649 2603 1780 2641 esse
1820 2587 2215 2652 conscientiae,
2243 2588 2400 2660 quod
2423 2606 2553 2644 eam

442 2674 480 2698 ‘⁴
518 2672 858 2727 nullatenus
905 2676 1263 2743 acceptares.
1360 2669 1445 2725 At
1489 2675 1577 2734 tu,
1626 2670 1885 2742 propriae
1945 2670 2154 2726 salutis
2214 2671 2544 2737 immemor,

441 2759 479 2782 “
517 2755 677 2811 omni
717 2773 870 2827 pura
906 2755 1265 2811 conscientia
1301 2754 1509 2826 procul
1551 2754 1743 2825 pulsa,
1787 2754 2135 2810 ambitiosus
2189 2754 2337 2811 alias
2378 2774 2548 2811 mun-

441 2841 480 2866 “
516 2839 656 2894 dani
677 2838 938 2905 honoris,
966 2838 1175 2894 ardore
1201 2856 1379 2910 quam
1401 2838 1656 2893 maxime
1681 2837 2078 2895 inflammatus
2100 2840 2550 2911 praesentatione

439 2925 478 2950 “
517 2923 819 2979 electionis
854 2922 1215 2996 hujusmodi,
1281 2923 1356 2978 ab
1402 2922 1523 2978 illis
1574 2923 1677 2993 qui
1724 2940 1761 2977 a
1806 2923 1974 2979 nobis
2021 2923 2086 2977 in
2132 2923 2278 2979 urbe
2322 2941 2551 2979 reman-

440 3010 478 3034 “
518 3014 718 3064 serant
752 3008 929 3063 etiam
964 3024 1073 3080 per
1106 3013 1333 3063 metum
1368 3011 1615 3071 extorta,
1642 3012 1848 3062 contra
1869 3007 2175 3063 canonicas
2200 3008 2548 3074 sanctiones,

440 3094 477 3118 “
516 3090 579 3146 in
616 3092 957 3148 scandalum
991 3091 1314 3147 maximum
1351 3090 1497 3147 cleri
1522 3097 1584 3147 et
1604 3091 1808 3162 populi
1835 3090 2179 3156 Christiani,
2207 3109 2274 3147 ac
2298 3092 2550 3163 exempli

440 3178 477 3204 ‘¹
514 3177 858 3247 perniciem,
900 3175 1176 3231 electioni
1218 3174 1579 3246 hujusmodi,
1620 3173 1765 3229 licet
1800 3174 1982 3229 nullae
2019 3180 2081 3230 et
2118 3174 2392 3231 invalidae
2423 3176 2552 3247 ipso

439 3263 477 3288 “
509 3261 667 3331 jure,
695 3259 1082 3326 consensisti3
1119 3276 1348 3315 necnon
1374 3262 1556 3322 metu,
1587 3264 1651 3314 et
1685 3257 1873 3329 ipsius
1909 3263 2104 3313 metus
2138 3276 2333 3324 causa,
2361 3258 2552 3315 adhuc

439 3347 477 3371 ‘⁴
514 3342 901 3416 proculdubio
942 3342 1298 3415 perdurante
1332 3344 1397 3397 in
1430 3342 1597 3407 urbe,
1643 3342 2030 3398 intronizatus
2055 3346 2117 3398 et
2139 3348 2447 3399 coronatus
2478 3343 2551 3398 de

437 3432 476 3456 “
513 3430 669 3485 sacto
707 3434 768 3484 te
808 3428 873 3483 in
911 3428 1135 3499 Papam
1174 3426 1509 3483 nominasti.
1586 3424 1702 3495 Qui
1738 3443 1775 3480 a
1820 3427 2039 3482 sanctis
2093 3432 2156 3483 et
2191 3427 2550 3499 sapientibus

438 3516 478 3542 “
515 3513 804 3585 patribus,
868 3518 931 3569 et
975 3530 1012 3567 a
1040 3511 1179 3583 jure
1227 3510 1543 3577 communi,
1584 3510 1963 3581 apostaticus,
2003 3511 2548 3581 anathematizatus,

438 3601 477 3625 “
512 3598 937 3662 Antichristus,
989 3602 1052 3652 et
1098 3596 1282 3652 totius
1334 3594 1798 3651 Christianitatis
1846 3594 2084 3651 invasor
2117 3612 2187 3651 ac
2222 3595 2552 3653 destructor

438 3685 477 3710 “
514 3684 731 3754 potius,
771 3688 833 3738 et
880 3682 1115 3747 merito,
1167 3680 1507 3736 nominaris.
1604 3678 1836 3751 Nempe
1889 3679 2079 3750 igitur
2126 3698 2264 3735 cum
2297 3681 2415 3737 ista
2447 3687 2553 3737 tua

439 3768 478 3793 “
515 3771 638 3821 tam
672 3765 926 3821 nefanda
957 3763 1210 3821 intrusio
1244 3765 1306 3819 in
1342 3764 1572 3835 Papatu
1599 3762 1728 3834 jam
1765 3763 1845 3819 sit
1868 3763 2176 3835 divulgata
2195 3781 2304 3835 per
2326 3765 2545 3820 orbem»

439 3852 478 3875 “
514 3848 701 3904 veluti
736 3854 860 3904 tam
892 3849 1141 3914 notoria,
1182 3847 1340 3919 quod
1379 3848 1505 3920 jam
1540 3847 1761 3904 alicubi
1796 3847 1978 3904 celari
2011 3866 2128 3903 non
2163 3855 2374 3920 potest,
2414 3866 2548 3903 cum

439 3935 477 3961 ‘⁸
514 3933 626 3988 hoc
661 3938 946 4004 tempore,
973 3932 1253 3989 videlicet
1285 3932 1584 3988 modicum
1617 3937 1754 3988 ante
1789 3932 2036 3998 Pascha,
2076 3933 2298 3988 factum
2333 3933 2544 3998 fuerat,

439 4018 477 4043 “
517 4015 750 4088 quando
798 4016 873 4071 de
924 4016 1222 4073 universis
1280 4015 1549 4087 partibus
1610 4015 2076 4072 Christianitatis
2134 4016 2324 4087 major
2384 4016 2551 4073 adest

438 4101 477 4127 “
514 4099 717 4172 populi
769 4099 1088 4155 multitudo
1139 4099 1204 4154 in
1252 4100 1419 4164 urbe,
1477 4098 1636 4171 quod
1685 4116 1913 4155 errores
1961 4099 2206 4171 plurimi
2253 4100 2548 4171 pullulare

438 4186 476 4211 “
514 4184 879 4255 inceperunt,
916 4189 978 4239 et
1011 4181 1277 4238 fidelium
1306 4182 1777 4239 Christianorum
1811 4182 2122 4253 illaqueari
2156 4184 2544 4249 conscientiae,

436 4271 476 4296 “
513 4275 697 4339 tuque
733 4267 961 4323 diutius
996 4273 1355 4338 expectatus,
1395 4271 1458 4322 et
1490 4267 1555 4321 in
1590 4272 1817 4322 secreto
1852 4266 2158 4322 caritative
2193 4267 2543 4334 admonitus,

437 4355 476 4380 “
514 4352 826 4407 immemor
886 4350 1097 4406 salutis
1155 4350 1431 4423 propriae‚
1493 4354 1685 4404 totum
1737 4349 1805 4404 in
1854 4349 2255 4422 praecipitium
2302 4352 2545 4423 cupiens

437 4439 476 4463 “
512 4436 747 4491 trahere
765 4435 990 4490 clerum
1008 4438 1069 4489 et
1084 4433 1367 4506 populum
1383 4430 1749 4497 universum,
1771 4431 1845 4487 ad
1863 4450 1964 4487 cor
1981 4432 2175 4489 redire
2195 4452 2314 4490 non
2337 4454 2542 4502 curas3

438 4523 476 4548 “
516 4520 623 4576 sed
659 4520 893 4575 inanem
935 4524 997 4574 et
1030 4515 1430 4575 transitoriam
1470 4516 1676 4571 mundi
1714 4515 1967 4587 gloriam
2009 4517 2187 4574 saluti
2224 4519 2436 4575 animoe
2484 4528 2545 4576 et

652 4760 666 4790 ¹
690 4774 817 4808 more
836 4756 893 4808 in
911 4755 1041 4822 orig.
1077 4755 1181 4807 and
1211 4753 1349 4807 Bibl.
1372 4752 1590 4821 Reg.1s
1612 4752 1677 4807 Ε.
1696 4753 1770 4804 ix.
1790 4774 1808 4816 ς
1841 4754 1913 4819 by
1933 4752 2304 4807 inadverteuoe.
