<?xml version="1.0" encoding="UTF-8"?>
<!DOCTYPE html PUBLIC "-//W3C//DTD XHTML 1.0 Transitional//EN"
    "http://www.w3.org/TR/xhtml1/DTD/xhtml1-transitional.dtd">
<html xmlns="http://www.w3.org/1999/xhtml" xml:lang="en" lang="en">
 <head>
  <title>
</title>
<meta http-equiv="Content-Type" content="text/html;charset=utf-8" />
  <meta name='ocr-system' content='tesseract 3.04.00' />
  <meta name='ocr-capabilities' content='ocr_page ocr_carea ocr_par ocr_line ocrx_word'/>
</head>
<body>
  <div class='ocr_page' id='page_1' title='image "./thomaewalsingha00unkngoog_0529.png"; bbox 0 0 3300 5617; ppageno 0'>
   <div class='ocr_carea' id='block_1_1' title="bbox 1059 806 2505 871">
    <p class='ocr_par' dir='ltr' id='par_1_1' title="bbox 1059 806 2505 871">
     <span class='ocr_line' id='line_1_1' title="bbox 1059 806 2505 871; baseline 0.002 -4"><span class='ocrx_word' id='word_1_1' title='bbox 1059 817 1386 869; x_wconf 68' lang='lat' dir='ltr'><strong>msrosm</strong></span> <span class='ocrx_word' id='word_1_2' title='bbox 1428 817 1849 870; x_wconf 71' lang='lat' dir='ltr'><strong>AnemoANA.</strong></span> <span class='ocrx_word' id='word_1_3' title='bbox 2375 806 2505 871; x_wconf 76' lang='lat'><strong>409</strong></span> 
     </span>
    </p>
   </div>
   <div class='ocr_carea' id='block_1_2' title="bbox 67 982 2844 1067">
    <p class='ocr_par' dir='ltr' id='par_1_2' title="bbox 67 982 2844 1067">
     <span class='ocr_line' id='line_1_2' title="bbox 67 982 2844 1067; baseline 0.005 -30"><span class='ocrx_word' id='word_1_4' title='bbox 67 982 174 1036; x_wconf 84' lang='lat' dir='ltr'><strong>[S.</strong></span> <span class='ocrx_word' id='word_1_5' title='bbox 208 987 359 1043; x_wconf 87' lang='lat' dir='ltr'><strong>Bibl.</strong></span> <span class='ocrx_word' id='word_1_6' title='bbox 413 990 429 1022; x_wconf 80' lang='lat'>¹</span> <span class='ocrx_word' id='word_1_7' title='bbox 452 989 720 1046; x_wconf 64' lang='lat' dir='ltr'><strong>fraternae</strong></span> <span class='ocrx_word' id='word_1_8' title='bbox 774 990 933 1046; x_wconf 86' lang='lat' dir='ltr'><strong>necis</strong></span> <span class='ocrx_word' id='word_1_9' title='bbox 975 992 1377 1048; x_wconf 81' lang='lat' dir='ltr'><strong>comminando</strong></span> <span class='ocrx_word' id='word_1_10' title='bbox 1422 992 1622 1049; x_wconf 89' lang='lat' dir='ltr'><strong>dicens</strong></span> <span class='ocrx_word' id='word_1_11' title='bbox 1647 994 2007 1065; x_wconf 86' lang='lat' dir='ltr'><strong>improperet</strong></span> <span class='ocrx_word' id='word_1_12' title='bbox 2024 990 2136 1059; x_wconf 64' lang='grc' dir='ltr'><strong>ς-2</strong></span> <span class='ocrx_word' id='word_1_13' title='bbox 2157 991 2342 1048; x_wconf 81' lang='lat' dir='ltr'><strong>“Vox</strong></span> <span class='ocrx_word' id='word_1_14' title='bbox 2379 1010 2507 1047; x_wconf 88' lang='lat' dir='ltr'><strong>san·</strong></span> <span class='ocrx_word' id='word_1_15' title='bbox 2536 1012 2844 1067; x_wconf 81' lang='lat' dir='ltr'><strong>A.D.1379.</strong></span> 
     </span>
    </p>
   </div>
   <div class='ocr_carea' id='block_1_3' title="bbox 71 1061 280 1173">
    <p class='ocr_par' dir='ltr' id='par_1_3' title="bbox 71 1061 280 1173">
     <span class='ocr_line' id='line_1_3' title="bbox 73 1061 280 1129; baseline 0.01 -25"><span class='ocrx_word' id='word_1_16' title='bbox 73 1066 176 1129; x_wconf 72' lang='lat' dir='ltr'><strong>eg</strong></span> <span class='ocrx_word' id='word_1_17' title='bbox 213 1061 280 1106; x_wconf 85' lang='lat'><strong>13</strong></span> 
     </span>
     <span class='ocr_line' id='line_1_4' title="bbox 71 1134 231 1173; baseline 0.031 -8"><span class='ocrx_word' id='word_1_18' title='bbox 71 1154 88 1165; x_wconf 84' lang='grc'><strong>.</strong></span> <span class='ocrx_word' id='word_1_19' title='bbox 131 1134 231 1173; x_wconf 68' lang='lat' dir='ltr'><strong>lx.</strong></span> 
     </span>
    </p>
   </div>
   <div class='ocr_carea' id='block_1_4' title="bbox 411 1074 2516 1742">
    <p class='ocr_par' dir='ltr' id='par_1_4' title="bbox 411 1074 2516 1742">
     <span class='ocr_line' id='line_1_5' title="bbox 418 1074 2515 1145; baseline 0.001 -16"><span class='ocrx_word' id='word_1_20' title='bbox 418 1076 456 1100; x_wconf 81' lang='lat'><strong>‘⁶</strong></span> <span class='ocrx_word' id='word_1_21' title='bbox 494 1074 692 1145; x_wconf 84' lang='lat' dir='ltr'><strong>guinis</strong></span> <span class='ocrx_word' id='word_1_22' title='bbox 743 1075 944 1131; x_wconf 78' lang='lat' dir='ltr'><strong>fratris</strong></span> <span class='ocrx_word' id='word_1_23' title='bbox 999 1076 1086 1131; x_wconf 89' lang='lat' dir='ltr'><strong>tui</strong></span> <span class='ocrx_word' id='word_1_24' title='bbox 1140 1076 1354 1132; x_wconf 80' lang='lat' dir='ltr'><strong>clamat</strong></span> <span class='ocrx_word' id='word_1_25' title='bbox 1416 1076 1492 1132; x_wconf 81' lang='lat' dir='ltr'><strong>ad</strong></span> <span class='ocrx_word' id='word_1_26' title='bbox 1554 1095 1650 1133; x_wconf 90' lang='lat' dir='ltr'><strong>me</strong></span> <span class='ocrx_word' id='word_1_27' title='bbox 1715 1077 1789 1133; x_wconf 86' lang='lat' dir='ltr'><strong>de</strong></span> <span class='ocrx_word' id='word_1_28' title='bbox 1847 1084 2025 1143; x_wconf 89' lang='lat' dir='ltr'><strong>terra,</strong></span> <span class='ocrx_word' id='word_1_29' title='bbox 2082 1083 2143 1132; x_wconf 90' lang='lat' dir='ltr'><strong>et</strong></span> <span class='ocrx_word' id='word_1_30' title='bbox 2201 1076 2515 1133; x_wconf 84' lang='lat' dir='ltr'><strong>maledicta</strong></span> 
     </span>
     <span class='ocr_line' id='line_1_6' title="bbox 417 1160 2516 1234; baseline 0 -20"><span class='ocrx_word' id='word_1_31' title='bbox 417 1161 455 1185; x_wconf 89' lang='lat'><strong>“</strong></span> <span class='ocrx_word' id='word_1_32' title='bbox 494 1166 653 1214; x_wconf 88' lang='lat' dir='ltr'><strong>terra</strong></span> <span class='ocrx_word' id='word_1_33' title='bbox 722 1160 786 1214; x_wconf 88' lang='lat' dir='ltr'><strong>in</strong></span> <span class='ocrx_word' id='word_1_34' title='bbox 854 1177 1029 1232; x_wconf 90' lang='lat' dir='ltr'><strong>opere</strong></span> <span class='ocrx_word' id='word_1_35' title='bbox 1087 1166 1208 1225; x_wconf 91' lang='lat' dir='ltr'><strong>tuo,</strong></span> <span class='ocrx_word' id='word_1_36' title='bbox 1272 1179 1404 1231; x_wconf 78' lang='lat' dir='ltr'><strong>quoe</strong></span> <span class='ocrx_word' id='word_1_37' title='bbox 1463 1163 1696 1234; x_wconf 90' lang='lat' dir='ltr'><strong>aperuit</strong></span> <span class='ocrx_word' id='word_1_38' title='bbox 1752 1181 1819 1219; x_wconf 92' lang='lat' dir='ltr'><strong>os</strong></span> <span class='ocrx_word' id='word_1_39' title='bbox 1879 1180 2070 1226; x_wconf 85' lang='lat' dir='ltr'><strong>suum,</strong></span> <span class='ocrx_word' id='word_1_40' title='bbox 2135 1167 2197 1217; x_wconf 92' lang='lat' dir='ltr'><strong>et</strong></span> <span class='ocrx_word' id='word_1_41' title='bbox 2255 1161 2516 1233; x_wconf 87' lang='lat' dir='ltr'><strong>suscepit</strong></span> 
     </span>
     <span class='ocr_line' id='line_1_7' title="bbox 417 1244 2514 1318; baseline 0 -19"><span class='ocrx_word' id='word_1_42' title='bbox 417 1248 454 1269; x_wconf 84' lang='lat'><strong>‘⁸</strong></span> <span class='ocrx_word' id='word_1_43' title='bbox 492 1245 872 1316; x_wconf 71' lang='lat' dir='ltr'><strong>³sanguinem</strong></span> <span class='ocrx_word' id='word_1_44' title='bbox 896 1245 1097 1300; x_wconf 81' lang='lat' dir='ltr'><strong>fratris</strong></span> <span class='ocrx_word' id='word_1_45' title='bbox 1122 1244 1272 1300; x_wconf 90' lang='lat' dir='ltr'><strong>tui.&#39;&#39;</strong></span> <span class='ocrx_word' id='word_1_46' title='bbox 1347 1245 1491 1315; x_wconf 83' lang='lat' dir='ltr'><strong>Quis</strong></span> <span class='ocrx_word' id='word_1_47' title='bbox 1517 1253 1714 1302; x_wconf 86' lang='lat' dir='ltr'><strong>autem</strong></span> <span class='ocrx_word' id='word_1_48' title='bbox 1751 1247 1932 1303; x_wconf 84' lang='lat' dir='ltr'><strong>frater</strong></span> <span class='ocrx_word' id='word_1_49' title='bbox 1968 1246 2219 1303; x_wconf 82' lang='lat' dir='ltr'><strong>carnalis</strong></span> <span class='ocrx_word' id='word_1_50' title='bbox 2256 1263 2514 1318; x_wconf 80' lang='lat' dir='ltr'><strong>unquam</strong></span> 
     </span>
     <span class='ocr_line' id='line_1_8' title="bbox 413 1328 2514 1403; baseline 0.001 -20"><span class='ocrx_word' id='word_1_51' title='bbox 413 1328 636 1400; x_wconf 81' lang='lat' dir='ltr'><strong>majora</strong></span> <span class='ocrx_word' id='word_1_52' title='bbox 684 1329 987 1385; x_wconf 84' lang='lat' dir='ltr'><strong>commoda</strong></span> <span class='ocrx_word' id='word_1_53' title='bbox 1037 1329 1317 1385; x_wconf 84' lang='lat' dir='ltr'><strong>fratribus</strong></span> <span class='ocrx_word' id='word_1_54' title='bbox 1369 1330 1492 1386; x_wconf 90' lang='lat' dir='ltr'><strong>suis</strong></span> <span class='ocrx_word' id='word_1_55' title='bbox 1546 1331 1869 1388; x_wconf 83' lang='lat' dir='ltr'><strong>elaboravit</strong></span> <span class='ocrx_word' id='word_1_56' title='bbox 1914 1333 2149 1397; x_wconf 83' lang='lat' dir='ltr'><strong>inferre,</strong></span> <span class='ocrx_word' id='word_1_57' title='bbox 2190 1349 2366 1403; x_wconf 87' lang='lat' dir='ltr'><strong>quam</strong></span> <span class='ocrx_word' id='word_1_58' title='bbox 2402 1332 2514 1386; x_wconf 88' lang='lat' dir='ltr'><strong>iste</strong></span> 
     </span>
     <span class='ocr_line' id='line_1_9' title="bbox 412 1413 2513 1488; baseline 0.001 -21"><span class='ocrx_word' id='word_1_59' title='bbox 412 1413 768 1469; x_wconf 73' lang='lat' dir='ltr'><strong>nostratibus</strong></span> <span class='ocrx_word' id='word_1_60' title='bbox 820 1414 1186 1470; x_wconf 83' lang='lat' dir='ltr'><strong>machinatus</strong></span> <span class='ocrx_word' id='word_1_61' title='bbox 1238 1413 1371 1471; x_wconf 80' lang='lat' dir='ltr'><strong>est?</strong></span> <span class='ocrx_word' id='word_1_62' title='bbox 1442 1415 1675 1472; x_wconf 83' lang='lat' dir='ltr'><strong>Revera</strong></span> <span class='ocrx_word' id='word_1_63' title='bbox 1725 1416 2044 1481; x_wconf 71' lang='lat' dir='ltr'>dicebatur,</span> <span class='ocrx_word' id='word_1_64' title='bbox 2097 1416 2253 1488; x_wconf 90' lang='lat' dir='ltr'><strong>quod</strong></span> <span class='ocrx_word' id='word_1_65' title='bbox 2301 1416 2513 1488; x_wconf 89' lang='lat' dir='ltr'><strong>libram</strong></span> 
     </span>
     <span class='ocr_line' id='line_1_10' title="bbox 411 1496 2513 1572; baseline 0.002 -22"><span class='ocrx_word' id='word_1_66' title='bbox 411 1497 632 1569; x_wconf 79' lang='lat' dir='ltr'><strong>piperis</strong></span> <span class='ocrx_word' id='word_1_67' title='bbox 667 1515 775 1568; x_wconf 90' lang='lat' dir='ltr'><strong>pro</strong></span> <span class='ocrx_word' id='word_1_68' title='bbox 812 1503 1061 1570; x_wconf 87' lang='lat' dir='ltr'><strong>quatuor</strong></span> <span class='ocrx_word' id='word_1_69' title='bbox 1097 1496 1351 1554; x_wconf 84' lang='lat' dir='ltr'><strong>denariis</strong></span> <span class='ocrx_word' id='word_1_70' title='bbox 1387 1499 1766 1567; x_wconf 86' lang='lat' dir='ltr'><strong>vendidisset,</strong></span> <span class='ocrx_word' id='word_1_71' title='bbox 1794 1507 1854 1556; x_wconf 89' lang='lat' dir='ltr'><strong>et</strong></span> <span class='ocrx_word' id='word_1_72' title='bbox 1878 1501 1963 1557; x_wconf 87' lang='lat' dir='ltr'><strong>ita</strong></span> <span class='ocrx_word' id='word_1_73' title='bbox 1984 1506 2404 1572; x_wconf 80' lang='lat' dir='ltr'>consequenter</span> <span class='ocrx_word' id='word_1_74' title='bbox 2439 1500 2513 1554; x_wconf 90' lang='lat' dir='ltr'><strong>de</strong></span> 
     </span>
     <span class='ocr_line' id='line_1_11' title="bbox 413 1580 2513 1657; baseline 0 -19"><span class='ocrx_word' id='word_1_75' title='bbox 413 1580 664 1652; x_wconf 84' lang='lat' dir='ltr'><strong>singulis</strong></span> <span class='ocrx_word' id='word_1_76' title='bbox 713 1583 978 1639; x_wconf 81' lang='lat' dir='ltr'><strong>faciendo</strong></span> <span class='ocrx_word' id='word_1_77' title='bbox 1025 1582 1338 1654; x_wconf 83' lang='lat' dir='ltr'><strong>generibus</strong></span> <span class='ocrx_word' id='word_1_78' title='bbox 1393 1584 1739 1655; x_wconf 75' lang='lat' dir='ltr'><strong>specierum.</strong></span> <span class='ocrx_word' id='word_1_79' title='bbox 1816 1585 1985 1655; x_wconf 80' lang='lat' dir='ltr'><strong>Quod</strong></span> <span class='ocrx_word' id='word_1_80' title='bbox 2024 1586 2284 1657; x_wconf 83' lang='lat' dir='ltr'><strong>profecto</strong></span> <span class='ocrx_word' id='word_1_81' title='bbox 2321 1592 2513 1642; x_wconf 82' lang='lat' dir='ltr'><strong>tractu</strong></span> 
     </span>
     <span class='ocr_line' id='line_1_12' title="bbox 411 1666 2130 1742; baseline 0.003 -22"><span class='ocrx_word' id='word_1_82' title='bbox 411 1666 690 1737; x_wconf 88' lang='lat' dir='ltr'><strong>temporis</strong></span> <span class='ocrx_word' id='word_1_83' title='bbox 725 1666 1026 1723; x_wconf 78' lang='lat' dir='ltr'><strong>indicibile</strong></span> <span class='ocrx_word' id='word_1_84' title='bbox 1061 1666 1518 1724; x_wconf 87' lang='lat' dir='ltr'><strong>emolumentum</strong></span> <span class='ocrx_word' id='word_1_85' title='bbox 1544 1669 1750 1725; x_wconf 85' lang='lat' dir='ltr'><strong>incolis</strong></span> <span class='ocrx_word' id='word_1_86' title='bbox 1786 1671 2130 1742; x_wconf 73' lang='lat' dir='ltr'><strong>peperisset.</strong></span> 
     </span>
    </p>
   </div>
   <div class='ocr_carea' id='block_1_5' title="bbox 412 2006 2513 2201">
    <p class='ocr_par' dir='ltr' id='par_1_5' title="bbox 412 2006 2513 2201">
     <span class='ocr_line' id='line_1_13' title="bbox 412 2006 2513 2099; baseline 0.001 -25"><span class='ocrx_word' id='word_1_87' title='bbox 412 2006 494 2074; x_wconf 84' lang='grc' dir='ltr'><em>Μ</em></span> <span class='ocrx_word' id='word_1_88' title='bbox 491 2030 678 2094; x_wconf 66' lang='lat' dir='ltr'><strong>aymo</strong></span> <span class='ocrx_word' id='word_1_89' title='bbox 720 2008 941 2077; x_wconf 80' lang='lat' dir='ltr'><strong>Pestis</strong></span> <span class='ocrx_word' id='word_1_90' title='bbox 984 2010 1070 2075; x_wconf 73' lang='lat' dir='ltr'><strong>in</strong></span> <span class='ocrx_word' id='word_1_91' title='bbox 1108 2009 1434 2096; x_wconf 78' lang='lat' dir='ltr'><strong>partibus</strong></span> <span class='ocrx_word' id='word_1_92' title='bbox 1477 2009 1879 2076; x_wconf 70' lang='lat' dir='ltr'><strong>Borealibas</strong></span> <span class='ocrx_word' id='word_1_93' title='bbox 1899 2034 1926 2090; x_wconf 91' lang='lat'><em>;</em></span> <span class='ocrx_word' id='word_1_94' title='bbox 1990 2009 2302 2099; x_wconf 71' lang='lat' dir='ltr'><strong>Scotiq‘ae</strong></span> <span class='ocrx_word' id='word_1_95' title='bbox 2348 2020 2513 2078; x_wconf 70' lang='lat' dir='ltr'><strong>tunc</strong></span> 
     </span>
     <span class='ocr_line' id='line_1_14' title="bbox 986 2112 1880 2201; baseline -0.001 -21"><span class='ocrx_word' id='word_1_96' title='bbox 986 2120 1217 2201; x_wconf 72' lang='lat' dir='ltr'><strong>partes</strong></span> <span class='ocrx_word' id='word_1_97' title='bbox 1259 2113 1423 2181; x_wconf 76' lang='lat' dir='ltr'><strong>illas</strong></span> <span class='ocrx_word' id='word_1_98' title='bbox 1466 2112 1880 2183; x_wconf 71' lang='lat' dir='ltr'><strong>invadentes.</strong></span> 
     </span>
    </p>
   </div>
   <div class='ocr_carea' id='block_1_6' title="bbox 410 2286 2845 4139">
    <p class='ocr_par' dir='ltr' id='par_1_6' title="bbox 410 2286 2802 3035">
     <span class='ocr_line' id='line_1_15' title="bbox 483 2286 2748 2366; baseline -0.001 -23"><span class='ocrx_word' id='word_1_99' title='bbox 483 2286 705 2343; x_wconf 80' lang='lat' dir='ltr'><strong>Eodem</strong></span> <span class='ocrx_word' id='word_1_100' title='bbox 753 2305 919 2353; x_wconf 85' lang='lat' dir='ltr'><strong>anne,</strong></span> <span class='ocrx_word' id='word_1_101' title='bbox 988 2293 1250 2360; x_wconf 87' lang='lat' dir='ltr'><strong>tempore</strong></span> <span class='ocrx_word' id='word_1_102' title='bbox 1298 2287 1548 2344; x_wconf 78' lang='lat' dir='ltr'><strong>aestivali</strong></span> <span class='ocrx_word' id='word_1_103' title='bbox 1609 2292 1775 2344; x_wconf 83' lang='lat' dir='ltr'><strong>tauta</strong></span> <span class='ocrx_word' id='word_1_104' title='bbox 1824 2288 2008 2360; x_wconf 86' lang='lat' dir='ltr'><strong>pestis</strong></span> <span class='ocrx_word' id='word_1_105' title='bbox 2057 2293 2257 2343; x_wconf 85' lang='lat' dir='ltr'><strong>exorta</strong></span> <span class='ocrx_word' id='word_1_106' title='bbox 2302 2292 2393 2343; x_wconf 89' lang='lat' dir='ltr'><strong>est</strong></span> <span class='ocrx_word' id='word_1_107' title='bbox 2448 2287 2508 2341; x_wconf 89' lang='lat' dir='ltr'><strong>iu</strong></span> <span class='ocrx_word' id='word_1_108' title='bbox 2532 2300 2583 2351; x_wconf 77' lang='lat' dir='ltr'>A</span> <span class='ocrx_word' id='word_1_109' title='bbox 2606 2308 2748 2366; x_wconf 81' lang='lat' dir='ltr'><strong>great</strong></span> 
     </span>
     <span class='ocr_line' id='line_1_16' title="bbox 411 2368 2802 2447; baseline -0.001 -19"><span class='ocrx_word' id='word_1_110' title='bbox 411 2372 678 2444; x_wconf 87' lang='lat' dir='ltr'><strong>partibus</strong></span> <span class='ocrx_word' id='word_1_111' title='bbox 726 2371 1072 2428; x_wconf 88' lang='lat' dir='ltr'><strong>Borealibus</strong></span> <span class='ocrx_word' id='word_1_112' title='bbox 1110 2391 1181 2428; x_wconf 84' lang='lat' dir='ltr'><strong>ex</strong></span> <span class='ocrx_word' id='word_1_113' title='bbox 1225 2373 1430 2445; x_wconf 87' lang='lat' dir='ltr'><strong>iniquo</strong></span> <span class='ocrx_word' id='word_1_114' title='bbox 1476 2372 1690 2439; x_wconf 81' lang='lat' dir='ltr'><strong>sidere,</strong></span> <span class='ocrx_word' id='word_1_115' title='bbox 1743 2378 1961 2443; x_wconf 84' lang='lat' dir='ltr'><strong>quanta</strong></span> <span class='ocrx_word' id='word_1_116' title='bbox 2005 2389 2302 2443; x_wconf 86' lang='lat' dir='ltr'><strong>nunquam</strong></span> <span class='ocrx_word' id='word_1_117' title='bbox 2340 2376 2512 2426; x_wconf 89' lang='lat' dir='ltr'><strong>antea</strong></span> <span class='ocrx_word' id='word_1_118' title='bbox 2531 2368 2802 2447; x_wconf 70' lang='lat' dir='ltr'><strong>&#39;pestilenoe</strong></span> 
     </span>
     <span class='ocr_line' id='line_1_17' title="bbox 410 2434 2788 2551; baseline -0.002 -39"><span class='ocrx_word' id='word_1_119' title='bbox 410 2457 540 2512; x_wconf 84' lang='lat' dir='ltr'><strong>visa</strong></span> <span class='ocrx_word' id='word_1_120' title='bbox 580 2456 729 2522; x_wconf 77' lang='lat' dir='ltr'><strong>fuit3</strong></span> <span class='ocrx_word' id='word_1_121' title='bbox 782 2455 925 2512; x_wconf 85' lang='lat' dir='ltr'><strong>adeo</strong></span> <span class='ocrx_word' id='word_1_122' title='bbox 959 2475 1211 2529; x_wconf 86' lang='lat' dir='ltr'><strong>namque</strong></span> <span class='ocrx_word' id='word_1_123' title='bbox 1248 2456 1498 2513; x_wconf 79' lang='lat' dir='ltr'><strong>invaluit</strong></span> <span class='ocrx_word' id='word_1_124' title='bbox 1535 2456 1650 2527; x_wconf 87' lang='lat' dir='ltr'><strong>ipsi</strong></span> <span class='ocrx_word' id='word_1_125' title='bbox 1700 2458 1830 2528; x_wconf 88' lang='lat' dir='ltr'><strong>ipsa</strong></span> <span class='ocrx_word' id='word_1_126' title='bbox 1864 2456 2210 2520; x_wconf 77' lang='lat' dir='ltr'><strong>mortalitaS,</strong></span> <span class='ocrx_word' id='word_1_127' title='bbox 2258 2460 2327 2510; x_wconf 89' lang='lat' dir='ltr'><strong>ut</strong></span> <span class='ocrx_word' id='word_1_128' title='bbox 2361 2473 2509 2527; x_wconf 87' lang='lat' dir='ltr'><strong>pene</strong></span> <span class='ocrx_word' id='word_1_129' title='bbox 2533 2450 2588 2551; x_wconf 57' lang='grc' dir='ltr'><strong>1Ῑὲ</strong></span> <span class='ocrx_word' id='word_1_130' title='bbox 2610 2434 2701 2551; x_wconf 55' lang='lat' dir='ltr'><strong>‘hg</strong></span> <span class='ocrx_word' id='word_1_131' title='bbox 2759 2503 2788 2551; x_wconf 71' lang='lat' dir='ltr'>f</span> 
     </span>
     <span class='ocr_line' id='line_1_18' title="bbox 410 2511 2789 2634; baseline -0.001 -38"><span class='ocrx_word' id='word_1_132' title='bbox 410 2546 594 2597; x_wconf 78' lang='lat' dir='ltr'><strong>totam</strong></span> <span class='ocrx_word' id='word_1_133' title='bbox 639 2540 892 2613; x_wconf 87' lang='lat' dir='ltr'><strong>patriam</strong></span> <span class='ocrx_word' id='word_1_134' title='bbox 933 2541 1005 2596; x_wconf 90' lang='lat' dir='ltr'><strong>de</strong></span> <span class='ocrx_word' id='word_1_135' title='bbox 1046 2540 1476 2613; x_wconf 80' lang='lat' dir='ltr'><strong>probatissimis</strong></span> <span class='ocrx_word' id='word_1_136' title='bbox 1525 2541 1673 2597; x_wconf 80' lang='lat' dir='ltr'><strong>viris</strong></span> <span class='ocrx_word' id='word_1_137' title='bbox 1722 2540 1915 2596; x_wconf 88' lang='lat' dir='ltr'><strong>subito</strong></span> <span class='ocrx_word' id='word_1_138' title='bbox 1965 2540 2277 2611; x_wconf 87' lang='lat' dir='ltr'><strong>spoliaret;</strong></span> <span class='ocrx_word' id='word_1_139' title='bbox 2331 2546 2392 2594; x_wconf 92' lang='lat' dir='ltr'><strong>et</strong></span> <span class='ocrx_word' id='word_1_140' title='bbox 2438 2538 2510 2594; x_wconf 91' lang='lat' dir='ltr'><strong>de</strong></span> <span class='ocrx_word' id='word_1_141' title='bbox 2536 2511 2789 2634; x_wconf 44' lang='lat' dir='ltr'><strong>Egglan‘zi·</strong></span> 
     </span>
     <span class='ocr_line' id='line_1_19' title="bbox 411 2623 2508 2697; baseline -0.001 -17"><span class='ocrx_word' id='word_1_142' title='bbox 411 2625 823 2691; x_wconf 86' lang='lat' dir='ltr'><strong>mediocribus,</strong></span> <span class='ocrx_word' id='word_1_143' title='bbox 856 2625 1001 2697; x_wconf 90' lang='lat' dir='ltr'><strong>quid</strong></span> <span class='ocrx_word' id='word_1_144' title='bbox 1035 2625 1364 2692; x_wconf 88' lang='lat' dir='ltr'><strong>dicendum,</strong></span> <span class='ocrx_word' id='word_1_145' title='bbox 1393 2625 1704 2682; x_wconf 78' lang='lat' dir='ltr'><strong>evacuavit</strong></span> <span class='ocrx_word' id='word_1_146' title='bbox 1742 2625 2066 2696; x_wconf 81' lang='lat' dir='ltr'><strong>quamlibet</strong></span> <span class='ocrx_word' id='word_1_147' title='bbox 2104 2626 2226 2680; x_wconf 85' lang='lat' dir='ltr'><strong>fero</strong></span> <span class='ocrx_word' id='word_1_148' title='bbox 2250 2623 2508 2689; x_wconf 89' lang='lat' dir='ltr'><strong>domum,</strong></span> 
     </span>
     <span class='ocr_line' id='line_1_20' title="bbox 411 2707 2513 2781; baseline 0 -17"><span class='ocrx_word' id='word_1_149' title='bbox 411 2715 481 2765; x_wconf 91' lang='lat' dir='ltr'><strong>ut</strong></span> <span class='ocrx_word' id='word_1_150' title='bbox 524 2710 759 2780; x_wconf 87' lang='lat' dir='ltr'><strong>penitus</strong></span> <span class='ocrx_word' id='word_1_151' title='bbox 809 2710 935 2765; x_wconf 86' lang='lat' dir='ltr'><strong>sola</strong></span> <span class='ocrx_word' id='word_1_152' title='bbox 979 2716 1352 2777; x_wconf 81' lang='lat' dir='ltr'><strong>remaneret3</strong></span> <span class='ocrx_word' id='word_1_153' title='bbox 1404 2709 1659 2765; x_wconf 86' lang='lat' dir='ltr'><strong>familias</strong></span> <span class='ocrx_word' id='word_1_154' title='bbox 1709 2709 2102 2781; x_wconf 86' lang='lat' dir='ltr'><strong>amplissimas</strong></span> <span class='ocrx_word' id='word_1_155' title='bbox 2151 2707 2513 2765; x_wconf 85' lang='lat' dir='ltr'><strong>absorbendo</strong></span> 
     </span>
     <span class='ocr_line' id='line_1_21' title="bbox 412 2793 2511 2866; baseline 0 -18"><span class='ocrx_word' id='word_1_156' title='bbox 412 2793 649 2860; x_wconf 80' lang='lat' dir='ltr'><strong>delevit,</strong></span> <span class='ocrx_word' id='word_1_157' title='bbox 676 2812 790 2849; x_wconf 89' lang='lat' dir='ltr'><strong>non</strong></span> <span class='ocrx_word' id='word_1_158' title='bbox 824 2813 1013 2866; x_wconf 90' lang='lat' dir='ltr'><strong>usque</strong></span> <span class='ocrx_word' id='word_1_159' title='bbox 1037 2794 1112 2850; x_wconf 87' lang='lat' dir='ltr'><strong>ad</strong></span> <span class='ocrx_word' id='word_1_160' title='bbox 1137 2813 1337 2861; x_wconf 86' lang='lat' dir='ltr'><strong>unum,</strong></span> <span class='ocrx_word' id='word_1_161' title='bbox 1366 2794 1471 2851; x_wconf 91' lang='lat' dir='ltr'><strong>sed</strong></span> <span class='ocrx_word' id='word_1_162' title='bbox 1508 2803 1815 2865; x_wconf 83' lang='lat' dir='ltr'><strong>usquequo</strong></span> <span class='ocrx_word' id='word_1_163' title='bbox 1855 2794 2104 2858; x_wconf 88' lang='lat' dir='ltr'><strong>nullum,</strong></span> <span class='ocrx_word' id='word_1_164' title='bbox 2134 2794 2511 2865; x_wconf 83' lang='lat' dir='ltr'><strong>superstitem</strong></span> 
     </span>
     <span class='ocr_line' id='line_1_22' title="bbox 414 2876 2511 2951; baseline 0 -18"><span class='ocrx_word' id='word_1_165' title='bbox 414 2876 865 2949; x_wconf 65' lang='lat' dir='ltr'><strong>derelinqueret.</strong></span> <span class='ocrx_word' id='word_1_166' title='bbox 967 2878 1085 2935; x_wconf 85' lang='lat' dir='ltr'><strong>Sed</strong></span> <span class='ocrx_word' id='word_1_167' title='bbox 1136 2879 1264 2936; x_wconf 82' lang='lat' dir='ltr'><strong>haec</strong></span> <span class='ocrx_word' id='word_1_168' title='bbox 1309 2897 1605 2951; x_wconf 87' lang='lat' dir='ltr'><strong>perpauca</strong></span> <span class='ocrx_word' id='word_1_169' title='bbox 1642 2880 1783 2935; x_wconf 70' lang='lat' dir='ltr'><strong>sunt</strong></span> <span class='ocrx_word' id='word_1_170' title='bbox 1816 2884 2092 2951; x_wconf 87' lang='lat' dir='ltr'><strong>respectu</strong></span> <span class='ocrx_word' id='word_1_171' title='bbox 2139 2896 2345 2934; x_wconf 88' lang='lat' dir='ltr'><strong>eorum</strong></span> <span class='ocrx_word' id='word_1_172' title='bbox 2381 2895 2511 2949; x_wconf 81' lang='lat' dir='ltr'><strong>quae</strong></span> 
     </span>
     <span class='ocr_line' id='line_1_23' title="bbox 415 2969 759 3035; baseline 0 -16"><span class='ocrx_word' id='word_1_173' title='bbox 415 2969 759 3035; x_wconf 87' lang='lat' dir='ltr'><strong>sequuntur.</strong></span> 
     </span>
    </p>

    <p class='ocr_par' dir='ltr' id='par_1_7' title="bbox 410 3048 2845 4139">
     <span class='ocr_line' id='line_1_24' title="bbox 482 3048 2514 3122; baseline 0 -20"><span class='ocrx_word' id='word_1_174' title='bbox 482 3048 816 3114; x_wconf 82' lang='lat' dir='ltr'><strong>EnimverO,</strong></span> <span class='ocrx_word' id='word_1_175' title='bbox 879 3049 941 3104; x_wconf 91' lang='lat' dir='ltr'><strong>in</strong></span> <span class='ocrx_word' id='word_1_176' title='bbox 1000 3054 1229 3105; x_wconf 87' lang='lat' dir='ltr'><strong>tantum</strong></span> <span class='ocrx_word' id='word_1_177' title='bbox 1276 3054 1600 3122; x_wconf 80' lang='lat' dir='ltr'><strong>aggravata</strong></span> <span class='ocrx_word' id='word_1_178' title='bbox 1645 3054 1739 3105; x_wconf 88' lang='lat' dir='ltr'><strong>est</strong></span> <span class='ocrx_word' id='word_1_179' title='bbox 1782 3066 1990 3104; x_wconf 87' lang='lat' dir='ltr'><strong>manus</strong></span> <span class='ocrx_word' id='word_1_180' title='bbox 2045 3048 2282 3103; x_wconf 89' lang='lat' dir='ltr'><strong>Domini</strong></span> <span class='ocrx_word' id='word_1_181' title='bbox 2337 3064 2514 3118; x_wconf 87' lang='lat' dir='ltr'><strong>super</strong></span> 
     </span>
     <span class='ocr_line' id='line_1_25' title="bbox 412 3132 2515 3206; baseline 0 -19"><span class='ocrx_word' id='word_1_182' title='bbox 412 3150 530 3199; x_wconf 90' lang='lat' dir='ltr'><strong>eos,</strong></span> <span class='ocrx_word' id='word_1_183' title='bbox 578 3139 647 3189; x_wconf 90' lang='lat' dir='ltr'><strong>ut</strong></span> <span class='ocrx_word' id='word_1_184' title='bbox 691 3133 866 3189; x_wconf 79' lang='lat' dir='ltr'><strong>villas</strong></span> <span class='ocrx_word' id='word_1_185' title='bbox 916 3141 976 3189; x_wconf 92' lang='lat' dir='ltr'><strong>et</strong></span> <span class='ocrx_word' id='word_1_186' title='bbox 1033 3133 1264 3206; x_wconf 89' lang='lat' dir='ltr'><strong>oppida,</strong></span> <span class='ocrx_word' id='word_1_187' title='bbox 1316 3134 1458 3189; x_wconf 90' lang='lat' dir='ltr'><strong>olim</strong></span> <span class='ocrx_word' id='word_1_188' title='bbox 1504 3134 1650 3190; x_wconf 87' lang='lat' dir='ltr'><strong>viris</strong></span> <span class='ocrx_word' id='word_1_189' title='bbox 1710 3134 1959 3200; x_wconf 89' lang='lat' dir='ltr'><strong>bellicis,</strong></span> <span class='ocrx_word' id='word_1_190' title='bbox 2009 3132 2413 3204; x_wconf 76' lang='lat' dir='ltr'><strong>prudentibuS,</strong></span> <span class='ocrx_word' id='word_1_191' title='bbox 2454 3136 2515 3187; x_wconf 88' lang='lat' dir='ltr'><strong>et</strong></span> 
     </span>
     <span class='ocr_line' id='line_1_26' title="bbox 411 3217 2513 3290; baseline -0 -19"><span class='ocrx_word' id='word_1_192' title='bbox 411 3217 836 3287; x_wconf 81' lang='lat' dir='ltr'><strong>praedivitibus,</strong></span> <span class='ocrx_word' id='word_1_193' title='bbox 882 3236 950 3273; x_wconf 82' lang='lat' dir='ltr'><strong>ac</strong></span> <span class='ocrx_word' id='word_1_194' title='bbox 989 3218 1134 3290; x_wconf 87' lang='lat' dir='ltr'><strong>ipsis</strong></span> <span class='ocrx_word' id='word_1_195' title='bbox 1173 3218 1411 3285; x_wconf 88' lang='lat' dir='ltr'><strong>colonis,</strong></span> <span class='ocrx_word' id='word_1_196' title='bbox 1461 3218 1869 3282; x_wconf 85' lang='lat' dir='ltr'><strong>refertissima,</strong></span> <span class='ocrx_word' id='word_1_197' title='bbox 1916 3218 2040 3273; x_wconf 88' lang='lat' dir='ltr'><strong>suis</strong></span> <span class='ocrx_word' id='word_1_198' title='bbox 2086 3217 2513 3273; x_wconf 85' lang='lat' dir='ltr'><strong>habitatoribus</strong></span> 
     </span>
     <span class='ocr_line' id='line_1_27' title="bbox 411 3299 2824 3374; baseline -0 -19"><span class='ocrx_word' id='word_1_199' title='bbox 411 3299 758 3358; x_wconf 85' lang='lat' dir='ltr'><strong>destituerat</strong></span> <span class='ocrx_word' id='word_1_200' title='bbox 794 3307 854 3358; x_wconf 89' lang='lat' dir='ltr'><strong>et</strong></span> <span class='ocrx_word' id='word_1_201' title='bbox 889 3303 951 3356; x_wconf 90' lang='lat' dir='ltr'><strong>in</strong></span> <span class='ocrx_word' id='word_1_202' title='bbox 988 3302 1362 3358; x_wconf 86' lang='lat' dir='ltr'><strong>solitudinem</strong></span> <span class='ocrx_word' id='word_1_203' title='bbox 1402 3302 1700 3374; x_wconf 83' lang='lat' dir='ltr'><strong>redigeret</strong></span> <span class='ocrx_word' id='word_1_204' title='bbox 1723 3308 1783 3358; x_wconf 92' lang='lat' dir='ltr'><strong>et</strong></span> <span class='ocrx_word' id='word_1_205' title='bbox 1816 3301 2131 3357; x_wconf 86' lang='lat' dir='ltr'><strong>desertum.</strong></span> <span class='ocrx_word' id='word_1_206' title='bbox 2208 3302 2287 3356; x_wconf 85' lang='lat' dir='ltr'><strong>Et</strong></span> <span class='ocrx_word' id='word_1_207' title='bbox 2338 3318 2513 3373; x_wconf 89' lang='lat' dir='ltr'><strong>super</strong></span> <span class='ocrx_word' id='word_1_208' title='bbox 2539 3315 2652 3366; x_wconf 70' lang='lat' dir='ltr'><strong>The</strong></span> <span class='ocrx_word' id='word_1_209' title='bbox 2676 3316 2824 3368; x_wconf 61' lang='lat' dir='ltr'><strong>300oe</strong></span> 
     </span>
     <span class='ocr_line' id='line_1_28' title="bbox 412 3385 2721 3458; baseline 0 -19"><span class='ocrx_word' id='word_1_210' title='bbox 412 3386 625 3451; x_wconf 88' lang='lat' dir='ltr'><strong>omnia,</strong></span> <span class='ocrx_word' id='word_1_211' title='bbox 680 3386 860 3452; x_wconf 87' lang='lat' dir='ltr'><strong>Scoti,</strong></span> <span class='ocrx_word' id='word_1_212' title='bbox 911 3392 980 3442; x_wconf 91' lang='lat' dir='ltr'><strong>ut</strong></span> <span class='ocrx_word' id='word_1_213' title='bbox 1019 3392 1199 3458; x_wconf 89' lang='lat' dir='ltr'><strong>patet,</strong></span> <span class='ocrx_word' id='word_1_214' title='bbox 1249 3386 1493 3442; x_wconf 85' lang='lat' dir='ltr'><strong>humani</strong></span> <span class='ocrx_word' id='word_1_215' title='bbox 1529 3386 1765 3458; x_wconf 86' lang='lat' dir='ltr'><strong>generis</strong></span> <span class='ocrx_word' id='word_1_216' title='bbox 1801 3386 2047 3452; x_wconf 89' lang='lat' dir='ltr'><strong>inimici,</strong></span> <span class='ocrx_word' id='word_1_217' title='bbox 2098 3403 2213 3441; x_wconf 88' lang='lat' dir='ltr'><strong>non</strong></span> <span class='ocrx_word' id='word_1_218' title='bbox 2258 3385 2511 3456; x_wconf 89' lang='lat' dir='ltr'><strong>compati</strong></span> <span class='ocrx_word' id='word_1_219' title='bbox 2536 3396 2721 3448; x_wconf 81' lang='lat' dir='ltr'><strong>ravage</strong></span> 
     </span>
     <span class='ocr_line' id='line_1_29' title="bbox 411 3451 2845 3542; baseline -0 -17"><span class='ocrx_word' id='word_1_220' title='bbox 411 3475 502 3525; x_wconf 86' lang='lat' dir='ltr'><strong>tot</strong></span> <span class='ocrx_word' id='word_1_221' title='bbox 552 3470 571 3502; x_wconf 89' lang='lat'><strong>⁴</strong></span> <span class='ocrx_word' id='word_1_222' title='bbox 587 3471 982 3542; x_wconf 81' lang='lat' dir='ltr'><strong>proximorum</strong></span> <span class='ocrx_word' id='word_1_223' title='bbox 1036 3471 1343 3537; x_wconf 89' lang='lat' dir='ltr'><strong>mortibus,</strong></span> <span class='ocrx_word' id='word_1_224' title='bbox 1400 3489 1515 3526; x_wconf 88' lang='lat' dir='ltr'><strong>non</strong></span> <span class='ocrx_word' id='word_1_225' title='bbox 1568 3470 1875 3528; x_wconf 88' lang='lat' dir='ltr'><strong>condolere</strong></span> <span class='ocrx_word' id='word_1_226' title='bbox 1923 3475 2013 3526; x_wconf 87' lang='lat' dir='ltr'><strong>tot</strong></span> <span class='ocrx_word' id='word_1_227' title='bbox 2059 3469 2508 3536; x_wconf 84' lang='lat' dir='ltr'><strong>calamitatibus,</strong></span> <span class='ocrx_word' id='word_1_228' title='bbox 2536 3451 2677 3502; x_wconf 58' lang='lat'><strong>‘¹¹⁰⁸‘</strong></span> <span class='ocrx_word' id='word_1_229' title='bbox 2692 3458 2845 3515; x_wconf 59' lang='lat' dir='ltr'><strong>Pm-</strong></span> 
     </span>
     <span class='ocr_line' id='line_1_30' title="bbox 412 3554 2512 3628; baseline 0 -19"><span class='ocrx_word' id='word_1_230' title='bbox 412 3555 746 3613; x_wconf 86' lang='lat' dir='ltr'><strong>didicerunt</strong></span> <span class='ocrx_word' id='word_1_231' title='bbox 786 3556 980 3628; x_wconf 86' lang='lat' dir='ltr'><strong>gentis</strong></span> <span class='ocrx_word' id='word_1_232' title='bbox 1022 3557 1268 3622; x_wconf 72' lang='lat' dir='ltr'><strong>miserm,</strong></span> <span class='ocrx_word' id='word_1_233' title='bbox 1312 3562 1609 3628; x_wconf 86' lang='lat' dir='ltr'><strong>postremo</strong></span> <span class='ocrx_word' id='word_1_234' title='bbox 1647 3574 1756 3611; x_wconf 87' lang='lat' dir='ltr'><strong>nec</strong></span> <span class='ocrx_word' id='word_1_235' title='bbox 1813 3574 2050 3612; x_wconf 79' lang='lat' dir='ltr'><strong>manum</strong></span> <span class='ocrx_word' id='word_1_236' title='bbox 2092 3554 2348 3620; x_wconf 88' lang='lat' dir='ltr'><strong>Domini,</strong></span> <span class='ocrx_word' id='word_1_237' title='bbox 2390 3562 2512 3611; x_wconf 86' lang='lat' dir='ltr'><strong>tam</strong></span> 
     </span>
     <span class='ocr_line' id='line_1_31' title="bbox 411 3640 2511 3707; baseline -0.001 -12"><span class='ocrx_word' id='word_1_238' title='bbox 411 3640 666 3696; x_wconf 84' lang='lat' dir='ltr'><strong>vicinam</strong></span> <span class='ocrx_word' id='word_1_239' title='bbox 704 3641 811 3706; x_wconf 87' lang='lat' dir='ltr'><strong>eis,</strong></span> <span class='ocrx_word' id='word_1_240' title='bbox 842 3641 1038 3696; x_wconf 82' lang='lat' dir='ltr'><strong>vereri</strong></span> <span class='ocrx_word' id='word_1_241' title='bbox 1076 3641 1393 3707; x_wconf 84' lang='lat' dir='ltr'><strong>sciverunt,</strong></span> <span class='ocrx_word' id='word_1_242' title='bbox 1436 3640 1541 3696; x_wconf 91' lang='lat' dir='ltr'><strong>sed</strong></span> <span class='ocrx_word' id='word_1_243' title='bbox 1581 3640 2018 3696; x_wconf 86' lang='lat' dir='ltr'><strong>inhumaniores</strong></span> <span class='ocrx_word' id='word_1_244' title='bbox 2056 3640 2267 3705; x_wconf 86' lang='lat' dir='ltr'><strong>brutis,</strong></span> <span class='ocrx_word' id='word_1_245' title='bbox 2310 3640 2511 3694; x_wconf 77' lang='lat' dir='ltr'><strong>effera-</strong></span> 
     </span>
     <span class='ocr_line' id='line_1_32' title="bbox 411 3722 2513 3798; baseline -0.001 -18"><span class='ocrx_word' id='word_1_246' title='bbox 411 3725 591 3781; x_wconf 86' lang='lat' dir='ltr'><strong>tiores</strong></span> <span class='ocrx_word' id='word_1_247' title='bbox 652 3725 814 3791; x_wconf 85' lang='lat' dir='ltr'><strong>feris,</strong></span> <span class='ocrx_word' id='word_1_248' title='bbox 860 3725 1020 3782; x_wconf 89' lang='lat' dir='ltr'><strong>istud</strong></span> <span class='ocrx_word' id='word_1_249' title='bbox 1079 3731 1312 3798; x_wconf 84' lang='lat' dir='ltr'><strong>tempus</strong></span> <span class='ocrx_word' id='word_1_250' title='bbox 1359 3724 1859 3781; x_wconf 80' lang='lat' dir='ltr'><strong>accommodatum</strong></span> <span class='ocrx_word' id='word_1_251' title='bbox 1918 3742 2121 3781; x_wconf 88' lang='lat' dir='ltr'><strong>eorum</strong></span> <span class='ocrx_word' id='word_1_252' title='bbox 2178 3722 2513 3780; x_wconf 87' lang='lat' dir='ltr'><strong>crudelitati</strong></span> 
     </span>
     <span class='ocr_line' id='line_1_33' title="bbox 410 3807 2511 3881; baseline 0 -17"><span class='ocrx_word' id='word_1_253' title='bbox 410 3815 702 3881; x_wconf 86' lang='lat' dir='ltr'><strong>putantes,</strong></span> <span class='ocrx_word' id='word_1_254' title='bbox 727 3810 793 3865; x_wconf 90' lang='lat' dir='ltr'><strong>in</strong></span> <span class='ocrx_word' id='word_1_255' title='bbox 816 3814 1053 3881; x_wconf 86' lang='lat' dir='ltr'><strong>gentem</strong></span> <span class='ocrx_word' id='word_1_256' title='bbox 1094 3808 1296 3865; x_wconf 90' lang='lat' dir='ltr'><strong>morbo</strong></span> <span class='ocrx_word' id='word_1_257' title='bbox 1321 3815 1382 3865; x_wconf 91' lang='lat' dir='ltr'><strong>et</strong></span> <span class='ocrx_word' id='word_1_258' title='bbox 1401 3814 1567 3880; x_wconf 88' lang='lat' dir='ltr'><strong>peste</strong></span> <span class='ocrx_word' id='word_1_259' title='bbox 1602 3807 1623 3839; x_wconf 79' lang='lat'><strong>⁶</strong></span> <span class='ocrx_word' id='word_1_260' title='bbox 1642 3809 2037 3865; x_wconf 84' lang='lat' dir='ltr'><strong>tabescentem</strong></span> <span class='ocrx_word' id='word_1_261' title='bbox 2076 3807 2321 3872; x_wconf 83' lang='lat' dir='ltr'><strong>efferati,</strong></span> <span class='ocrx_word' id='word_1_262' title='bbox 2366 3826 2511 3877; x_wconf 86' lang='lat' dir='ltr'><strong>quos</strong></span> 
     </span>
     <span class='ocr_line' id='line_1_34' title="bbox 413 3895 2513 3969; baseline -0 -18"><span class='ocrx_word' id='word_1_263' title='bbox 413 3896 698 3954; x_wconf 89' lang='lat' dir='ltr'><strong>Dominus</strong></span> <span class='ocrx_word' id='word_1_264' title='bbox 722 3903 1094 3969; x_wconf 87' lang='lat' dir='ltr'><strong>percusserat</strong></span> <span class='ocrx_word' id='word_1_265' title='bbox 1124 3897 1416 3968; x_wconf 85' lang='lat' dir='ltr'><strong>persecuti</strong></span> <span class='ocrx_word' id='word_1_266' title='bbox 1453 3903 1608 3963; x_wconf 90' lang='lat' dir='ltr'><strong>sunt,</strong></span> <span class='ocrx_word' id='word_1_267' title='bbox 1637 3901 1698 3952; x_wconf 88' lang='lat' dir='ltr'><strong>et</strong></span> <span class='ocrx_word' id='word_1_268' title='bbox 1719 3897 1739 3926; x_wconf 79' lang='lat'>⁸</span> <span class='ocrx_word' id='word_1_269' title='bbox 1760 3895 1988 3968; x_wconf 89' lang='lat' dir='ltr'><strong>[super]</strong></span> <span class='ocrx_word' id='word_1_270' title='bbox 2016 3897 2277 3952; x_wconf 88' lang='lat' dir='ltr'><strong>dolorem</strong></span> <span class='ocrx_word' id='word_1_271' title='bbox 2312 3897 2513 3952; x_wconf 73' lang='lat' dir='ltr'><strong>vulne-</strong></span> 
     </span>
     <span class='ocr_line' id='line_1_35' title="bbox 413 3980 2842 4053; baseline -0 -16"><span class='ocrx_word' id='word_1_272' title='bbox 413 3999 547 4037; x_wconf 89' lang='lat' dir='ltr'><strong>rum</strong></span> <span class='ocrx_word' id='word_1_273' title='bbox 583 3999 785 4038; x_wconf 87' lang='lat' dir='ltr'><strong>eorum</strong></span> <span class='ocrx_word' id='word_1_274' title='bbox 826 3981 1194 4047; x_wconf 87' lang='lat' dir='ltr'><strong>addiderunt,</strong></span> <span class='ocrx_word' id='word_1_275' title='bbox 1245 3982 1640 4053; x_wconf 86' lang='lat' dir='ltr'><strong>percutientes</strong></span> <span class='ocrx_word' id='word_1_276' title='bbox 1680 3982 1742 4036; x_wconf 91' lang='lat' dir='ltr'><strong>in</strong></span> <span class='ocrx_word' id='word_1_277' title='bbox 1779 3999 1880 4036; x_wconf 89' lang='lat' dir='ltr'><strong>ore</strong></span> <span class='ocrx_word' id='word_1_278' title='bbox 1929 3980 2114 4052; x_wconf 84' lang='lat' dir='ltr'><strong>gladii</strong></span> <span class='ocrx_word' id='word_1_279' title='bbox 2160 3981 2321 4036; x_wconf 82' lang='lat' dir='ltr'><strong>viros</strong></span> <span class='ocrx_word' id='word_1_280' title='bbox 2356 3980 2512 4036; x_wconf 89' lang='lat' dir='ltr'><strong>bello</strong></span> <span class='ocrx_word' id='word_1_281' title='bbox 2536 3998 2842 4051; x_wconf 48' lang='lat' dir='ltr'><strong>Eum-mitia</strong></span> 
     </span>
     <span class='ocr_line' id='line_1_36' title="bbox 413 4065 2823 4139; baseline -0.003 -17"><span class='ocrx_word' id='word_1_282' title='bbox 413 4072 598 4139; x_wconf 76' lang='lat' dir='ltr'><strong>aptOS,</strong></span> <span class='ocrx_word' id='word_1_283' title='bbox 629 4085 774 4138; x_wconf 90' lang='lat' dir='ltr'><strong>quos</strong></span> <span class='ocrx_word' id='word_1_284' title='bbox 797 4066 1056 4122; x_wconf 89' lang='lat' dir='ltr'><strong>nondum</strong></span> <span class='ocrx_word' id='word_1_285' title='bbox 1091 4066 1329 4121; x_wconf 86' lang='lat' dir='ltr'><strong>morbus</strong></span> <span class='ocrx_word' id='word_1_286' title='bbox 1354 4071 1458 4121; x_wconf 88' lang='lat' dir='ltr'><strong>aut</strong></span> <span class='ocrx_word' id='word_1_287' title='bbox 1477 4066 1662 4137; x_wconf 85' lang='lat' dir='ltr'><strong>pestis</strong></span> <span class='ocrx_word' id='word_1_288' title='bbox 1688 4066 1988 4129; x_wconf 80' lang='lat' dir='ltr'><strong>infecerat,</strong></span> <span class='ocrx_word' id='word_1_289' title='bbox 2017 4074 2094 4131; x_wconf 88' lang='lat' dir='ltr'><strong>et,</strong></span> <span class='ocrx_word' id='word_1_290' title='bbox 2124 4065 2512 4136; x_wconf 86' lang='lat' dir='ltr'><strong>plurimorum</strong></span> <span class='ocrx_word' id='word_1_291' title='bbox 2534 4068 2823 4117; x_wconf 78' lang='lat' dir='ltr'><strong>committed</strong></span> 
     </span>
    </p>
   </div>
   <div class='ocr_carea' id='block_1_7' title="bbox 414 4132 2776 4223">
    <p class='ocr_par' dir='ltr' id='par_1_8' title="bbox 414 4132 2776 4223">
     <span class='ocr_line' id='line_1_37' title="bbox 414 4132 2776 4223; baseline -0.001 -17"><span class='ocrx_word' id='word_1_292' title='bbox 414 4151 727 4221; x_wconf 86' lang='lat' dir='ltr'><strong>amputatis</strong></span> <span class='ocrx_word' id='word_1_293' title='bbox 753 4151 1059 4223; x_wconf 86' lang='lat' dir='ltr'><strong>capitibus,</strong></span> <span class='ocrx_word' id='word_1_294' title='bbox 1086 4168 1301 4206; x_wconf 79' lang='lat' dir='ltr'><strong>vesano</strong></span> <span class='ocrx_word' id='word_1_295' title='bbox 1326 4150 1536 4220; x_wconf 85' lang='lat' dir='ltr'><strong>spiritu</strong></span> <span class='ocrx_word' id='word_1_296' title='bbox 1561 4150 1769 4221; x_wconf 84' lang='lat' dir='ltr'><strong>agitati</strong></span> <span class='ocrx_word' id='word_1_297' title='bbox 1795 4151 1924 4221; x_wconf 88' lang='lat' dir='ltr'><strong>ipsa</strong></span> <span class='ocrx_word' id='word_1_298' title='bbox 1948 4149 2139 4220; x_wconf 84' lang='lat' dir='ltr'><strong>capita</strong></span> <span class='ocrx_word' id='word_1_299' title='bbox 2162 4149 2236 4204; x_wconf 87' lang='lat' dir='ltr'><strong>ad</strong></span> <span class='ocrx_word' id='word_1_300' title='bbox 2260 4148 2512 4204; x_wconf 84' lang='lat' dir='ltr'><strong>invicem</strong></span> <span class='ocrx_word' id='word_1_301' title='bbox 2536 4133 2605 4196; x_wconf 70' lang='lat' dir='ltr'><strong>by</strong></span> <span class='ocrx_word' id='word_1_302' title='bbox 2626 4132 2776 4184; x_wconf 64' lang='lat' dir='ltr'><strong>them·</strong></span> 
     </span>
    </p>
   </div>
   <div class='ocr_carea' id='block_1_8' title="bbox 1870 4317 2179 4326">
    <p class='ocr_par' dir='ltr' id='par_1_9' title="bbox 1870 4317 2179 4326">
     <span class='ocr_line' id='line_1_38' title="bbox 1870 4317 2179 4326; baseline 0 1291"><span class='ocrx_word' id='word_1_303' title='bbox 1870 4317 2179 4326; x_wconf 95' lang='lat' dir='ltr'><strong> </strong></span> 
     </span>
    </p>
   </div>
   <div class='ocr_carea' id='block_1_9' title="bbox 423 4319 1859 4331">
    <p class='ocr_par' dir='ltr' id='par_1_10' title="bbox 423 4319 1859 4331">
     <span class='ocr_line' id='line_1_39' title="bbox 423 4319 1859 4331; baseline -0.003 0"><span class='ocrx_word' id='word_1_304' title='bbox 423 4326 490 4331; x_wconf 45' lang='grc' dir='ltr'><strong>Β-</strong></span> <span class='ocrx_word' id='word_1_305' title='bbox 521 4326 526 4329; x_wconf 44' lang='grc' dir='ltr'><strong>Α</strong></span> <span class='ocrx_word' id='word_1_306' title='bbox 557 4324 816 4331; x_wconf 45' lang='grc' dir='ltr'><strong>*ωφ-Φ---</strong></span> <span class='ocrx_word' id='word_1_307' title='bbox 1700 4319 1859 4326; x_wconf 73' lang='lat'>-—-——</span> 
     </span>
    </p>
   </div>
   <div class='ocr_carea' id='block_1_10' title="bbox 480 4429 2511 4497">
    <p class='ocr_par' dir='ltr' id='par_1_11' title="bbox 480 4429 2511 4497">
     <span class='ocr_line' id='line_1_40' title="bbox 480 4429 2511 4497; baseline 0.001 -15"><span class='ocrx_word' id='word_1_308' title='bbox 480 4435 493 4465; x_wconf 85' lang='lat'><strong>¹</strong></span> <span class='ocrx_word' id='word_1_309' title='bbox 516 4432 688 4484; x_wconf 76' lang='lat' dir='ltr'><strong>subitoe</strong></span> <span class='ocrx_word' id='word_1_310' title='bbox 709 4434 838 4483; x_wconf 74' lang='lat' dir='ltr'><strong>necis</strong></span> <span class='ocrx_word' id='word_1_311' title='bbox 861 4431 912 4482; x_wconf 87' lang='lat' dir='ltr'><strong>in</strong></span> <span class='ocrx_word' id='word_1_312' title='bbox 939 4432 1022 4483; x_wconf 87' lang='lat' dir='ltr'><strong>the</strong></span> <span class='ocrx_word' id='word_1_313' title='bbox 1042 4430 1244 4496; x_wconf 83' lang='lat' dir='ltr'><strong>printed</strong></span> <span class='ocrx_word' id='word_1_314' title='bbox 1265 4438 1413 4483; x_wconf 77' lang='lat' dir='ltr'><strong>texts.</strong></span> <span class='ocrx_word' id='word_1_315' title='bbox 1582 4433 1602 4461; x_wconf 77' lang='lat'>⁵</span> <span class='ocrx_word' id='word_1_316' title='bbox 1625 4429 1891 4482; x_wconf 74' lang='lat' dir='ltr'><strong>tabescente</strong></span> <span class='ocrx_word' id='word_1_317' title='bbox 1956 4431 2011 4482; x_wconf 87' lang='lat' dir='ltr'><strong>in</strong></span> <span class='ocrx_word' id='word_1_318' title='bbox 2080 4432 2206 4497; x_wconf 81' lang='lat' dir='ltr'><strong>orig.</strong></span> <span class='ocrx_word' id='word_1_319' title='bbox 2273 4434 2373 4483; x_wconf 82' lang='lat' dir='ltr'><strong>and</strong></span> <span class='ocrx_word' id='word_1_320' title='bbox 2424 4432 2511 4484; x_wconf 81' lang='lat' dir='ltr'><strong>the</strong></span> 
     </span>
    </p>
   </div>
   <div class='ocr_carea' id='block_1_11' title="bbox 413 4511 2508 4738">
    <p class='ocr_par' dir='ltr' id='par_1_12' title="bbox 413 4511 2508 4738">
     <span class='ocr_line' id='line_1_41' title="bbox 479 4511 2508 4575; baseline -0.001 -10"><span class='ocrx_word' id='word_1_321' title='bbox 479 4515 499 4545; x_wconf 84' lang='lat'>²</span> <span class='ocrx_word' id='word_1_322' title='bbox 526 4512 650 4565; x_wconf 80' lang='lat' dir='ltr'><strong>Gen.</strong></span> <span class='ocrx_word' id='word_1_323' title='bbox 667 4512 736 4562; x_wconf 78' lang='lat' dir='ltr'><strong>iv.</strong></span> <span class='ocrx_word' id='word_1_324' title='bbox 761 4517 840 4563; x_wconf 90' lang='grc'><strong>10.</strong></span> <span class='ocrx_word' id='word_1_325' title='bbox 1513 4511 1716 4575; x_wconf 82' lang='lat' dir='ltr'><strong>printed</strong></span> <span class='ocrx_word' id='word_1_326' title='bbox 1729 4519 1879 4562; x_wconf 81' lang='lat' dir='ltr'><strong>texts.</strong></span> <span class='ocrx_word' id='word_1_327' title='bbox 1940 4511 2211 4563; x_wconf 83' lang='lat' dir='ltr'><strong>Corrected</strong></span> <span class='ocrx_word' id='word_1_328' title='bbox 2226 4512 2357 4564; x_wconf 82' lang='lat' dir='ltr'><strong>from</strong></span> <span class='ocrx_word' id='word_1_329' title='bbox 2372 4511 2508 4563; x_wconf 83' lang='lat' dir='ltr'><strong>Bibl.</strong></span> 
     </span>
     <span class='ocr_line' id='line_1_42' title="bbox 479 4589 1929 4659; baseline -0.001 -16"><span class='ocrx_word' id='word_1_330' title='bbox 479 4596 498 4625; x_wconf 85' lang='lat'><strong>³</strong></span> <span class='ocrx_word' id='word_1_331' title='bbox 518 4593 774 4659; x_wconf 62' lang='lat' dir='ltr'><strong>sanguinis</strong></span> <span class='ocrx_word' id='word_1_332' title='bbox 795 4592 850 4641; x_wconf 91' lang='lat' dir='ltr'><strong>in</strong></span> <span class='ocrx_word' id='word_1_333' title='bbox 890 4591 1036 4657; x_wconf 71' lang='lat' dir='ltr'><strong>orig„</strong></span> <span class='ocrx_word' id='word_1_334' title='bbox 1071 4592 1141 4657; x_wconf 83' lang='lat' dir='ltr'><strong>by</strong></span> <span class='ocrx_word' id='word_1_335' title='bbox 1180 4589 1412 4641; x_wconf 79' lang='lat' dir='ltr'><strong>inadver-</strong></span> <span class='ocrx_word' id='word_1_336' title='bbox 1512 4593 1639 4658; x_wconf 77' lang='lat' dir='ltr'><strong>Reg.</strong></span> <span class='ocrx_word' id='word_1_337' title='bbox 1670 4596 1729 4642; x_wconf 87' lang='grc'><strong>13</strong></span> <span class='ocrx_word' id='word_1_338' title='bbox 1758 4591 1822 4643; x_wconf 81' lang='grc' dir='ltr'><strong>Ε.</strong></span> <span class='ocrx_word' id='word_1_339' title='bbox 1856 4590 1929 4641; x_wconf 86' lang='lat' dir='ltr'><strong>ix.</strong></span> 
     </span>
     <span class='ocr_line' id='line_1_43' title="bbox 413 4671 2507 4738; baseline -0.002 -11"><span class='ocrx_word' id='word_1_340' title='bbox 413 4682 574 4727; x_wconf 74' lang='lat' dir='ltr'><strong>tence.</strong></span> <span class='ocrx_word' id='word_1_341' title='bbox 1579 4675 1599 4701; x_wconf 83' lang='lat'>⁶</span> <span class='ocrx_word' id='word_1_342' title='bbox 1622 4671 1866 4736; x_wconf 76' lang='lat' dir='ltr'><strong>supplied</strong></span> <span class='ocrx_word' id='word_1_343' title='bbox 1881 4673 2011 4723; x_wconf 70' lang='lat' dir='ltr'><strong>stom</strong></span> <span class='ocrx_word' id='word_1_344' title='bbox 2033 4672 2168 4723; x_wconf 88' lang='lat' dir='ltr'><strong>Bibl.</strong></span> <span class='ocrx_word' id='word_1_345' title='bbox 2187 4673 2313 4738; x_wconf 80' lang='lat' dir='ltr'><strong>Reg.</strong></span> <span class='ocrx_word' id='word_1_346' title='bbox 2354 4677 2413 4723; x_wconf 82' lang='lat'><strong>13</strong></span> <span class='ocrx_word' id='word_1_347' title='bbox 2448 4672 2507 4723; x_wconf 83' lang='grc' dir='ltr'><strong>Ε.</strong></span> 
     </span>
    </p>
   </div>
   <div class='ocr_carea' id='block_1_12' title="bbox 481 4749 2440 4817">
    <p class='ocr_par' dir='ltr' id='par_1_13' title="bbox 481 4749 2440 4817">
     <span class='ocr_line' id='line_1_44' title="bbox 481 4749 2440 4817; baseline -0.003 -9"><span class='ocrx_word' id='word_1_348' title='bbox 481 4754 889 4808; x_wconf 70' lang='lat' dir='ltr'><strong>‘Christianorum</strong></span> <span class='ocrx_word' id='word_1_349' title='bbox 905 4753 960 4803; x_wconf 90' lang='lat' dir='ltr'><strong>in</strong></span> <span class='ocrx_word' id='word_1_350' title='bbox 978 4751 1271 4817; x_wconf 84' lang='lat' dir='ltr'><strong>theprinted</strong></span> <span class='ocrx_word' id='word_1_351' title='bbox 1285 4757 1433 4803; x_wconf 79' lang='lat' dir='ltr'><strong>texts.</strong></span> <span class='ocrx_word' id='word_1_352' title='bbox 1510 4751 1606 4802; x_wconf 82' lang='lat' dir='ltr'><strong>ix.:</strong></span> <span class='ocrx_word' id='word_1_353' title='bbox 1650 4749 1859 4801; x_wconf 81' lang='lat' dir='ltr'><strong>omitted</strong></span> <span class='ocrx_word' id='word_1_354' title='bbox 1880 4750 1935 4801; x_wconf 86' lang='lat' dir='ltr'><strong>in</strong></span> <span class='ocrx_word' id='word_1_355' title='bbox 1959 4750 2044 4801; x_wconf 87' lang='lat' dir='ltr'><strong>the</strong></span> <span class='ocrx_word' id='word_1_356' title='bbox 2066 4751 2266 4815; x_wconf 85' lang='lat' dir='ltr'><strong>printed</strong></span> <span class='ocrx_word' id='word_1_357' title='bbox 2288 4758 2440 4803; x_wconf 82' lang='lat' dir='ltr'><strong>texts.</strong></span> 
     </span>
    </p>
   </div>
  </div>
 </body>
</html>
