3300 5617
70 1001 204 1054 MS.
227 1005 371 1057 Bibl.

74 1069 216 1135 Reg.
248 1078 314 1122 13

74 1136 146 1188 E.
170 1136 252 1191 ix.

90 2696 205 2747 MS.
229 2697 362 2749 Bibl.

94 2764 216 2842 Reg.
250 2769 308 2815 13

97 2831 150 2878 E.
175 2846 250 2881 lx.

102 2897 249 2948 Cont.

96 2964 389 3027 Munmuth,

94 3046 138 3095 p.
160 3037 279 3083 226.

98 4039 207 4090 MS.
227 4040 360 4093 Bibl.

96 4107 221 4184 Reg.
246 4112 303 4159 13

1101 810 1427 864 ms'romA
1470 811 1880 863 moneam„
2400 799 2530 869 :327

432 1001 735 1074 suggessit
755 1001 982 1068 eidem;
1020 1001 1170 1056 nihil
1207 1000 1439 1056 omnino
1476 1005 1730 1057 tractans
1766 1004 1870 1056 aut
1902 1002 2140 1056 tractari
2188 1004 2528 1074 permittens
2552 1013 2690 1067 A.D.
2719 1022 2860 1071 1377,

431 1087 503 1143 de
542 1087 750 1141 animae
789 1104 910 1142 suae
954 1086 1160 1151 salute,
1216 1086 1320 1141 sed
1358 1085 1412 1139 ei
1447 1085 1678 1157 jugiter
1715 1085 2023 1141 sanitatem
2048 1087 2307 1158 corporis
2331 1105 2527 1159 repro·

430 1172 688 1235 mittens,
740 1170 921 1226 donec
968 1171 1033 1226 in
1079 1188 1148 1226 eo
1193 1170 1441 1227 vidisset
1500 1170 1828 1225 indubitata
1883 1169 2091 1226 mortis
2150 1171 2367 1227 indicia
2424 1189 2529 1243 per

430 1256 588 1311 vocis
603 1255 1066 1325 praeclusionem.
1115 1256 1278 1310 Tunc
1315 1271 1541 1324 nempe,
1570 1272 1704 1309 cum
1728 1261 1994 1310 cerneret
2015 1271 2216 1310 vocem
2240 1256 2529 1311 ademtam
2553 1253 2809 1306 Hem-fleas

430 1340 563 1403 sibi,
609 1344 670 1395 et
709 1339 1011 1393 oculorum
1048 1338 1202 1394 acies
1242 1337 1523 1401 hebetari,
1569 1338 1937 1409 caloremque
1975 1338 2300 1393 naturalem
2342 1344 2527 1395 extre·
2552 1323 2769 1399 ⁰⁰¹¹d¹¹.⁰‘

429 1424 660 1479 mitates
708 1422 1059 1494 relinquere,
1094 1440 1229 1478 mox
1252 1422 1643 1478 inverecunda
1682 1423 1874 1494 pellex
1915 1422 2167 1478 detraxit
2206 1423 2449 1479 annulos
2493 1444 2529 1479 a
2549 1387 2779 1503 ‘1³22ssssoe

429 1508 552 1563 suis
589 1507 814 1577 digitis,
856 1514 916 1562 et
949 1506 1212 1562 recessit.
1291 1506 1465 1562 Solus
1490 1512 1627 1561 tunc
1667 1506 1906 1577 quidam
1942 1506 2209 1562 sacerdos
2235 1507 2529 1564 assidebat
2552 1492 2779 1584 eil-emh,

430 1592 585 1662 Regi
606 1590 969 1653 moribundo,
998 1591 1227 1646 caeteris
1252 1591 1410 1646 circa
1442 1607 1643 1644 rerum
1668 1590 1906 1645 intentis
1931 1588 1949 1620 ¹
1966 1590 2383 1661 direptionem3
2425 1593 2525 1662 qui
2552 1606 2750 1651 stances
2772 1602 2835 1651 of

428 1674 451 1706 ²
470 1672 600 1745 [ei],
641 1691 709 1729 eo
747 1673 904 1745 quod
939 1674 1101 1745 loqui
1138 1692 1253 1728 non
1294 1680 1523 1745 poterat
1562 1691 1671 1729 nec
1714 1673 2134 1728 confessionem
2174 1672 2196 1705 ³
2214 1691 2314 1729 ore
2356 1680 2526 1731 tenus
2552 1666 2636 1716 the
2657 1667 2840 1733 Kinss'ss

430 1759 637 1822 facere,
688 1759 982 1829 persuasit
1026 1765 1096 1814 ut
1142 1758 1372 1813 veniam
1424 1763 1653 1829 peteret
1708 1775 1816 1830 pro
1875 1758 2220 1823 commissis,
2284 1758 2528 1815 afferens
2553 1733 2716 1785 (ἰωὴ

429 1842 540 1897 sibi
566 1842 755 1897 crucis
796 1842 1132 1913 imaginem,
1176 1860 1351 1913 quam
1389 1841 1552 1897 dedit
1588 1842 1651 1896 in
1689 1858 1894 1896 manus
1938 1842 2084 1912 ejus.
2160 1841 2288 1897 Rex
2311 1848 2525 1909 autem,

425 1944 560 1981 cum
582 1927 914 1982 reverentia
950 1944 1180 1981 summa
1212 1925 1376 1981 illam
1401 1926 1712 1996 accipiens,
1741 1925 2109 1980 osculabatur
2134 1925 2526 1993 devotissime,

426 2028 579 2065 nunc
630 2011 650 2043 ⁴
668 2027 893 2074 manus,
946 2016 1014 2066 ut
1058 2016 1305 2082 poterat,
1370 2010 1432 2064 in
1476 2009 1713 2079 signum
1755 2008 2020 2080 optandas
2057 2010 2242 2065 venia)
2298 2018 2527 2082 proten·

427 2095 632 2159 dend0,
659 2113 814 2149 nunc
840 2112 980 2150 vero
1017 2095 1090 2150 de
1130 2094 1253 2150 suis
1293 2094 1478 2149 oculis
1518 2093 1808 2163 lacrymas
1846 2092 2056 2148 uberes
2099 2094 2432 2159 emittendO,
2472 2102 2532 2150 et

401 2196 411 2205 ·
429 2179 606 2250 pedes
657 2180 933 2249 imaginis
977 2178 1450 2249 frequentissime
1511 2176 1842 2232 osculanda
1935 2176 2210 2241 Tandem,
2262 2196 2397 2232 eum
2457 2179 2531 2234 ad

426 2269 633 2318 nutum
682 2262 1013 2334 presbyteri
1060 2263 1316 2318 motibus
1364 2267 1425 2317 et
1484 2261 1693 2332 signis,
1745 2261 1957 2332 quibus
2016 2262 2225 2332 potuit,
2288 2263 2533 2332 petisset

423 2348 613 2418 primo
651 2354 711 2402 et
747 2347 1151 2419 principaliter
1189 2346 1262 2401 de
1301 2346 1557 2418 peccatis
1590 2363 1626 2400 a
1648 2346 1774 2400 Deo
1797 2346 2218 2410 remissionem,
2247 2351 2307 2400 et
2331 2364 2531 2401 secun-

424 2431 585 2486 darie
633 2448 669 2485 a
716 2432 942 2486 cunctis
1003 2431 1307 2494 creaturis,
1373 2448 1517 2501 quas
1576 2428 1674 2484 vel
1734 2430 1985 2484 scienter
2043 2427 2138 2485 vel
2196 2429 2530 2499 ignoranter
2551 2436 2632 2485 He
2654 2436 2697 2486 is

422 2515 755 2579 offenderat,
801 2516 1074 2587 spiritum
1116 2514 1439 2579 exhalavit;
1494 2531 1823 2585 corpusque
1865 2514 1995 2584 ejus
2047 2513 2204 2585 apud
2241 2512 2526 2569 Westmo-
2552 2503 2729 2552 buried
2744 2512 2797 2580 ’Ξῖ

421 2601 741 2655 nasterium
783 2617 915 2655 cum
958 2599 1115 2655 omni
1152 2599 1478 2655 reverentia
1513 2604 1604 2653 est
1636 2599 1959 2653 humatum.
2551 2569 2833 2620 wessmnn'

495 2683 750 2739 ⁵Fuerat
797 2701 1006 2755 nempe
1054 2684 1180 2738 Rex
1239 2683 1351 2738 iste
1398 2683 1552 2737 inter
1598 2700 1799 2737 omnes
1846 2698 2018 2751 reges
2068 2681 2225 2735 orbis
2274 2688 2335 2737 et
2368 2683 2524 2752 prin·
2550 2644 2822 2765 gffimcoer

428 2767 587 2838 cipes
653 2768 962 2839 gloriosus,
1036 2768 1344 2839 benignus,
1420 2767 1694 2831 clemens,
1774 2769 1835 2821 et
1896 2765 2261 2836 magnificus,
2336 2766 2526 2823 dietus
2552 2781 2613 2829 of
2627 2781 2769 2845 King

429 2853 857 2908 antonomasice
919 2855 957 2880 “
977 2851 1378 2916 “Gratiosus,’'
1428 2858 1668 2924 propter
1716 2850 1968 2922 gratiam
2017 2849 2374 2920 singularem
2413 2870 2529 2922 qua
2552 2848 2770 2897 Edward

428 2937 785 3008 praecelluit3
839 2937 994 3008 quia,
1033 2938 1252 2993 virtute
1302 2938 1508 3008 gratias
1555 2935 1838 2991 divinitus
1887 2934 1998 2989 sibi
2047 2951 2352 3000 concessae,
2403 2936 2530 2990 uni·
2552 2914 2650 2963 111·

424 3040 625 3077 versos
677 3021 1136 3094 praedecessores
1205 3038 1340 3075 suos
1403 3019 1656 3091 quadam
1715 3017 2060 3073 excellentia
2118 3018 2325 3088 gratim
2383 3036 2530 3089 prae·

426 3106 690 3162 cellebat.
786 3107 932 3162 Erat
991 3112 1052 3162 et
1129 3105 1301 3161 corde
1362 3104 1791 3175 magnanimus,
1856 3102 1957 3173 qui
2027 3101 2169 3156 licet
2219 3101 2530 3173 aliquando

425 3192 744 3247 infortunia.
802 3191 1051 3255 diversa,
1115 3197 1217 3246 aut
1291 3189 1654 3245 incommoda
1713 3172 2090 3258 emergtffltia,
2140 3193 2406 3242 nosceret
2465 3202 2528 3241 se

425 3294 753 3347 passurum,
795 3293 1093 3347 nunquam
1140 3275 1423 3346 expalluit
1468 3280 1571 3329 aut
1624 3272 1875 3328 mutavit
1919 3272 2166 3326 vultum.
2266 3271 2530 3340 Belliger

427 3377 657 3430 quoque
681 3360 798 3416 fuit
831 3360 1081 3431 insignis
1118 3364 1178 3414 et
1202 3360 1566 3424 fortunatum
1607 3356 1712 3428 qui
1750 3355 1822 3410 de
1847 3356 2071 3410 cunetis
2096 3355 2526 3425 congressibus,

426 3444 487 3498 in
510 3450 670 3498 terra
709 3451 770 3500 et
806 3445 869 3499 in
905 3444 1074 3508 mari,
1117 3460 1348 3515 semper
1388 3441 1733 3513 tiiumphali
1775 3440 1967 3511 gloria
2003 3439 2310 3495 victoriam
2333 3457 2528 3512 repor-

424 3527 589 3582 tavit.
666 3527 1019 3592 Familiaris‚
1082 3527 1343 3589 humilis,
1409 3532 1469 3582 et
1513 3530 1854 3580 mansuetus
1901 3528 2029 3579 erat
2074 3523 2359 3587 omnibus,
2411 3529 2530 3579 tam

425 3612 679 3667 externis
723 3630 899 3683 quam
939 3612 1221 3677 internis3
1266 3611 1531 3667 subditos
1570 3627 1771 3665 omnes
1815 3626 1951 3664 suos
1999 3609 2220 3672 fovens,
2252 3608 2525 3678 diligem,

422 3712 787 3767 promovens,
830 3700 891 3751 et
930 3698 1026 3768 pie
1067 3714 1314 3765 regens3
1358 3696 1484 3751 Deo
1509 3694 1756 3750 devotus
1780 3693 1994 3757 extitit,
2033 3692 2531 3764 peregrinationes

424 3798 578 3852 saepe
616 3781 853 3844 faciens,
896 3788 956 3836 et
991 3781 1291 3835 ministros
1327 3779 1609 3835 Ecclesiae
1648 3794 1931 3834 venerans
1975 3781 2035 3833 et
2073 3776 2377 3832 honorans.
2457 3776 2531 3830 In

425 3865 582 3920 curis
610 3863 1024 3936 temporalibus
1048 3865 1327 3935 providus
1353 3870 1414 3919 et
1435 3862 1781 3925 tractabiliS,
1810 3861 2167 3931 consilioque
2205 3860 2524 3925 discretus;

425 3949 488 4004 in
511 3948 731 4019 eloquii
768 3949 1056 4004 suavitate
1092 3949 1253 4003 mitis
1287 3954 1348 4004 et
1380 3946 1689 4012 ⁷afl'abilis,
1729 3947 1793 4001 in
1816 3952 1988 4017 gestu
2012 3952 2073 4000 et
2093 3945 2352 4000 moribus
2378 3961 2528 3999 com-

425 4033 651 4105 positus
689 4038 749 4088 et
790 4038 1074 4089 maturus.
1150 4031 1478 4103 “Orphanis
1522 4038 1649 4088 erat
1685 4030 1853 4102 quasi
1887 4036 2070 4101 pater,
2110 4028 2340 4083 afflictis
2374 4045 2528 4082 com-

425 4116 674 4189 patiens,
758 4114 993 4171 miseris
1071 4117 1400 4181 condolens,
1469 4133 1775 4189 oppressos
1837 4114 2120 4176 relevans,
2185 4117 2246 4168 et
2304 4111 2527 4166 cunctis

498 4341 511 4370 ¹
533 4339 794 4405 direptioni
812 4339 867 4388 in
890 4341 1019 4406 orig.
1520 4342 1606 4391 the
1628 4341 1826 4405 printed
1846 4344 1983 4389 texts
2016 4338 2119 4388 and
2153 4335 2289 4386 Bibl.
2312 4336 2440 4400 Reg.
2470 4341 2529 4385 13

493 4421 514 4450 ²
536 4417 769 4483 Supplied
796 4420 924 4468 stom
948 4419 1083 4470 Bibl.
1112 4420 1238 4487 Reg.
1274 4426 1333 4471 13
1371 4422 1430 4471 E.
1522 4422 1582 4471 E.
1606 4420 1680 4469 ix.

427 4499 499 4548 ix.
526 4499 625 4548 and
646 4498 731 4547 the
751 4498 953 4562 printed
974 4507 1121 4551 texts.
1590 4504 1610 4530 ⁸
1640 4499 1896 4548 Gloriosus
1911 4496 1962 4546 in
1980 4496 2129 4547 Cout.
2150 4494 2449 4546 Murimuth.

499 4581 518 4607 ²
542 4583 615 4626 oie
635 4578 689 4625 in
712 4579 836 4641 orig.
1600 4582 1617 4607 ⁷
1642 4576 1860 4643 effabilis
1883 4576 1937 4625 in
1962 4575 2087 4640 orig.

496 4659 514 4686 ⁴
537 4673 678 4705 manu
700 4656 752 4705 in
779 4657 864 4707 the
887 4658 1098 4722 printed
1122 4667 1271 4711 texts.
1598 4659 1617 4686 ⁸
1640 4657 1753 4706 The
1793 4657 1994 4721 eulogy‚
2017 4669 2074 4705 as
2113 4654 2380 4718 compared
2417 4651 2540 4701 with

497 4738 515 4765 ⁵
538 4734 702 4785 Hem
723 4745 844 4799 emt,
868 4740 1178 4804 apparently
1201 4742 1271 4804 by
1294 4739 1442 4788 inad-
1532 4738 1623 4801 the
1636 4744 1749 4788 text
1760 4736 1825 4786 of
1831 4735 1915 4786 the
1930 4733 2294 4786 continuation
2313 4733 2374 4782 of
2383 4731 2543 4781 Muri-

429 4820 670 4875 vertenca
691 4814 742 4864 in
788 4816 927 4883 orig.
956 4838 971 4878 3
1017 4821 1275 4871 corrected
1312 4819 1443 4871 from
1537 4817 1701 4881 math,
1717 4816 1759 4867 is
1775 4814 2130 4880 considerably
2140 4813 2402 4883 exppnded
2410 4811 2542 4861 here.
