3300 5617
750 768 837 836 46
1400 751 1663 836 ‘moun
1707 782 2179 840 wusmam

406 969 715 1029 A.D.1294.
747 991 882 1031 cum
937 971 1051 1029 sibi
1101 971 1420 1038 videretur,
1468 972 1722 1030 ulterius
1775 973 1838 1029 in
1891 972 2264 1031 wasconiam
2315 973 2842 1033 transmittendam.
3139 1029 3153 1042 ,

746 1059 1004 1130 Recepta
1037 1057 1253 1122 littera,
1292 1057 1634 1112 Edmundus
1671 1057 1897 1114 veritus
1933 1074 2064 1114 eam
2098 1058 2497 1115 transmittere
2534 1065 2848 1132 antequam
2870 1053 2987 1103 MS·
3004 1054 3061 1103 Bi
3092 1055 3130 1106 lc

745 1142 858 1196 sibi
896 1147 1191 1197 constaret
1235 1159 1311 1197 an
1357 1140 1485 1196 Rex
1532 1142 1661 1213 ipse
1708 1146 2040 1213 acceptaret
2087 1159 2219 1214 quoe
2271 1143 2427 1198 facta
2473 1143 2708 1200 fuerant
2740 1160 2847 1217 per
2869 1120 3076 1236 {⁶2¹³

742 1226 1020 1296 Reginas,
1058 1226 1272 1297 petivit
1305 1225 1378 1281 ab
1414 1226 1521 1289 eis,
1566 1231 1636 1282 ut
1669 1241 1775 1298 per
1810 1226 2033 1281 dictum
2085 1225 2264 1297 Regis
2313 1228 2615 1299 proprium
2669 1245 2847 1300 super
2919 1224 2932 1236 '
3016 1226 3027 1238 ‘

739 1311 1060 1382 praemissis
1097 1310 1311 1365 certior
1346 1308 1706 1365 redderetur.
1783 1309 2053 1382 Denique
2088 1311 2476 1382 praesentibus
2511 1311 2839 1376 Edmundo,

739 1412 1020 1466 germano
1055 1394 1240 1465 Regis
1263 1393 1517 1465 Angues,
1545 1401 1607 1450 et
1640 1411 1821 1450 uxore
1857 1412 1966 1450 sua
1988 1394 2234 1460 Blanka,
2275 1394 2507 1466 Regina
2539 1395 2835 1461 Navarioe‚

738 1487 923 1539 matre
947 1479 1191 1552 Reginae
1216 1480 1498 1546 Francius,
1536 1498 1760 1537 necnon
1795 1481 1960 1537 Duce
1982 1480 2346 1553 Burgundios
2382 1486 2444 1538 et
2474 1481 2730 1552 Hugone
2766 1480 2840 1536 de

737 1563 913 1628 Veer,
968 1564 1090 1618 filio
1143 1563 1390 1620 Comitis
1441 1564 1697 1629 Oxonioe,
1739 1582 1808 1621 ac
1857 1565 2069 1622 clerico
2123 1564 2395 1636 quom,
2451 1565 2490 1619 J
2494 1565 2716 1622 ohanne
2763 1565 2838 1620 de

737 1647 913 1719 Len-cy,
954 1647 1081 1702 Rex
1114 1648 1241 1719 ipse
1276 1648 1567 1720 promissa
1592 1649 1973 1719 Regium-um,
2013 1666 2082 1704 ac
2116 1653 2291 1720 pacta
2323 1666 2430 1720 per
2465 1665 2566 1705 eas
2602 1666 2837 1704 concor-

734 1731 889 1795 data,
942 1730 1006 1786 in
1057 1730 1336 1787 fidelitate
1370 1732 1539 1804 regia
1579 1750 1643 1787 se
1680 1731 2136 1804 adimpleturum
2186 1731 2511 1804 spopondit.
2585 1731 2838 1804 Moxque

732 1814 904 1869 miles
943 1814 1198 1884 quidam,
1251 1816 1501 1872 nomine*
1542 1818 1580 1843 “
1609 1815 1910 1871 Galfridus
1945 1815 2019 1871 de
2058 1815 2451 1889 Langeleya,'’
2492 1815 2566 1870 de
2616 1816 2841 1871 familia

733 1895 1045 1962 Edmundi,
1085 1898 1286 1954 fratris
1323 1898 1507 1969 Regis
1528 1898 1785 1970 Angliae,
1825 1917 1960 1954 cum
1995 1899 2210 1956 litteris
2248 1900 2433 1970 Regis
2459 1899 2836 1966 Francorum,

730 1982 1139 2038 revocantibus
1176 1981 1687 2039 constabularium
1722 1983 1907 2053 Regis
1943 1983 2228 2050 Franciae,
2269 1984 2372 2055 qui
2410 2001 2545 2039 cum
2582 1985 2840 2041 exercitu

731 2067 1026 2138 profectus
1061 2067 1255 2124 fuerat
1288 2073 1357 2124 ut
1377 2066 1747 2123 wasconiam
1783 2073 2161 2139 expugnaret,
2200 2069 2417 2124 missus
2455 2075 2548 2123 est
2580 2067 2656 2123 ad
2683 2086 2837 2123 eum.

804 2149 926 2208 Rex
949 2158 1144 2208 autem
1160 2150 1414 2222 Angliae,
1434 2150 1766 2208 Cantuariae
1791 2151 2217 2209 solemnitatem
2242 2149 2589 2209 Paschalem
2612 2153 2837 2219 tenuit;

730 2235 963 2300 ibidem,
1007 2241 1076 2294 ut
1121 2235 1428 2292 Ambianis
1480 2236 1964 2307 proficisceretur,
2011 2235 2351 2308 expectabat
2404 2235 2476 2292 de
2528 2236 2835 2292 conductu.

732 2320 772 2375 J
774 2320 1028 2376 ohannes
1088 2321 1267 2376 etiam
1324 2320 1399 2375 de
1433 2319 1610 2392 Lacy,
1665 2320 1914 2376 clericus
1974 2320 2309 2391 praedictus,
2367 2320 2431 2375 in
2469 2321 2839 2378 Wasconiam

729 2406 1109 2461 transmissus
1169 2410 1261 2460 est
1319 2421 1454 2461 cum
1502 2403 1705 2460 littera
1751 2404 2038 2459 ministris
2089 2403 2274 2474 Regis
2309 2402 2544 2475 Angliae
2595 2405 2834 2470 directa,

730 2489 1048 2544 secundum
1065 2490 1311 2544 formam
1329 2487 1687 2560 praedictam.
1764 2487 1804 2542 J
1806 2487 2060 2544 ohannes
2074 2505 2214 2543 vero
2230 2488 2301 2542 de
2320 2486 2532 2543 Sancto
2549 2489 2586 2543 J
2590 2489 2832 2555 ohanne,

729 2590 903 2644 quem
935 2572 1062 2628 Rex
1101 2572 1337 2643 Angliae
1371 2571 1698 2628 Wasconiae
1738 2572 2100 2643 praesecerat‚
2152 2570 2370 2626 auditis
2406 2573 2594 2644 pactis
2646 2573 2830 2638 initis,

726 2657 922 2712 omnia
975 2674 1106 2728 quae
1155 2655 1231 2711 ad
1287 2656 1640 2711 munitiones
1701 2661 2025 2711 castrorum
2086 2658 2147 2710 et
2192 2654 2429 2710 urbium
2480 2655 2829 2727 providerat,

723 2739 1021 2805 vendidit3
1062 2738 1500 2810 discedensque,
1538 2755 1644 2812 per
1668 2738 1932 2796 Parisius
1955 2755 2162 2796 versus
2197 2736 2478 2810 Angliam
2513 2740 2626 2795 iter
2663 2757 2832 2796 suum

726 2827 740 2860 ¹
792 2823 1005 2880 direxit
1038 2863 1050 2878 .

386 2919 498 2971 The
518 2936 631 2986 pro.
766 2823 873 2963 [Et.
908 2822 1077 2964 soeg!
1116 2911 1463 2980 procurante
1497 2906 1660 2979 pacis
1698 2904 1926 2971 aemulo,
1967 2905 2342 2962 immutatum
2377 2911 2470 2964 est
2503 2923 2603 2962 cor
2643 2906 2827 2980 Regis

384 2989 539 3051 pooed
721 2990 1016 3055 Franciae3
1072 2990 1511 3062 conductusque
1575 2987 1731 3060 Re'gi
1789 2988 2026 3060 Anglioe
2100 2989 2444 3060 denegatur,
2511 2995 2572 3046 et
2627 2990 2828 3047 littera

382 3061 537 3104 ‘enm'
552 3071 630 3105 ¹¹0·
722 3074 1153 3131 Oonstabularii
1210 3074 1571 3130 revocatoria
1618 3091 1726 3146 per
1775 3073 2157 3145 posteriorem
2217 3073 2478 3129 litteram
2536 3075 2820 3131 irritatur.

258 3121 582 3172 ‚fimedb

384 3187 469 3237 ,he
484 3139 626 3255 mn}
642 3190 703 3240 0,-
719 3160 798 3215 Et.
850 3161 990 3230 quia
1035 3177 1141 3232 per
1193 3158 1704 3215 constabularium
1745 3157 2117 3213 wasconiam
2164 3158 2229 3212 in
2262 3176 2442 3214 manu
2476 3159 2698 3230 potenti
2734 3160 2821 3215 in-

381 3255 590 3308 Franoe
717 3250 987 3309 trantem,
1039 3243 1378 3299 custodibus
1438 3249 1499 3299 et
1546 3242 1855 3307 ministris,
1905 3241 2078 3313 juxta
2126 3247 2388 3296 tenorem
2441 3242 2655 3298 litterae
2708 3244 2820 3299 sibi

715 3333 1051 3399 apportatas,
1092 3345 1156 3382 se
1193 3326 1593 3390 subdentibus,
1633 3326 1698 3380 in
1731 3342 1915 3380 manu
1964 3323 2150 3396 Regis
2202 3325 2562 3382 Francorum
2612 3327 2820 3399 accipi-

714 3417 813 3467 tur
834 3418 994 3467 terra
1014 3417 1173 3476 tota;
1212 3410 1468 3466 ministri
1493 3425 1691 3464 omnes
1726 3408 1909 3480 Regis
1932 3406 2188 3479 Angliae,
2215 3414 2504 3482 terraeque
2529 3410 2816 3476 custodes,

713 3494 943 3550 obsides
994 3500 1056 3550 et
1102 3493 1318 3566 captivi
1377 3493 1640 3548 Parisius
1702 3491 2087 3547 deducuntur.
2186 3492 2329 3550 Post
2380 3493 2506 3548 dies
2559 3491 2820 3550 'tantum

713 3579 955 3650 aliquot,
995 3575 1339 3632 Edmundus
1375 3574 1636 3647 Reginas
1673 3575 1925 3645 rogavit,
1965 3581 2051 3640 ut,
2085 3576 2259 3647 juxta
2292 3577 2582 3647 promissa
2617 3595 2725 3634 sua
2758 3583 2820 3636 et

711 3662 1005 3734 pactiones
1041 3661 1236 3724 initas,
1276 3659 1503 3731 Regem
1539 3658 1802 3713 Franciae
1840 3659 2282 3731 interpellarent
2317 3677 2494 3731 super
2530 3660 2817 3718 conductu

708 3746 862 3816 Regi
886 3744 1121 3815 Angliae
1155 3742 1535 3808 concedendo,
1563 3741 1837 3797 citatione
1872 3742 2213 3808 revocanda,
2241 3748 2400 3798 terra
2433 3745 2811 3812 restituenda,

708 3835 770 3885 et
816 3827 1117 3884 obsidibus
1167 3825 1502 3882 liberandis}
1602 3825 1728 3880 Rex
1780 3843 1920 3880 vero
1959 3825 2318 3882 Francorum
2375 3845 2482 3899 per
2532 3828 2812 3901 quosdam

707 3913 943 3977 militeS,
973 3911 1046 3968 ad
1070 3908 1444 3966 Edmundum
1467 3909 1698 3975 missos,
1726 3909 2020 3965 inficiatur
2044 3927 2107 3964 se
2133 3910 2448 3982 quicquam
2484 3911 2556 3968 de
2592 3913 2808 3970 talibus

707 3998 892 4070 pactis
944 3995 1114 4052 scire.
1208 3993 1476 4065 Denique
1512 3992 1877 4067 perpendens
1912 3993 2276 4061 Edmundus‚
2333 4012 2396 4050 se
2449 3995 2808 4067 fratremque

707 4099 897 4144 suum,
926 4080 1152 4151 Regem
1176 4078 1431 4150 Angliae,
1459 4077 1714 4142 delusos,
1753 4094 2025 4134 reversus
2062 4078 2126 4134 in
2160 4077 2458 4149 Angliam,
2499 4079 2724 4150 Regem
2748 4085 2810 4137 et

707 4164 1032 4221 Consilium
1067 4181 1242 4219 suum
1276 4162 1350 4218 ad
1385 4162 1624 4234 plenum
1661 4161 1936 4216 informat
1985 4167 2046 4216 et
2091 4163 2373 4218 certificat
2408 4160 2480 4217 de
2514 4180 2580 4218 re
2616 4168 2801 4234 gesta.

776 4249 991 4319 Igitur,
1049 4248 1176 4303 Rex
1223 4245 1477 4316 Angliae,
1524 4252 1836 4300 convocato
1885 4244 2201 4300 Londoniis
2252 4245 2662 4313 ParliamentO,
2708 4248 2804 4303 cui

707 4331 746 4388 J
748 4333 1001 4388 ohannes
1037 4330 1163 4386 Rex
1219 4329 1524 4386 Scotorum
1572 4328 1858 4393 interfuit,
1910 4327 1983 4384 de
2038 4327 2280 4384 consilio
2328 4328 2703 4400 praelatorum
2744 4335 2804 4388 et

775 4651 787 4680 ¹
807 4645 1188 4712 Inadvertently
1219 4644 1442 4704 omitted,
1474 4646 1574 4694 and
1595 4658 1713 4707 sup-
1777 4643 1907 4708 Reg.
1934 4648 1998 4692 13
2012 4642 2077 4692 E.
2095 4642 2186 4703 ix„
2202 4645 2305 4694 and
2317 4642 2405 4694 the
2427 4645 2627 4709 printed
2646 4653 2795 4699 texts.

705 4727 841 4794 plied
905 4726 1036 4777 from
1083 4724 1371 4790 Rishanger
1427 4724 1528 4775 and
1571 4723 1708 4774 Bibl.
1843 4722 1865 4756 ²
1879 4721 2026 4772 More
2045 4722 2293 4788 eorrectly
2316 4730 2486 4778 tamen.
