3300 5617
1152 790 1481 845 msromA
1525 793 1937 844 ANGLICANA.
2467 786 2594 848 325

134 996 257 1048 us,
282 997 424 1050 Bibl,
483 978 631 1034 libet
682 976 1027 1048 delinquens
1075 976 1263 1050 possit
1320 978 1523 1044 libere,
1578 996 1924 1052 quocunque
1966 979 2165 1045 vellet,
2217 980 2488 1047 transire,
2539 990 2599 1039 et
2620 1000 2756 1051 ΑΛ),
2784 1005 2927 1055 1377.

134 1063 272 1142 Reg.
307 1070 368 1115 13
484 1064 677 1117 facere
717 1079 849 1132 quae
888 1061 1003 1117 sibi
1044 1060 1320 1133 placeret.
1420 1062 1549 1119 Ista
1583 1068 1644 1119 et
1678 1064 1851 1135 plura
1885 1064 2020 1130 alia,
2058 1064 2123 1118 in
2159 1064 2595 1121 subversionem

134 1130 198 1181 Ε·
223 1146 307 1183 ¹¹·
485 1149 500 1178 ¹
518 1151 733 1201 nostrae
770 1144 925 1210 fidei,
954 1152 1334 1201 asseruerunt
1366 1145 1389 1178 ²
1406 1143 1496 1218 [et
1529 1145 1991 1219 affirmaverunt]
2026 1148 2171 1203 dicti
2219 1148 2589 1217 seductores;

129 1198 425 1315 ffffimuth
482 1229 546 1285 in
567 1234 829 1309 tantum,¹
844 1228 999 1299 quod
1022 1228 1241 1284 domini
1277 1236 1337 1286 et
1370 1236 1675 1301 magnates
1707 1237 1900 1297 terrae,
1926 1232 2217 1302 multique
2248 1231 2321 1287 de
2355 1234 2590 1304 populo,
2616 1241 2835 1306 Support

137 1346 224 1397 pp,
246 1300 443 1382 2224:
482 1313 642 1385 ipsos
677 1313 741 1367 in
776 1312 899 1368 suis
935 1311 1448 1384 praedicationibus
1501 1315 1903 1380 confoverunt,
1944 1320 2005 1371 et
2051 1316 2324 1372 faverunt
2380 1317 2590 1388 praedi·
2616 1308 2768 1388 giren
2791 1317 2845 1387 3⁰

482 1396 750 1452 cantibus
791 1396 900 1452 hos
938 1413 1203 1463 errores;
1244 1414 1312 1452 eo
1348 1415 1557 1469 nempe
1591 1397 1898 1464 ⁸maxime,
1929 1399 2072 1471 quia
2105 1398 2366 1455 ⁴tantam
2401 1406 2593 1471 potes·
2615 1375 2893 1427 wmkhffe·

482 1488 663 1536 tatem
697 1480 1032 1536 tribuerunt
1066 1479 1234 1535 laicis
1271 1481 1397 1536 suis
1433 1483 1876 1547 assertionibus,
1919 1483 1994 1538 ad
2028 1483 2408 1539 auferendum
2444 1492 2589 1540 tem-

479 1564 704 1637 poralia
744 1581 781 1619 a
816 1564 964 1620 viris
1001 1564 1415 1620 ecclesiasticis
1454 1573 1515 1621 et
1548 1566 1864 1637 religiosis.

552 1647 703 1704 Cum
740 1652 937 1703 autem
986 1646 1404 1705 conclusiones
1464 1650 1595 1705 istae
1635 1656 1697 1705 et
1743 1650 2129 1707 deliramenta
2188 1651 2439 1708 fuissent
2497 1671 2591 1708 ex·
2614 1673 2727 1724 The
2748 1674 2886 1739 Pope

478 1733 667 1789 hibita
713 1738 773 1787 et
812 1731 1072 1804 perlecta
1118 1749 1315 1788 coram
1358 1734 1540 1804 Papa,
1590 1734 1806 1804 viginti
1855 1740 1977 1790 tres
2023 1739 2045 1768 ⁸
2062 1753 2265 1791 earum
2311 1742 2589 1808 tanquam
2613 1740 2755 1791 takes
2778 1757 2895 1806 cog-

478 1817 783 1873 haereticas
855 1821 916 1871 et
986 1833 1165 1871 vanas
1232 1816 1359 1888 ipse
1432 1817 1749 1881 damnavit,
1836 1817 2097 1890 dirigens
2174 1819 2380 1875 Bullas
2452 1838 2589 1877 suas
2614 1808 2825 1886 nizam?
2849 1808 2913 1897 ⁰‚f

477 1900 932 1972 Archiepiscopo
1008 1903 1029 1931 ⁸
1045 1899 1451 1955 Cantuariensi
1543 1906 1603 1955 et
1676 1900 1967 1972 Episcopo
2037 1901 2449 1968 Londoniensi,
2522 1909 2592 1960 ut
2613 1874 2875 1992 {2¹⁰}th
2894 1890 2919 1925 ⁶

480 1987 743 2057 ipsarum
778 1984 1124 2039 auctoritate
1149 1982 1374 2039 dictum
1411 1983 1451 2038 J
1454 1984 1739 2039 ohannem
1764 1985 2023 2040 facerent
2039 1986 2469 2056 comprehendi,
2521 2005 2589 2043 ac
2614 1957 2830 2059 „5032”-

480 2087 658 2140 supra
704 2067 879 2123 dictis
917 2066 1403 2123 Conclusionibus
1440 2066 1760 2138 diligenter
1821 2069 2161 2123 examinari.
2239 2068 2365 2138 Quo
2414 2070 2585 2136 facte,

479 2160 655 2225 atque
703 2151 906 2207 habita
963 2151 1353 2207 declaratione
1415 2168 1592 2224 super
1650 2151 1804 2217 istis,
1867 2151 2009 2207 licet
2066 2156 2085 2184 '¹
2101 2152 2256 2207 facta
2313 2158 2374 2208 et
2417 2172 2586 2219 vana,

479 2239 670 2293 dictus
714 2237 1000 2291 Dominus
1039 2235 1530 2307 Archiepiscopus
1564 2235 1677 2291 sibi
1721 2241 1782 2291 et
1822 2236 2091 2291 omnibus
2115 2236 2247 2291 aliis
2287 2254 2464 2308 super
2488 2237 2593 2292 illa

478 2320 740 2385 materia,
802 2326 1072 2392 presente
1143 2320 1306 2374 Duce
1379 2319 1753 2383 Lancastriae,
1805 2336 1940 2374 cum
2010 2319 2261 2375 Domino
2331 2320 2591 2376 Henrico
2615 2326 2814 2379 silence
2836 2344 2924 2380 en-

477 2424 498 2453 ·
513 2406 721 2477 Percy,
786 2404 997 2460 indixit
1078 2403 1395 2469 silentium,
1482 2404 1796 2476 prohibens
1873 2420 1946 2460 ne
2006 2403 2080 2459 de
2139 2410 2350 2460 caetero
2426 2404 2589 2460 illam
2606 2393 2926 2474 joiPedPPffl

478 2491 783 2546 materiam
867 2489 1248 2560 quovismodo
1307 2493 1585 2560 tangeret
1644 2493 1750 2544 aut
1813 2492 2113 2553 tractaret,
2166 2493 2227 2543 et
2288 2505 2362 2543 ne
2423 2488 2586 2543 illam
2611 2461 2875 2592 ἕξιῗξξῧε

477 2575 844 2646 permitteret
902 2572 1047 2628 alios
1096 2572 1398 2628 ventilare.
1475 2571 1691 2642 Igitur,
1749 2576 1871 2627 tam
1910 2572 2036 2642 ipse
2086 2589 2261 2643 quam
2309 2589 2587 2643 sequaces
2611 2594 2777 2644 Amh-

479 2659 572 2714 sui
618 2657 962 2729 aliquandiu
1011 2657 1317 2713 siluerunt.
1397 2655 1515 2712 Sed
1553 2655 1810 2720 tandem,
1864 2655 2351 2726 contemplatione
2388 2656 2589 2711 Domi·
2610 2660 2789 2724 bishop
2811 2661 2873 2712 of

477 2761 684 2798 norum
719 2741 1148 2814 temporalium,
1191 2740 1425 2796 easdem
1467 2740 1785 2812 opiniones,
1837 2744 1898 2794 et
1944 2738 2089 2794 alias
2138 2739 2323 2794 multo
2358 2740 2586 2812 pejores
2614 2726 2823 2777 Quies·

479 2826 617 2891 illis,
691 2825 1061 2899 postmodum
1122 2826 1251 2881 ausi
1313 2830 1451 2880 sunt
1510 2839 1873 2879 reassumere
1939 2828 2000 2878 et
2060 2823 2224 2878 laicis
2285 2841 2580 2894 spargere,
2645 2808 2755 2858 ΨΥ·

474 2912 494 2939 ’
511 2928 687 2982 quam
727 2926 992 2982 sparsere
1033 2909 1217 2980 prius.
1292 2912 1329 2941 ¹⁰
1346 2909 1434 2965 Eo
1468 2926 1609 2963 vero
1633 2907 1748 2972 die,
1778 2925 1893 2978 quo
1928 2907 2233 2979 praemissa
2266 2907 2583 2962 Londoniis
2612 2910 2724 2960 The
2738 2910 2873 2961 Lon-

481 3000 646 3050 erant
668 2999 921 3066 peracta,
948 2999 1187 3065 propter
1209 2993 1456 3050 verbum
1482 2992 1775 3064 quoddam
1799 2991 2148 3062 injuriosum
2185 2996 2247 3047 et
2267 2991 2522 3047 insolens
2548 3009 2584 3046 a
2609 2978 2791 3027 ‘¹⁰⁰02‘3

481 3079 645 3134 Duce
711 3077 1065 3132 Lancastrioe
1126 3076 1415 3148 Episcopo
1476 3075 1867 3131 Londoniensi
1914 3075 2225 3147 prolatum,
2276 3075 2582 3130 confestim
2610 3043 2747 3159 2³3⁴?
2770 3044 2888 3094 ἧσθ’

480 3161 911 3217 Londonienses
970 3161 1324 3216 unanimiter
1370 3161 1763 3231 insurgentem
1828 3160 2078 3230 arreptis
2127 3159 2325 3223 armis,
2389 3159 2585 3230 ipsum
2612 3176 2814 3240 against
2836 3178 2922 3228 the

480 3245 743 3301 occidere
801 3245 1213 3316 proponebant.
1304 3244 1421 3300 Sed
1481 3244 1674 3299 dictus
1734 3242 2060 3314 Episcopus
2119 3261 2193 3298 ne
2251 3244 2361 3299 hoc
2420 3243 2588 3298 fieret
2610 3243 2761 3294 Duke
2777 3244 2840 3293 of

481 3329 711 3385 omnino
734 3328 1064 3400 prohibuit;
1104 3334 1163 3383 et
1186 3328 1301 3383 nisi
1325 3335 1464 3383 tunc
1487 3327 1813 3398 Episcopus
1840 3344 1902 3381 se
1929 3326 1965 3359 ¹¹
1985 3327 2351 3399 opposuisset
2385 3344 2586 3382 eorum
2611 3309 2898 3363 Laum-

481 3413 801 3477 conatibus,
852 3412 1171 3484 hospitium
1232 3411 1373 3467 dicti
1411 3412 1613 3476 Ducis,
1678 3410 1752 3465 de
1814 3410 2024 3482 Smey,
2089 3428 2157 3465 eo
2219 3410 2432 3466 furoris
2493 3411 2588 3466 sui

481 3504 742 3569 tempore
808 3496 1281 3559 combussissent,
1334 3496 1435 3567 qui
1482 3495 1583 3550 vix
1641 3494 1716 3549 ab
1781 3493 1886 3549 illo
1945 3495 2242 3566 proposito
2281 3495 2586 3551 Antist-itis

134 3602 246 3653 ms,
270 3602 418 3653 Bibl,
483 3580 815 3636 interventu
837 3581 1130 3637 resi-senati
1155 3585 1307 3635 sunt.
1383 3578 1640 3634 Tandem
1666 3579 1740 3634 ad
1773 3584 1983 3635 nutum
2017 3579 2317 3635 Pontificis
2356 3580 2589 3650 quieve-

131 3669 255 3752 qu·
292 3674 354 3720 13
485 3671 640 3721 runt.
716 3666 881 3721 Inter
926 3670 1138 3721 caetera
1194 3681 1334 3719 vero
1392 3664 1607 3734 probra
1665 3682 1796 3734 quae
1856 3663 2009 3718 Duci
2066 3664 2363 3729 intulerat,
2426 3683 2589 3719 arma

135 3736 194 3785 Β·
220 3751 302 3786 ¹¹·
486 3750 613 3821 ejus
650 3750 714 3806 in
748 3750 901 3806 Foro
937 3755 1074 3805 sunt
1107 3748 1343 3820 publico
1376 3754 1692 3803 reversata.
1770 3748 1905 3803 Dux
1946 3754 2142 3803 autem
2184 3755 2244 3804 et
2290 3749 2585 3804 Henricus

552 4019 565 4048 ¹
590 4018 746 4067 nosm'
764 4016 820 4066 in
844 4016 972 4081 orig.
1522 4022 1529 4089 Ι
1646 4016 1684 4045 ¹⁰
1707 4018 1738 4043 ‘⁴
1757 4014 1837 4064 Hi
1857 4014 2158 4065 vocabantur
2188 4031 2223 4064 a
2257 4013 2398 4080 vulqo
2432 4012 2578 4065 ‘Lol-

553 4099 573 4127 2
596 4096 840 4160 Supplied
864 4097 995 4147 from
1014 4096 1099 4147 the
1122 4095 1323 4160 printed
1345 4102 1483 4146 texts
1524 4106 1529 4171 Ι
1578 4100 1609 4122 “
1633 4098 1647 4121 ‘
1665 4092 1829 4155 lardi:
1871 4093 2137 4143 incedentes
2168 4092 2311 4143 nudis
2355 4093 2580 4159 pedibus,

485 4177 589 4226 and
606 4175 742 4225 Bibl.
767 4175 894 4241 Reg.
918 4180 978 4224 13
1002 4175 1064 4225 E.
1087 4174 1159 4224 ix.
1579 4177 1610 4200 “
1635 4174 1797 4222 vestiti
1833 4173 2022 4238 pannis
2066 4170 2258 4233 vilibus,
2301 4172 2485 4223 scilicet
2521 4173 2581 4224 de

547 4256 568 4284 ⁸
588 4255 793 4304 mxime
813 4253 869 4302 in
893 4253 1157 4304 Camden’s
1179 4258 1301 4302 text.
1579 4256 1609 4278 “
1633 4259 1832 4311 russeto,
1889 4259 1947 4300 ut
1992 4267 2087 4317 per
2141 4252 2290 4300 vitam
2344 4250 2581 4316 poenalem

547 4336 566 4365 ⁴
590 4332 811 4385 Omitted
834 4331 891 4381 in
913 4331 1000 4381 the
1022 4331 1221 4396 printed
1244 4337 1392 4379 texts.
1579 4333 1610 4356 “
1619 4327 1834 4393 facilius
1855 4329 2077 4378 incautos
2107 4328 2352 4378 &aberent
2376 4329 2448 4379 ad
2478 4347 2580 4380 sec-

548 4416 568 4443 ⁵
589 4429 745 4462 eorum
768 4413 824 4461 in
847 4411 972 4475 orig.
1580 4413 1609 4435 ‘⁴
1636 4415 1733 4457 tam
1745 4408 1934 4459 suam.”
2000 4408 2107 4458 Not
2139 4408 2194 4457 in
2229 4409 2315 4459 the
2344 4409 2579 4473 original,

549 4493 570 4521 ⁸
593 4491 816 4541 Omitted
832 4490 886 4538 in
909 4490 994 4540 the
1017 4488 1214 4553 printed
1234 4493 1382 4538 texts.
1580 4503 1639 4536 or
1677 4487 1732 4535 in
1757 4487 1894 4537 Bibl.
1917 4490 2044 4552 Reg.
2089 4494 2147 4537 13
2181 4488 2242 4538 E.
2283 4488 2386 4546 ix.;
2425 4491 2517 4539 but
2548 4506 2581 4540 a

555 4569 715 4632 ''fic-ta
739 4567 793 4617 in
818 4568 903 4618 the
926 4567 1125 4632 printed
1148 4573 1295 4617 texts,
1580 4567 1719 4631 gloss
1751 4566 1972 4617 inserted
2003 4567 2136 4628 here,
2172 4567 2226 4616 in
2261 4568 2347 4619 the
2379 4568 2580 4633 printed

550 4649 571 4677 ⁸
591 4647 755 4711 Pei-cy
771 4646 818 4696 is
838 4653 928 4696 not
948 4644 1238 4696 mentioned
1257 4644 1313 4693 in
1338 4644 1485 4696 Cont.
1581 4653 1729 4697 texts.

488 4725 788 4777 Mufimuth·
1648 4736 1685 4771 ¹¹
1708 4738 2015 4804 apposuisset
2033 4739 2087 4788 in
2111 4739 2238 4805 orig.
2263 4760 2278 4802 ;
2326 4740 2580 4791 corrected

551 4807 573 4835 ⁹
595 4804 723 4855 ThiS
767 4820 978 4871 Pfflass'e
1018 4805 1063 4856 5⁸
1105 4812 1196 4856 Ποῖ
1238 4805 1395 4855 found
1429 4803 1485 4853 5¹¹
1584 4818 1714 4870 from
1737 4818 1822 4868 the
1839 4817 2038 4883 printed
2059 4825 2206 4870 texts.

488 4884 633 4937 cont.
658 4884 960 4936 Rhlfimuth.
1528 4930 1533 4943 ,
