<?xml version="1.0" encoding="UTF-8"?>
<!DOCTYPE html PUBLIC "-//W3C//DTD XHTML 1.0 Transitional//EN"
    "http://www.w3.org/TR/xhtml1/DTD/xhtml1-transitional.dtd">
<html xmlns="http://www.w3.org/1999/xhtml" xml:lang="en" lang="en">
 <head>
  <title>
</title>
<meta http-equiv="Content-Type" content="text/html;charset=utf-8" />
  <meta name='ocr-system' content='tesseract 3.04.00' />
  <meta name='ocr-capabilities' content='ocr_page ocr_carea ocr_par ocr_line ocrx_word'/>
</head>
<body>
  <div class='ocr_page' id='page_1' title='image "./thomaewalsingha00unkngoog_0526.png"; bbox 0 0 3300 5617; ppageno 0'>
   <div class='ocr_carea' id='block_1_1' title="bbox 791 815 2223 879">
    <p class='ocr_par' dir='ltr' id='par_1_1' title="bbox 791 815 2223 879">
     <span class='ocr_line' id='line_1_1' title="bbox 791 815 2223 879; baseline 0 -2"><span class='ocrx_word' id='word_1_1' title='bbox 791 815 919 879; x_wconf 77' lang='lat'>406</span> <span class='ocrx_word' id='word_1_2' title='bbox 1457 828 1715 877; x_wconf 71' lang='lat' dir='ltr'>rnouAE</span> <span class='ocrx_word' id='word_1_3' title='bbox 1760 827 2223 877; x_wconf 65' lang='lat' dir='ltr'>WALsmenAM</span> 
     </span>
    </p>
   </div>
   <div class='ocr_carea' id='block_1_2' title="bbox 441 1012 3181 4219">
    <p class='ocr_par' dir='ltr' id='par_1_2' title="bbox 459 1012 3181 2083">
     <span class='ocr_line' id='line_1_2' title="bbox 459 1012 3181 1088; baseline -0.001 -17"><span class='ocrx_word' id='word_1_4' title='bbox 459 1012 764 1065; x_wconf 79' lang='lat' dir='ltr'><strong>A.D.1379.</strong></span> <span class='ocrx_word' id='word_1_5' title='bbox 789 1015 1132 1071; x_wconf 72' lang='lat' dir='ltr'>terribiliter</span> <span class='ocrx_word' id='word_1_6' title='bbox 1167 1015 1387 1071; x_wconf 85' lang='lat' dir='ltr'>feriunt</span> <span class='ocrx_word' id='word_1_7' title='bbox 1421 1021 1483 1071; x_wconf 90' lang='lat' dir='ltr'>et</span> <span class='ocrx_word' id='word_1_8' title='bbox 1516 1021 1906 1087; x_wconf 73' lang='lat' dir='ltr'><strong>conquassant</strong></span> <span class='ocrx_word' id='word_1_9' title='bbox 1950 1016 2138 1088; x_wconf 86' lang='lat' dir='ltr'>ipsam</span> <span class='ocrx_word' id='word_1_10' title='bbox 2174 1014 2439 1080; x_wconf 79' lang='lat' dir='ltr'><strong>classem,</strong></span> <span class='ocrx_word' id='word_1_11' title='bbox 2480 1018 2540 1069; x_wconf 92' lang='lat' dir='ltr'>et</span> <span class='ocrx_word' id='word_1_12' title='bbox 2575 1013 2722 1069; x_wconf 87' lang='lat' dir='ltr'>adeo</span> <span class='ocrx_word' id='word_1_13' title='bbox 2759 1029 2895 1069; x_wconf 87' lang='lat' dir='ltr'>con·</span> <span class='ocrx_word' id='word_1_14' title='bbox 2926 1016 3044 1068; x_wconf 78' lang='lat' dir='ltr'>MS.</span> <span class='ocrx_word' id='word_1_15' title='bbox 3064 1018 3181 1069; x_wconf 72' lang='lat' dir='ltr'>BihL</span> 
     </span>
     <span class='ocr_line' id='line_1_3' title="bbox 785 1085 3137 1172; baseline -0.002 -17"><span class='ocrx_word' id='word_1_16' title='bbox 785 1106 1008 1156; x_wconf 87' lang='lat' dir='ltr'>stanter</span> <span class='ocrx_word' id='word_1_17' title='bbox 1043 1099 1344 1164; x_wconf 84' lang='lat' dir='ltr'>invadunt,</span> <span class='ocrx_word' id='word_1_18' title='bbox 1383 1105 1451 1155; x_wconf 91' lang='lat' dir='ltr'>ut</span> <span class='ocrx_word' id='word_1_19' title='bbox 1486 1101 1675 1155; x_wconf 85' lang='lat' dir='ltr'>omnis</span> <span class='ocrx_word' id='word_1_20' title='bbox 1713 1117 1845 1172; x_wconf 89' lang='lat' dir='ltr'>spes</span> <span class='ocrx_word' id='word_1_21' title='bbox 1882 1099 2246 1155; x_wconf 75' lang='lat' dir='ltr'>liberationis</span> <span class='ocrx_word' id='word_1_22' title='bbox 2283 1115 2504 1164; x_wconf 82' lang='lat' dir='ltr'>earum,</span> <span class='ocrx_word' id='word_1_23' title='bbox 2547 1104 2607 1153; x_wconf 90' lang='lat' dir='ltr'>et</span> <span class='ocrx_word' id='word_1_24' title='bbox 2642 1098 2797 1169; x_wconf 89' lang='lat' dir='ltr'>ipsis</span> <span class='ocrx_word' id='word_1_25' title='bbox 2830 1102 2893 1152; x_wconf 83' lang='lat' dir='ltr'>et</span> <span class='ocrx_word' id='word_1_26' title='bbox 2926 1085 3137 1163; x_wconf 59' lang='lat'>1323·¹³</span> 
     </span>
     <span class='ocr_line' id='line_1_4' title="bbox 791 1152 3087 1255; baseline -0.002 -16"><span class='ocrx_word' id='word_1_27' title='bbox 791 1183 912 1239; x_wconf 88' lang='lat' dir='ltr'>illis</span> <span class='ocrx_word' id='word_1_28' title='bbox 973 1184 1076 1255; x_wconf 89' lang='lat' dir='ltr'>qui</span> <span class='ocrx_word' id='word_1_29' title='bbox 1128 1184 1254 1255; x_wconf 85' lang='lat' dir='ltr'>jam</span> <span class='ocrx_word' id='word_1_30' title='bbox 1313 1190 1531 1238; x_wconf 89' lang='lat' dir='ltr'>terram</span> <span class='ocrx_word' id='word_1_31' title='bbox 1592 1183 1885 1249; x_wconf 89' lang='lat' dir='ltr'>tenebant,</span> <span class='ocrx_word' id='word_1_32' title='bbox 1940 1190 2097 1239; x_wconf 88' lang='lat' dir='ltr'>esset</span> <span class='ocrx_word' id='word_1_33' title='bbox 2155 1183 2441 1254; x_wconf 78' lang='lat' dir='ltr'>adempta.</span> <span class='ocrx_word' id='word_1_34' title='bbox 2534 1181 2707 1236; x_wconf 83' lang='lat' dir='ltr'>Vidit</span> <span class='ocrx_word' id='word_1_35' title='bbox 2766 1182 2897 1236; x_wconf 80' lang='lat' dir='ltr'>haec</span> <span class='ocrx_word' id='word_1_36' title='bbox 2926 1152 2991 1201; x_wconf 55' lang='lat' dir='ltr'>E*</span> <span class='ocrx_word' id='word_1_37' title='bbox 3014 1167 3087 1203; x_wconf 72' lang='lat'>¹¹·</span> 
     </span>
     <span class='ocr_line' id='line_1_5' title="bbox 791 1266 2895 1339; baseline -0.001 -16"><span class='ocrx_word' id='word_1_38' title='bbox 791 1268 1076 1325; x_wconf 86' lang='lat' dir='ltr'>Dominus</span> <span class='ocrx_word' id='word_1_39' title='bbox 1113 1269 1294 1339; x_wconf 90' lang='lat' dir='ltr'>Hugo</span> <span class='ocrx_word' id='word_1_40' title='bbox 1346 1268 1669 1334; x_wconf 80' lang='lat' dir='ltr'>Calverlee,</span> <span class='ocrx_word' id='word_1_41' title='bbox 1729 1273 1789 1324; x_wconf 91' lang='lat' dir='ltr'>et</span> <span class='ocrx_word' id='word_1_42' title='bbox 1838 1268 2146 1339; x_wconf 82' lang='lat' dir='ltr'>ingemuit,</span> <span class='ocrx_word' id='word_1_43' title='bbox 2202 1273 2262 1324; x_wconf 91' lang='lat' dir='ltr'>et</span> <span class='ocrx_word' id='word_1_44' title='bbox 2297 1266 2591 1323; x_wconf 78' lang='lat' dir='ltr'>concaluit</span> <span class='ocrx_word' id='word_1_45' title='bbox 2623 1284 2725 1321; x_wconf 89' lang='lat' dir='ltr'>cor</span> <span class='ocrx_word' id='word_1_46' title='bbox 2762 1266 2895 1336; x_wconf 87' lang='lat' dir='ltr'>ejus</span> 
     </span>
     <span class='ocr_line' id='line_1_6' title="bbox 789 1351 2895 1424; baseline -0 -17"><span class='ocrx_word' id='word_1_47' title='bbox 789 1354 946 1408; x_wconf 86' lang='lat' dir='ltr'>intra</span> <span class='ocrx_word' id='word_1_48' title='bbox 981 1371 1063 1418; x_wconf 89' lang='lat' dir='ltr'>se,</span> <span class='ocrx_word' id='word_1_49' title='bbox 1104 1358 1165 1408; x_wconf 90' lang='lat' dir='ltr'>et</span> <span class='ocrx_word' id='word_1_50' title='bbox 1212 1352 1428 1408; x_wconf 88' lang='lat' dir='ltr'>oblitus</span> <span class='ocrx_word' id='word_1_51' title='bbox 1475 1353 1657 1408; x_wconf 88' lang='lat' dir='ltr'>totius</span> <span class='ocrx_word' id='word_1_52' title='bbox 1705 1353 1974 1424; x_wconf 86' lang='lat' dir='ltr'>periculi,</span> <span class='ocrx_word' id='word_1_53' title='bbox 2026 1353 2279 1423; x_wconf 88' lang='lat' dir='ltr'>imperat</span> <span class='ocrx_word' id='word_1_54' title='bbox 2323 1351 2595 1407; x_wconf 87' lang='lat' dir='ltr'>nauclero</span> <span class='ocrx_word' id='word_1_55' title='bbox 2643 1358 2714 1406; x_wconf 91' lang='lat' dir='ltr'>ut</span> <span class='ocrx_word' id='word_1_56' title='bbox 2760 1368 2895 1406; x_wconf 87' lang='lat' dir='ltr'>con-</span> 
     </span>
     <span class='ocr_line' id='line_1_7' title="bbox 790 1435 2888 1508; baseline -0.001 -16"><span class='ocrx_word' id='word_1_57' title='bbox 790 1443 984 1494; x_wconf 85' lang='lat' dir='ltr'>vertat</span> <span class='ocrx_word' id='word_1_58' title='bbox 1028 1454 1239 1493; x_wconf 83' lang='lat' dir='ltr'>navem</span> <span class='ocrx_word' id='word_1_59' title='bbox 1286 1439 1350 1492; x_wconf 91' lang='lat' dir='ltr'>in</span> <span class='ocrx_word' id='word_1_60' title='bbox 1411 1455 1527 1508; x_wconf 86' lang='lat' dir='ltr'>qua</span> <span class='ocrx_word' id='word_1_61' title='bbox 1597 1442 1726 1493; x_wconf 84' lang='lat' dir='ltr'>erat</span> <span class='ocrx_word' id='word_1_62' title='bbox 1784 1437 1859 1492; x_wconf 90' lang='lat' dir='ltr'>ad</span> <span class='ocrx_word' id='word_1_63' title='bbox 1907 1437 2107 1492; x_wconf 88' lang='lat' dir='ltr'>hostes</span> <span class='ocrx_word' id='word_1_64' title='bbox 2124 1440 2256 1503; x_wconf 86' lang='lat'>;—“</span> <span class='ocrx_word' id='word_1_65' title='bbox 2276 1435 2621 1505; x_wconf 79' lang='lat' dir='ltr'>Quoniam,”</span> <span class='ocrx_word' id='word_1_66' title='bbox 2674 1435 2888 1506; x_wconf 84' lang='lat' dir='ltr'>inquit,</span> 
     </span>
     <span class='ocr_line' id='line_1_8' title="bbox 794 1521 2891 1593; baseline -0.001 -17"><span class='ocrx_word' id='word_1_67' title='bbox 794 1524 832 1547; x_wconf 92' lang='lat'>“</span> <span class='ocrx_word' id='word_1_68' title='bbox 870 1521 1207 1593; x_wconf 88' lang='lat' dir='ltr'>pudendum</span> <span class='ocrx_word' id='word_1_69' title='bbox 1253 1527 1346 1576; x_wconf 88' lang='lat' dir='ltr'>est</span> <span class='ocrx_word' id='word_1_70' title='bbox 1393 1539 1498 1576; x_wconf 88' lang='lat' dir='ltr'>nos</span> <span class='ocrx_word' id='word_1_71' title='bbox 1536 1521 1688 1577; x_wconf 88' lang='lat' dir='ltr'>affici</span> <span class='ocrx_word' id='word_1_72' title='bbox 1743 1521 2107 1577; x_wconf 89' lang='lat' dir='ltr'>incommodo</span> <span class='ocrx_word' id='word_1_73' title='bbox 2142 1521 2381 1593; x_wconf 85' lang='lat' dir='ltr'>duplici,</span> <span class='ocrx_word' id='word_1_74' title='bbox 2421 1521 2623 1577; x_wconf 79' lang='lat' dir='ltr'>videre</span> <span class='ocrx_word' id='word_1_75' title='bbox 2658 1526 2891 1575; x_wconf 76' lang='lat' dir='ltr'>nostros</span> 
     </span>
     <span class='ocr_line' id='line_1_9' title="bbox 793 1605 2889 1676; baseline -0.001 -15"><span class='ocrx_word' id='word_1_76' title='bbox 793 1610 830 1631; x_wconf 92' lang='lat'>“</span> <span class='ocrx_word' id='word_1_77' title='bbox 871 1623 1006 1661; x_wconf 87' lang='lat' dir='ltr'>cum</span> <span class='ocrx_word' id='word_1_78' title='bbox 1054 1606 1269 1661; x_wconf 86' lang='lat' dir='ltr'>nostris</span> <span class='ocrx_word' id='word_1_79' title='bbox 1321 1605 1606 1676; x_wconf 90' lang='lat' dir='ltr'>deperire,</span> <span class='ocrx_word' id='word_1_80' title='bbox 1655 1610 1717 1661; x_wconf 88' lang='lat' dir='ltr'>et</span> <span class='ocrx_word' id='word_1_81' title='bbox 1757 1605 2041 1660; x_wconf 78' lang='lat' dir='ltr'>auxilium</span> <span class='ocrx_word' id='word_1_82' title='bbox 2089 1605 2243 1660; x_wconf 89' lang='lat' dir='ltr'>ferre</span> <span class='ocrx_word' id='word_1_83' title='bbox 2277 1625 2393 1660; x_wconf 90' lang='lat' dir='ltr'>non</span> <span class='ocrx_word' id='word_1_84' title='bbox 2428 1622 2616 1676; x_wconf 87' lang='lat' dir='ltr'>posse.</span> <span class='ocrx_word' id='word_1_85' title='bbox 2694 1605 2889 1659; x_wconf 81' lang='lat' dir='ltr'>Citius</span> 
     </span>
     <span class='ocr_line' id='line_1_10' title="bbox 792 1687 2893 1760; baseline -0 -17"><span class='ocrx_word' id='word_1_86' title='bbox 792 1694 829 1714; x_wconf 81' lang='lat'>‘⁶</span> <span class='ocrx_word' id='word_1_87' title='bbox 869 1689 1214 1744; x_wconf 76' lang='lat' dir='ltr'><strong>deberemus</strong></span> <span class='ocrx_word' id='word_1_88' title='bbox 1239 1695 1488 1744; x_wconf 86' lang='lat' dir='ltr'>mortem</span> <span class='ocrx_word' id='word_1_89' title='bbox 1520 1688 1815 1760; x_wconf 77' lang='lat' dir='ltr'>amplecti,</span> <span class='ocrx_word' id='word_1_90' title='bbox 1850 1708 2026 1759; x_wconf 90' lang='lat' dir='ltr'>quam</span> <span class='ocrx_word' id='word_1_91' title='bbox 2051 1694 2172 1745; x_wconf 87' lang='lat' dir='ltr'>tam</span> <span class='ocrx_word' id='word_1_92' title='bbox 2196 1689 2473 1760; x_wconf 87' lang='lat' dir='ltr'>probrose</span> <span class='ocrx_word' id='word_1_93' title='bbox 2506 1688 2716 1743; x_wconf 86' lang='lat' dir='ltr'>damna</span> <span class='ocrx_word' id='word_1_94' title='bbox 2744 1687 2893 1742; x_wconf 81' lang='lat' dir='ltr'>talia</span> 
     </span>
     <span class='ocr_line' id='line_1_11' title="bbox 791 1773 2886 1844; baseline -0.001 -15"><span class='ocrx_word' id='word_1_95' title='bbox 791 1777 829 1800; x_wconf 79' lang='lat'>‘⁶</span> <span class='ocrx_word' id='word_1_96' title='bbox 868 1792 1002 1829; x_wconf 90' lang='lat' dir='ltr'>cum</span> <span class='ocrx_word' id='word_1_97' title='bbox 1038 1774 1334 1829; x_wconf 84' lang='lat' dir='ltr'>cachinnis</span> <span class='ocrx_word' id='word_1_98' title='bbox 1370 1774 1630 1829; x_wconf 88' lang='lat' dir='ltr'>hostium</span> <span class='ocrx_word' id='word_1_99' title='bbox 1663 1774 1971 1829; x_wconf 87' lang='lat' dir='ltr'>sustinere.</span> <span class='ocrx_word' id='word_1_100' title='bbox 2045 1773 2139 1829; x_wconf 85' lang='lat' dir='ltr'>Ne</span> <span class='ocrx_word' id='word_1_101' title='bbox 2172 1775 2359 1844; x_wconf 89' lang='lat' dir='ltr'>igitur</span> <span class='ocrx_word' id='word_1_102' title='bbox 2393 1773 2591 1828; x_wconf 82' lang='lat' dir='ltr'>dicant</span> <span class='ocrx_word' id='word_1_103' title='bbox 2618 1791 2723 1828; x_wconf 88' lang='lat' dir='ltr'>nos</span> <span class='ocrx_word' id='word_1_104' title='bbox 2754 1790 2886 1827; x_wconf 88' lang='lat' dir='ltr'>nos-</span> 
     </span>
     <span class='ocr_line' id='line_1_12' title="bbox 791 1857 2887 1929; baseline -0.001 -15"><span class='ocrx_word' id='word_1_105' title='bbox 791 1862 827 1884; x_wconf 91' lang='lat'>“</span> <span class='ocrx_word' id='word_1_106' title='bbox 867 1859 1116 1914; x_wconf 88' lang='lat' dir='ltr'>tratibus</span> <span class='ocrx_word' id='word_1_107' title='bbox 1146 1858 1242 1914; x_wconf 85' lang='lat' dir='ltr'>vel</span> <span class='ocrx_word' id='word_1_108' title='bbox 1274 1858 1550 1924; x_wconf 87' lang='lat' dir='ltr'>noluisse,</span> <span class='ocrx_word' id='word_1_109' title='bbox 1587 1858 1683 1913; x_wconf 87' lang='lat' dir='ltr'>vel</span> <span class='ocrx_word' id='word_1_110' title='bbox 1716 1876 1889 1915; x_wconf 87' lang='lat' dir='ltr'>ausos</span> <span class='ocrx_word' id='word_1_111' title='bbox 1928 1876 2041 1913; x_wconf 91' lang='lat' dir='ltr'>non</span> <span class='ocrx_word' id='word_1_112' title='bbox 2073 1859 2274 1924; x_wconf 84' lang='lat' dir='ltr'>fuisse,</span> <span class='ocrx_word' id='word_1_113' title='bbox 2302 1859 2365 1912; x_wconf 90' lang='lat' dir='ltr'>in</span> <span class='ocrx_word' id='word_1_114' title='bbox 2396 1859 2575 1913; x_wconf 78' lang='lat' dir='ltr'>tantis</span> <span class='ocrx_word' id='word_1_115' title='bbox 2611 1857 2887 1929; x_wconf 85' lang='lat' dir='ltr'>periculis</span> 
     </span>
     <span class='ocr_line' id='line_1_13' title="bbox 789 1941 2885 2013; baseline -0.001 -15"><span class='ocrx_word' id='word_1_116' title='bbox 789 1946 826 1968; x_wconf 81' lang='lat'>‘⁴</span> <span class='ocrx_word' id='word_1_117' title='bbox 869 1943 1073 1998; x_wconf 88' lang='lat' dir='ltr'>tulisse</span> <span class='ocrx_word' id='word_1_118' title='bbox 1112 1943 1403 2007; x_wconf 86' lang='lat' dir='ltr'>solatium,</span> <span class='ocrx_word' id='word_1_119' title='bbox 1435 1943 1689 1998; x_wconf 86' lang='lat' dir='ltr'>sentiant</span> <span class='ocrx_word' id='word_1_120' title='bbox 1712 1943 1856 2013; x_wconf 88' lang='lat' dir='ltr'>quid</span> <span class='ocrx_word' id='word_1_121' title='bbox 1892 1942 2052 1998; x_wconf 89' lang='lat' dir='ltr'>Deus</span> <span class='ocrx_word' id='word_1_122' title='bbox 2088 1943 2301 2009; x_wconf 75' lang='lat' dir='ltr'>valeat,</span> <span class='ocrx_word' id='word_1_123' title='bbox 2340 1943 2594 1998; x_wconf 81' lang='lat' dir='ltr'>sentiant</span> <span class='ocrx_word' id='word_1_124' title='bbox 2626 1947 2688 1997; x_wconf 88' lang='lat' dir='ltr'>et</span> <span class='ocrx_word' id='word_1_125' title='bbox 2719 1941 2885 1996; x_wconf 83' lang='lat' dir='ltr'>nobis</span> 
     </span>
     <span class='ocr_line' id='line_1_14' title="bbox 789 2027 1540 2083; baseline 0.001 -1"><span class='ocrx_word' id='word_1_126' title='bbox 789 2030 826 2053; x_wconf 77' lang='lat'>‘⁶</span> <span class='ocrx_word' id='word_1_127' title='bbox 866 2029 1090 2083; x_wconf 88' lang='lat' dir='ltr'>animos</span> <span class='ocrx_word' id='word_1_128' title='bbox 1127 2047 1242 2083; x_wconf 91' lang='lat' dir='ltr'>non</span> <span class='ocrx_word' id='word_1_129' title='bbox 1277 2027 1540 2083; x_wconf 87' lang='lat' dir='ltr'>deesse.&#39;’</span> 
     </span>
    </p>

    <p class='ocr_par' dir='ltr' id='par_1_3' title="bbox 774 2111 2885 3871">
     <span class='ocr_line' id='line_1_15' title="bbox 855 2111 2885 2183; baseline 0 -17"><span class='ocrx_word' id='word_1_130' title='bbox 855 2112 1096 2168; x_wconf 88' lang='lat' dir='ltr'>Diutius</span> <span class='ocrx_word' id='word_1_131' title='bbox 1146 2131 1285 2168; x_wconf 82' lang='lat' dir='ltr'>vero</span> <span class='ocrx_word' id='word_1_132' title='bbox 1339 2112 1653 2168; x_wconf 82' lang='lat' dir='ltr'>reluctanti</span> <span class='ocrx_word' id='word_1_133' title='bbox 1703 2112 1995 2178; x_wconf 84' lang='lat' dir='ltr'>nauclerO,</span> <span class='ocrx_word' id='word_1_134' title='bbox 2051 2116 2111 2166; x_wconf 88' lang='lat' dir='ltr'>ct</span> <span class='ocrx_word' id='word_1_135' title='bbox 2157 2111 2693 2183; x_wconf 87' lang='lat' dir='ltr'>impossibilitatem</span> <span class='ocrx_word' id='word_1_136' title='bbox 2736 2130 2885 2183; x_wconf 80' lang='lat' dir='ltr'>prae·</span> 
     </span>
     <span class='ocr_line' id='line_1_16' title="bbox 783 2196 2883 2268; baseline 0 -17"><span class='ocrx_word' id='word_1_137' title='bbox 783 2196 1044 2253; x_wconf 86' lang='lat' dir='ltr'>tendenti</span> <span class='ocrx_word' id='word_1_138' title='bbox 1079 2198 1411 2253; x_wconf 80' lang='lat' dir='ltr'>revertendi</span> <span class='ocrx_word' id='word_1_139' title='bbox 1449 2198 1522 2252; x_wconf 87' lang='lat' dir='ltr'>ad</span> <span class='ocrx_word' id='word_1_140' title='bbox 1558 2203 1809 2262; x_wconf 88' lang='lat' dir='ltr'>nostros,</span> <span class='ocrx_word' id='word_1_141' title='bbox 1850 2202 1911 2253; x_wconf 88' lang='lat' dir='ltr'>et</span> <span class='ocrx_word' id='word_1_142' title='bbox 1944 2196 2210 2268; x_wconf 86' lang='lat' dir='ltr'>pericula</span> <span class='ocrx_word' id='word_1_143' title='bbox 2244 2198 2719 2253; x_wconf 86' lang='lat' dir='ltr'>commemoranti</span> <span class='ocrx_word' id='word_1_144' title='bbox 2755 2216 2883 2268; x_wconf 61' lang='lat' dir='ltr'>quae</span> 
     </span>
     <span class='ocr_line' id='line_1_17' title="bbox 781 2283 2884 2354; baseline 0 -17"><span class='ocrx_word' id='word_1_145' title='bbox 781 2284 1014 2353; x_wconf 82' lang='lat' dir='ltr'>passuri</span> <span class='ocrx_word' id='word_1_146' title='bbox 1070 2288 1265 2337; x_wconf 85' lang='lat' dir='ltr'>essent</span> <span class='ocrx_word' id='word_1_147' title='bbox 1317 2283 1367 2337; x_wconf 93' lang='lat' dir='ltr'>si</span> <span class='ocrx_word' id='word_1_148' title='bbox 1425 2283 1573 2337; x_wconf 86' lang='lat' dir='ltr'>forte</span> <span class='ocrx_word' id='word_1_149' title='bbox 1627 2287 2081 2347; x_wconf 81' lang='lat' dir='ltr'>reverterentur,</span> <span class='ocrx_word' id='word_1_150' title='bbox 2136 2283 2519 2338; x_wconf 82' lang='lat' dir='ltr'>comminatus</span> <span class='ocrx_word' id='word_1_151' title='bbox 2555 2289 2647 2337; x_wconf 88' lang='lat' dir='ltr'>est</span> <span class='ocrx_word' id='word_1_152' title='bbox 2686 2300 2884 2354; x_wconf 80' lang='lat' dir='ltr'>poenas</span> 
     </span>
     <span class='ocr_line' id='line_1_18' title="bbox 780 2366 2885 2437; baseline 0 -16"><span class='ocrx_word' id='word_1_153' title='bbox 780 2367 896 2421; x_wconf 87' lang='lat' dir='ltr'>nisi</span> <span class='ocrx_word' id='word_1_154' title='bbox 933 2366 1226 2423; x_wconf 83' lang='lat' dir='ltr'>laboraret</span> <span class='ocrx_word' id='word_1_155' title='bbox 1259 2368 1514 2433; x_wconf 79' lang='lat' dir='ltr'>reverti3</span> <span class='ocrx_word' id='word_1_156' title='bbox 1556 2366 1760 2437; x_wconf 86' lang='lat' dir='ltr'>sicque</span> <span class='ocrx_word' id='word_1_157' title='bbox 1796 2367 2016 2422; x_wconf 89' lang='lat' dir='ltr'>factum</span> <span class='ocrx_word' id='word_1_158' title='bbox 2052 2372 2162 2433; x_wconf 87' lang='lat' dir='ltr'>est,</span> <span class='ocrx_word' id='word_1_159' title='bbox 2196 2374 2263 2422; x_wconf 88' lang='lat' dir='ltr'>ut</span> <span class='ocrx_word' id='word_1_160' title='bbox 2294 2385 2428 2422; x_wconf 88' lang='lat' dir='ltr'>cum</span> <span class='ocrx_word' id='word_1_161' title='bbox 2454 2368 2710 2422; x_wconf 81' lang='lat' dir='ltr'>maxima</span> <span class='ocrx_word' id='word_1_162' title='bbox 2742 2367 2885 2421; x_wconf 87' lang='lat' dir='ltr'>diffi-</span> 
     </span>
     <span class='ocr_line' id='line_1_19' title="bbox 781 2450 2885 2522; baseline 0 -18"><span class='ocrx_word' id='word_1_163' title='bbox 781 2450 998 2506; x_wconf 88' lang='lat' dir='ltr'>cultate</span> <span class='ocrx_word' id='word_1_164' title='bbox 1045 2450 1392 2506; x_wconf 85' lang='lat' dir='ltr'>revertendo</span> <span class='ocrx_word' id='word_1_165' title='bbox 1442 2456 1820 2522; x_wconf 84' lang='lat' dir='ltr'>penetrarent</span> <span class='ocrx_word' id='word_1_166' title='bbox 1854 2450 1930 2505; x_wconf 88' lang='lat' dir='ltr'>ad</span> <span class='ocrx_word' id='word_1_167' title='bbox 1962 2451 2182 2506; x_wconf 86' lang='lat' dir='ltr'>hostes.</span> <span class='ocrx_word' id='word_1_168' title='bbox 2260 2450 2386 2519; x_wconf 81' lang='lat' dir='ltr'>Quo</span> <span class='ocrx_word' id='word_1_169' title='bbox 2422 2469 2556 2506; x_wconf 88' lang='lat' dir='ltr'>cum</span> <span class='ocrx_word' id='word_1_170' title='bbox 2592 2452 2885 2522; x_wconf 76' lang='lat' dir='ltr'>pervenis-</span> 
     </span>
     <span class='ocr_line' id='line_1_20' title="bbox 783 2535 2877 2605; baseline -0 -16"><span class='ocrx_word' id='word_1_171' title='bbox 783 2538 929 2599; x_wconf 85' lang='lat' dir='ltr'>sent,</span> <span class='ocrx_word' id='word_1_172' title='bbox 969 2553 1103 2590; x_wconf 82' lang='lat' dir='ltr'>mox</span> <span class='ocrx_word' id='word_1_173' title='bbox 1150 2535 1438 2591; x_wconf 89' lang='lat' dir='ltr'>Dominus</span> <span class='ocrx_word' id='word_1_174' title='bbox 1488 2535 1671 2605; x_wconf 90' lang='lat' dir='ltr'>Hugo</span> <span class='ocrx_word' id='word_1_175' title='bbox 1708 2540 1770 2590; x_wconf 91' lang='lat' dir='ltr'>et</span> <span class='ocrx_word' id='word_1_176' title='bbox 1804 2535 1929 2605; x_wconf 91' lang='lat' dir='ltr'>ipsc</span> <span class='ocrx_word' id='word_1_177' title='bbox 1969 2553 2077 2589; x_wconf 88' lang='lat' dir='ltr'>sua</span> <span class='ocrx_word' id='word_1_178' title='bbox 2130 2539 2424 2605; x_wconf 67' lang='lat' dir='ltr'>praeparat</span> <span class='ocrx_word' id='word_1_179' title='bbox 2475 2535 2877 2599; x_wconf 84' lang='lat' dir='ltr'>instrumenta,</span> 
     </span>
     <span class='ocr_line' id='line_1_21' title="bbox 781 2618 2885 2691; baseline 0 -19"><span class='ocrx_word' id='word_1_180' title='bbox 781 2624 843 2673; x_wconf 88' lang='lat' dir='ltr'>et</span> <span class='ocrx_word' id='word_1_181' title='bbox 903 2620 1229 2689; x_wconf 85' lang='lat' dir='ltr'>sagittariis</span> <span class='ocrx_word' id='word_1_182' title='bbox 1301 2619 1553 2690; x_wconf 85' lang='lat' dir='ltr'>imperat</span> <span class='ocrx_word' id='word_1_183' title='bbox 1611 2625 1681 2673; x_wconf 91' lang='lat' dir='ltr'>ut</span> <span class='ocrx_word' id='word_1_184' title='bbox 1732 2618 1859 2690; x_wconf 82' lang='lat' dir='ltr'>jam</span> <span class='ocrx_word' id='word_1_185' title='bbox 1931 2618 2329 2674; x_wconf 85' lang='lat' dir='ltr'>demonstrent</span> <span class='ocrx_word' id='word_1_186' title='bbox 2396 2619 2680 2685; x_wconf 87' lang='lat' dir='ltr'>hostibus,</span> <span class='ocrx_word' id='word_1_187' title='bbox 2744 2619 2885 2691; x_wconf 86' lang='lat' dir='ltr'>quid</span> 
     </span>
     <span class='ocr_line' id='line_1_22' title="bbox 780 2701 2877 2775; baseline -0 -18"><span class='ocrx_word' id='word_1_188' title='bbox 780 2720 1007 2768; x_wconf 87' lang='lat' dir='ltr'>manus,</span> <span class='ocrx_word' id='word_1_189' title='bbox 1050 2703 1192 2774; x_wconf 88' lang='lat' dir='ltr'>quid</span> <span class='ocrx_word' id='word_1_190' title='bbox 1229 2703 1488 2768; x_wconf 84' lang='lat' dir='ltr'>brachia,</span> <span class='ocrx_word' id='word_1_191' title='bbox 1541 2702 1686 2774; x_wconf 88' lang='lat' dir='ltr'>quid</span> <span class='ocrx_word' id='word_1_192' title='bbox 1734 2722 1926 2770; x_wconf 76' lang='lat' dir='ltr'>arcae,</span> <span class='ocrx_word' id='word_1_193' title='bbox 1968 2703 2113 2775; x_wconf 89' lang='lat' dir='ltr'>quid</span> <span class='ocrx_word' id='word_1_194' title='bbox 2160 2701 2279 2759; x_wconf 86' lang='lat' dir='ltr'>tela</span> <span class='ocrx_word' id='word_1_195' title='bbox 2314 2721 2436 2769; x_wconf 87' lang='lat' dir='ltr'>sua,</span> <span class='ocrx_word' id='word_1_196' title='bbox 2478 2702 2494 2734; x_wconf 93' lang='lat'>¹</span> <span class='ocrx_word' id='word_1_197' title='bbox 2512 2704 2877 2775; x_wconf 82' lang='lat' dir='ltr'>praevaleant.</span> 
     </span>
     <span class='ocr_line' id='line_1_23' title="bbox 779 2786 2879 2859; baseline 0.001 -19"><span class='ocrx_word' id='word_1_198' title='bbox 779 2786 904 2857; x_wconf 90' lang='lat' dir='ltr'>Ipsi</span> <span class='ocrx_word' id='word_1_199' title='bbox 941 2805 1080 2842; x_wconf 78' lang='lat' dir='ltr'>vero</span> <span class='ocrx_word' id='word_1_200' title='bbox 1116 2806 1230 2842; x_wconf 91' lang='lat' dir='ltr'>non</span> <span class='ocrx_word' id='word_1_201' title='bbox 1269 2788 1533 2859; x_wconf 84' lang='lat' dir='ltr'>segniter</span> <span class='ocrx_word' id='word_1_202' title='bbox 1562 2787 1749 2858; x_wconf 86' lang='lat' dir='ltr'>jussis</span> <span class='ocrx_word' id='word_1_203' title='bbox 1788 2788 1916 2859; x_wconf 88' lang='lat' dir='ltr'>ejus</span> <span class='ocrx_word' id='word_1_204' title='bbox 1942 2793 2168 2858; x_wconf 88' lang='lat' dir='ltr'>parent,</span> <span class='ocrx_word' id='word_1_205' title='bbox 2197 2792 2258 2843; x_wconf 91' lang='lat' dir='ltr'>et</span> <span class='ocrx_word' id='word_1_206' title='bbox 2292 2792 2412 2842; x_wconf 86' lang='lat' dir='ltr'>tam</span> <span class='ocrx_word' id='word_1_207' title='bbox 2448 2788 2725 2853; x_wconf 80' lang='lat' dir='ltr'>animose,</span> <span class='ocrx_word' id='word_1_208' title='bbox 2763 2794 2879 2842; x_wconf 88' lang='lat' dir='ltr'>tam</span> 
     </span>
     <span class='ocr_line' id='line_1_24' title="bbox 777 2870 2879 2944; baseline 0 -19"><span class='ocrx_word' id='word_1_209' title='bbox 777 2870 975 2937; x_wconf 90' lang='lat' dir='ltr'>dense,</span> <span class='ocrx_word' id='word_1_210' title='bbox 1041 2872 1289 2943; x_wconf 84' lang='lat' dir='ltr'>sagittas</span> <span class='ocrx_word' id='word_1_211' title='bbox 1344 2873 1409 2926; x_wconf 90' lang='lat' dir='ltr'>in</span> <span class='ocrx_word' id='word_1_212' title='bbox 1466 2872 1667 2927; x_wconf 83' lang='lat' dir='ltr'>hostes</span> <span class='ocrx_word' id='word_1_213' title='bbox 1728 2873 2023 2937; x_wconf 86' lang='lat' dir='ltr'>emittunt,</span> <span class='ocrx_word' id='word_1_214' title='bbox 2079 2878 2148 2927; x_wconf 87' lang='lat' dir='ltr'>ut</span> <span class='ocrx_word' id='word_1_215' title='bbox 2206 2878 2521 2944; x_wconf 82' lang='lat' dir='ltr'>tempestas</span> <span class='ocrx_word' id='word_1_216' title='bbox 2582 2871 2879 2943; x_wconf 83' lang='lat' dir='ltr'>grandinis</span> 
     </span>
     <span class='ocr_line' id='line_1_25' title="bbox 777 2955 2875 3029; baseline 0 -19"><span class='ocrx_word' id='word_1_217' title='bbox 777 2955 1128 3011; x_wconf 86' lang='lat' dir='ltr'>descendere</span> <span class='ocrx_word' id='word_1_218' title='bbox 1165 2957 1470 3012; x_wconf 82' lang='lat' dir='ltr'>consuevit</span> <span class='ocrx_word' id='word_1_219' title='bbox 1503 2957 1566 3011; x_wconf 87' lang='lat' dir='ltr'>in</span> <span class='ocrx_word' id='word_1_220' title='bbox 1602 2962 1737 3011; x_wconf 86' lang='lat' dir='ltr'>ortu</span> <span class='ocrx_word' id='word_1_221' title='bbox 1773 2957 1951 3029; x_wconf 90' lang='lat' dir='ltr'>primi</span> <span class='ocrx_word' id='word_1_222' title='bbox 1986 2958 2161 3011; x_wconf 83' lang='lat' dir='ltr'>veris.</span> <span class='ocrx_word' id='word_1_223' title='bbox 2236 2956 2431 3027; x_wconf 88' lang='lat' dir='ltr'>Igitur</span> <span class='ocrx_word' id='word_1_224' title='bbox 2465 2956 2665 3012; x_wconf 88' lang='lat' dir='ltr'>nullus</span> <span class='ocrx_word' id='word_1_225' title='bbox 2698 2957 2875 3020; x_wconf 71' lang='lat' dir='ltr'>locuS,</span> 
     </span>
     <span class='ocr_line' id='line_1_26' title="bbox 777 3039 2879 3113; baseline 0 -19"><span class='ocrx_word' id='word_1_226' title='bbox 777 3040 974 3095; x_wconf 87' lang='lat' dir='ltr'>nullus</span> <span class='ocrx_word' id='word_1_227' title='bbox 1000 3041 1272 3112; x_wconf 73' lang='lat' dir='ltr'>anguine,</span> <span class='ocrx_word' id='word_1_228' title='bbox 1300 3039 1322 3071; x_wconf 73' lang='lat'>‘²</span> <span class='ocrx_word' id='word_1_229' title='bbox 1345 3039 1429 3110; x_wconf 86' lang='lat' dir='ltr'>[a]</span> <span class='ocrx_word' id='word_1_230' title='bbox 1472 3041 1693 3112; x_wconf 85' lang='lat' dir='ltr'>sagitta</span> <span class='ocrx_word' id='word_1_231' title='bbox 1716 3041 1949 3096; x_wconf 83' lang='lat' dir='ltr'>volante</span> <span class='ocrx_word' id='word_1_232' title='bbox 1974 3042 2170 3096; x_wconf 77' lang='lat' dir='ltr'>&#39;tutus</span> <span class='ocrx_word' id='word_1_233' title='bbox 2197 3046 2341 3105; x_wconf 87' lang='lat' dir='ltr'>erat,</span> <span class='ocrx_word' id='word_1_234' title='bbox 2371 3041 2513 3112; x_wconf 88' lang='lat' dir='ltr'>quin</span> <span class='ocrx_word' id='word_1_235' title='bbox 2552 3041 2879 3113; x_wconf 87' lang='lat' dir='ltr'>ubicunque</span> 
     </span>
     <span class='ocr_line' id='line_1_27' title="bbox 777 3123 2875 3196; baseline 0.002 -19"><span class='ocrx_word' id='word_1_236' title='bbox 777 3123 1040 3180; x_wconf 87' lang='lat' dir='ltr'>locorum</span> <span class='ocrx_word' id='word_1_237' title='bbox 1072 3130 1481 3180; x_wconf 85' lang='lat' dir='ltr'>concesserant</span> <span class='ocrx_word' id='word_1_238' title='bbox 1510 3125 1729 3191; x_wconf 83' lang='lat' dir='ltr'>hostes,</span> <span class='ocrx_word' id='word_1_239' title='bbox 1765 3126 1865 3181; x_wconf 86' lang='lat' dir='ltr'>vel</span> <span class='ocrx_word' id='word_1_240' title='bbox 1895 3125 2270 3191; x_wconf 69' lang='lat' dir='ltr'>laederentur,</span> <span class='ocrx_word' id='word_1_241' title='bbox 2304 3127 2401 3180; x_wconf 84' lang='lat' dir='ltr'>vel</span> <span class='ocrx_word' id='word_1_242' title='bbox 2432 3126 2875 3196; x_wconf 86' lang='lat' dir='ltr'>configerentur,</span> 
     </span>
     <span class='ocr_line' id='line_1_28' title="bbox 774 3208 2878 3282; baseline 0.001 -20"><span class='ocrx_word' id='word_1_243' title='bbox 774 3208 792 3234; x_wconf 79' lang='lat'>⁴</span> <span class='ocrx_word' id='word_1_244' title='bbox 811 3209 905 3264; x_wconf 82' lang='lat' dir='ltr'>vel</span> <span class='ocrx_word' id='word_1_245' title='bbox 943 3210 1152 3265; x_wconf 86' lang='lat' dir='ltr'>saltem</span> <span class='ocrx_word' id='word_1_246' title='bbox 1187 3228 1293 3281; x_wconf 88' lang='lat' dir='ltr'>per</span> <span class='ocrx_word' id='word_1_247' title='bbox 1331 3211 1580 3280; x_wconf 84' lang='lat' dir='ltr'>sagittas</span> <span class='ocrx_word' id='word_1_248' title='bbox 1619 3209 2049 3282; x_wconf 88' lang='lat' dir='ltr'>impedirentur</span> <span class='ocrx_word' id='word_1_249' title='bbox 2103 3229 2140 3265; x_wconf 87' lang='lat' dir='ltr'>a</span> <span class='ocrx_word' id='word_1_250' title='bbox 2188 3211 2435 3281; x_wconf 87' lang='lat' dir='ltr'>coeptis;</span> <span class='ocrx_word' id='word_1_251' title='bbox 2489 3212 2693 3281; x_wconf 86' lang='lat' dir='ltr'>sicque</span> <span class='ocrx_word' id='word_1_252' title='bbox 2740 3210 2878 3265; x_wconf 90' lang='lat' dir='ltr'>dum</span> 
     </span>
     <span class='ocr_line' id='line_1_29' title="bbox 777 3293 2874 3366; baseline 0.001 -18"><span class='ocrx_word' id='word_1_253' title='bbox 777 3294 1070 3365; x_wconf 86' lang='lat' dir='ltr'>sagittarii</span> <span class='ocrx_word' id='word_1_254' title='bbox 1101 3295 1347 3359; x_wconf 88' lang='lat' dir='ltr'>eminus,</span> <span class='ocrx_word' id='word_1_255' title='bbox 1386 3293 1743 3364; x_wconf 86' lang='lat' dir='ltr'>gladiatores</span> <span class='ocrx_word' id='word_1_256' title='bbox 1772 3295 1978 3359; x_wconf 87' lang='lat' dir='ltr'>nostri,</span> <span class='ocrx_word' id='word_1_257' title='bbox 2005 3313 2123 3350; x_wconf 91' lang='lat' dir='ltr'>non</span> <span class='ocrx_word' id='word_1_258' title='bbox 2152 3296 2494 3361; x_wconf 89' lang='lat' dir='ltr'>comminus,</span> <span class='ocrx_word' id='word_1_259' title='bbox 2521 3295 2874 3366; x_wconf 81' lang='lat' dir='ltr'>prceliantes,</span> 
     </span>
     <span class='ocr_line' id='line_1_30' title="bbox 776 3377 2877 3447; baseline 0.001 -16"><span class='ocrx_word' id='word_1_260' title='bbox 776 3384 981 3447; x_wconf 88' lang='lat' dir='ltr'>parata</span> <span class='ocrx_word' id='word_1_261' title='bbox 1027 3383 1118 3433; x_wconf 89' lang='lat' dir='ltr'>est</span> <span class='ocrx_word' id='word_1_262' title='bbox 1169 3378 1268 3432; x_wconf 80' lang='lat' dir='ltr'>via</span> <span class='ocrx_word' id='word_1_263' title='bbox 1321 3384 1383 3432; x_wconf 91' lang='lat' dir='ltr'>et</span> <span class='ocrx_word' id='word_1_264' title='bbox 1430 3378 1657 3433; x_wconf 86' lang='lat' dir='ltr'>occasio</span> <span class='ocrx_word' id='word_1_265' title='bbox 1710 3377 1993 3433; x_wconf 73' lang='lat' dir='ltr'>‘navibus</span> <span class='ocrx_word' id='word_1_266' title='bbox 2045 3379 2329 3435; x_wconf 87' lang='lat' dir='ltr'>onerariis</span> <span class='ocrx_word' id='word_1_267' title='bbox 2379 3378 2680 3439; x_wconf 80' lang='lat' dir='ltr'>evadendi.</span> <span class='ocrx_word' id='word_1_268' title='bbox 2752 3378 2877 3433; x_wconf 83' lang='lat' dir='ltr'>Nec</span> 
     </span>
     <span class='ocr_line' id='line_1_31' title="bbox 775 3461 2876 3534; baseline 0.001 -18"><span class='ocrx_word' id='word_1_269' title='bbox 775 3462 941 3532; x_wconf 89' lang='lat' dir='ltr'>prius</span> <span class='ocrx_word' id='word_1_270' title='bbox 979 3462 1206 3517; x_wconf 88' lang='lat' dir='ltr'>destitit</span> <span class='ocrx_word' id='word_1_271' title='bbox 1235 3463 1435 3533; x_wconf 90' lang='lat' dir='ltr'>Hug0,</span> <span class='ocrx_word' id='word_1_272' title='bbox 1474 3461 1855 3534; x_wconf 87' lang='lat' dir='ltr'>quoadusque</span> <span class='ocrx_word' id='word_1_273' title='bbox 1892 3481 2093 3519; x_wconf 88' lang='lat' dir='ltr'>omnes</span> <span class='ocrx_word' id='word_1_274' title='bbox 2130 3463 2439 3534; x_wconf 75' lang='lat' dir='ltr'>praedictas</span> <span class='ocrx_word' id='word_1_275' title='bbox 2473 3482 2653 3520; x_wconf 79' lang='lat' dir='ltr'>naves</span> <span class='ocrx_word' id='word_1_276' title='bbox 2694 3469 2876 3519; x_wconf 78' lang='lat' dir='ltr'>tutam</span> 
     </span>
     <span class='ocr_line' id='line_1_32' title="bbox 776 3546 2871 3619; baseline 0.001 -19"><span class='ocrx_word' id='word_1_277' title='bbox 776 3547 1085 3601; x_wconf 88' lang='lat' dir='ltr'>stationem</span> <span class='ocrx_word' id='word_1_278' title='bbox 1133 3548 1358 3618; x_wconf 84' lang='lat' dir='ltr'>cepisse</span> <span class='ocrx_word' id='word_1_279' title='bbox 1407 3546 1656 3602; x_wconf 80' lang='lat' dir='ltr'>viderat.</span> <span class='ocrx_word' id='word_1_280' title='bbox 1733 3548 1897 3601; x_wconf 83' lang='lat' dir='ltr'>Tunc</span> <span class='ocrx_word' id='word_1_281' title='bbox 1945 3546 2183 3603; x_wconf 89' lang='lat' dir='ltr'>demum</span> <span class='ocrx_word' id='word_1_282' title='bbox 2219 3554 2281 3603; x_wconf 91' lang='lat' dir='ltr'>et</span> <span class='ocrx_word' id='word_1_283' title='bbox 2313 3549 2440 3619; x_wconf 91' lang='lat' dir='ltr'>ipse</span> <span class='ocrx_word' id='word_1_284' title='bbox 2475 3548 2871 3619; x_wconf 59' lang='lat' dir='ltr'>’obsequitun</span> 
     </span>
     <span class='ocr_line' id='line_1_33' title="bbox 775 3630 2873 3703; baseline 0.001 -17"><span class='ocrx_word' id='word_1_285' title='bbox 775 3630 974 3687; x_wconf 89' lang='lat' dir='ltr'>hostes</span> <span class='ocrx_word' id='word_1_286' title='bbox 1001 3631 1255 3686; x_wconf 80' lang='lat' dir='ltr'>viriliter</span> <span class='ocrx_word' id='word_1_287' title='bbox 1283 3649 1320 3686; x_wconf 84' lang='lat' dir='ltr'>a</span> <span class='ocrx_word' id='word_1_288' title='bbox 1351 3649 1460 3687; x_wconf 80' lang='lat' dir='ltr'>sua</span> <span class='ocrx_word' id='word_1_289' title='bbox 1486 3637 1612 3687; x_wconf 89' lang='lat' dir='ltr'>rate</span> <span class='ocrx_word' id='word_1_290' title='bbox 1643 3631 2013 3703; x_wconf 84' lang='lat' dir='ltr'>proturbans,</span> <span class='ocrx_word' id='word_1_291' title='bbox 2048 3632 2151 3702; x_wconf 90' lang='lat' dir='ltr'>qui</span> <span class='ocrx_word' id='word_1_292' title='bbox 2184 3649 2319 3687; x_wconf 88' lang='lat' dir='ltr'>eum</span> <span class='ocrx_word' id='word_1_293' title='bbox 2348 3633 2598 3689; x_wconf 88' lang='lat' dir='ltr'>insecuti</span> <span class='ocrx_word' id='word_1_294' title='bbox 2631 3634 2873 3696; x_wconf 82' lang='lat' dir='ltr'>fuerant,</span> 
     </span>
     <span class='ocr_line' id='line_1_34' title="bbox 777 3715 2876 3788; baseline 0.001 -18"><span class='ocrx_word' id='word_1_295' title='bbox 777 3721 838 3770; x_wconf 88' lang='lat' dir='ltr'>et</span> <span class='ocrx_word' id='word_1_296' title='bbox 873 3733 1075 3770; x_wconf 90' lang='lat' dir='ltr'>eorum</span> <span class='ocrx_word' id='word_1_297' title='bbox 1123 3721 1361 3771; x_wconf 90' lang='lat' dir='ltr'>conatus</span> <span class='ocrx_word' id='word_1_298' title='bbox 1410 3722 1533 3771; x_wconf 87' lang='lat' dir='ltr'>tam</span> <span class='ocrx_word' id='word_1_299' title='bbox 1579 3717 1640 3771; x_wconf 88' lang='lat' dir='ltr'>vi</span> <span class='ocrx_word' id='word_1_300' title='bbox 1679 3734 1857 3786; x_wconf 90' lang='lat' dir='ltr'>quam</span> <span class='ocrx_word' id='word_1_301' title='bbox 1904 3721 2038 3771; x_wconf 85' lang='lat' dir='ltr'>astu</span> <span class='ocrx_word' id='word_1_302' title='bbox 2085 3715 2389 3783; x_wconf 87' lang='lat' dir='ltr'>deludens,</span> <span class='ocrx_word' id='word_1_303' title='bbox 2442 3716 2624 3773; x_wconf 90' lang='lat' dir='ltr'>donec</span> <span class='ocrx_word' id='word_1_304' title='bbox 2660 3723 2721 3773; x_wconf 91' lang='lat' dir='ltr'>et</span> <span class='ocrx_word' id='word_1_305' title='bbox 2754 3718 2876 3788; x_wconf 83' lang='lat' dir='ltr'>ipse</span> 
     </span>
     <span class='ocr_line' id='line_1_35' title="bbox 776 3799 1978 3871; baseline 0 -16"><span class='ocrx_word' id='word_1_306' title='bbox 776 3817 911 3855; x_wconf 90' lang='lat' dir='ltr'>cum</span> <span class='ocrx_word' id='word_1_307' title='bbox 948 3800 1071 3855; x_wconf 90' lang='lat' dir='ltr'>suis</span> <span class='ocrx_word' id='word_1_308' title='bbox 1106 3807 1342 3871; x_wconf 91' lang='lat' dir='ltr'>portum</span> <span class='ocrx_word' id='word_1_309' title='bbox 1377 3799 1584 3856; x_wconf 86' lang='lat' dir='ltr'>salutis</span> <span class='ocrx_word' id='word_1_310' title='bbox 1617 3801 1978 3856; x_wconf 86' lang='lat' dir='ltr'>reintrasset.</span> 
     </span>
    </p>

    <p class='ocr_par' dir='ltr' id='par_1_4' title="bbox 441 3880 2876 3960">
     <span class='ocr_line' id='line_1_36' title="bbox 441 3880 2876 3960; baseline -0 -20"><span class='ocrx_word' id='word_1_311' title='bbox 441 3880 701 3960; x_wconf 53' lang='grc' dir='ltr'>ᾼᾱωίηχ</span> <span class='ocrx_word' id='word_1_312' title='bbox 847 3882 1136 3940; x_wconf 88' lang='lat' dir='ltr'>Viderant</span> <span class='ocrx_word' id='word_1_313' title='bbox 1169 3884 1295 3940; x_wconf 84' lang='lat' dir='ltr'>haec</span> <span class='ocrx_word' id='word_1_314' title='bbox 1332 3884 1526 3940; x_wconf 90' lang='lat' dir='ltr'>omnia</span> <span class='ocrx_word' id='word_1_315' title='bbox 1558 3902 1677 3939; x_wconf 89' lang='lat' dir='ltr'>una</span> <span class='ocrx_word' id='word_1_316' title='bbox 1710 3890 1877 3955; x_wconf 85' lang='lat' dir='ltr'>parte</span> <span class='ocrx_word' id='word_1_317' title='bbox 1902 3885 2196 3950; x_wconf 88' lang='lat' dir='ltr'>Britones,</span> <span class='ocrx_word' id='word_1_318' title='bbox 2236 3901 2371 3940; x_wconf 87' lang='lat' dir='ltr'>cum</span> <span class='ocrx_word' id='word_1_319' title='bbox 2408 3902 2515 3941; x_wconf 88' lang='lat' dir='ltr'>suo</span> <span class='ocrx_word' id='word_1_320' title='bbox 2551 3885 2734 3949; x_wconf 89' lang='lat' dir='ltr'>Duce,</span> <span class='ocrx_word' id='word_1_321' title='bbox 2774 3885 2876 3956; x_wconf 90' lang='lat' dir='ltr'>qui</span> 
     </span>
    </p>

    <p class='ocr_par' dir='ltr' id='par_1_5' title="bbox 442 3950 2878 4065">
     <span class='ocr_line' id='line_1_37' title="bbox 442 3950 2878 4065; baseline 0 -42"><span class='ocrx_word' id='word_1_322' title='bbox 442 3955 550 4065; x_wconf 57' lang='lat'>”21¹²</span> <span class='ocrx_word' id='word_1_323' title='bbox 576 3950 636 3999; x_wconf 78' lang='lat' dir='ltr'>⁰f</span> <span class='ocrx_word' id='word_1_324' title='bbox 649 3950 732 3998; x_wconf 75' lang='lat'>¹¹¹⁸</span> <span class='ocrx_word' id='word_1_325' title='bbox 777 3968 852 4023; x_wconf 91' lang='lat' dir='ltr'>ob</span> <span class='ocrx_word' id='word_1_326' title='bbox 906 3969 1062 4025; x_wconf 77' lang='lat' dir='ltr'>facta</span> <span class='ocrx_word' id='word_1_327' title='bbox 1110 3969 1285 4025; x_wconf 86' lang='lat' dir='ltr'>fortia</span> <span class='ocrx_word' id='word_1_328' title='bbox 1333 3968 1597 4040; x_wconf 85' lang='lat' dir='ltr'>ejusdem</span> <span class='ocrx_word' id='word_1_329' title='bbox 1649 3966 1944 4040; x_wconf 87' lang='lat' dir='ltr'>Hugonis,</span> <span class='ocrx_word' id='word_1_330' title='bbox 1999 3976 2062 4024; x_wconf 89' lang='lat' dir='ltr'>et</span> <span class='ocrx_word' id='word_1_331' title='bbox 2108 3968 2439 4040; x_wconf 88' lang='lat' dir='ltr'>Anglorum</span> <span class='ocrx_word' id='word_1_332' title='bbox 2490 3971 2591 4041; x_wconf 88' lang='lat' dir='ltr'>qui</span> <span class='ocrx_word' id='word_1_333' title='bbox 2642 3988 2775 4025; x_wconf 89' lang='lat' dir='ltr'>cum</span> <span class='ocrx_word' id='word_1_334' title='bbox 2810 3987 2878 4024; x_wconf 88' lang='lat' dir='ltr'>eo</span> 
     </span>
    </p>

    <p class='ocr_par' dir='ltr' id='par_1_6' title="bbox 444 4031 2880 4145">
     <span class='ocr_line' id='line_1_38' title="bbox 444 4031 2880 4145; baseline 0.002 -40"><span class='ocrx_word' id='word_1_335' title='bbox 444 4031 711 4145; x_wconf 55' lang='grc' dir='ltr'>ἔχροιζδεᾶ</span> <span class='ocrx_word' id='word_1_336' title='bbox 779 4053 1028 4117; x_wconf 82' lang='lat' dir='ltr'>fuerant,</span> <span class='ocrx_word' id='word_1_337' title='bbox 1067 4052 1133 4107; x_wconf 92' lang='lat' dir='ltr'>in</span> <span class='ocrx_word' id='word_1_338' title='bbox 1165 4058 1396 4108; x_wconf 87' lang='lat' dir='ltr'>tantum</span> <span class='ocrx_word' id='word_1_339' title='bbox 1443 4071 1701 4109; x_wconf 85' lang='lat' dir='ltr'>amorem</span> <span class='ocrx_word' id='word_1_340' title='bbox 1749 4072 1953 4109; x_wconf 88' lang='lat' dir='ltr'>eorum</span> <span class='ocrx_word' id='word_1_341' title='bbox 2000 4059 2360 4119; x_wconf 80' lang='lat' dir='ltr'>exarserunt,</span> <span class='ocrx_word' id='word_1_342' title='bbox 2414 4053 2569 4124; x_wconf 89' lang='lat' dir='ltr'>quod</span> <span class='ocrx_word' id='word_1_343' title='bbox 2602 4054 2784 4109; x_wconf 78' lang='lat' dir='ltr'>vitam</span> <span class='ocrx_word' id='word_1_344' title='bbox 2821 4059 2880 4109; x_wconf 89' lang='lat' dir='ltr'>et</span> 
     </span>
    </p>

    <p class='ocr_par' dir='ltr' id='par_1_7' title="bbox 441 4134 2879 4219">
     <span class='ocr_line' id='line_1_39' title="bbox 441 4134 2879 4219; baseline 0 -26"><span class='ocrx_word' id='word_1_345' title='bbox 441 4149 512 4212; x_wconf 81' lang='lat' dir='ltr'>by</span> <span class='ocrx_word' id='word_1_346' title='bbox 535 4149 619 4199; x_wconf 78' lang='lat' dir='ltr'>the</span> <span class='ocrx_word' id='word_1_347' title='bbox 779 4137 1032 4193; x_wconf 78' lang='lat' dir='ltr'>animam</span> <span class='ocrx_word' id='word_1_348' title='bbox 1067 4156 1173 4208; x_wconf 88' lang='lat' dir='ltr'>pro</span> <span class='ocrx_word' id='word_1_349' title='bbox 1213 4138 1299 4193; x_wconf 87' lang='lat' dir='ltr'>eis</span> <span class='ocrx_word' id='word_1_350' title='bbox 1340 4155 1574 4209; x_wconf 88' lang='lat' dir='ltr'>ponere,</span> <span class='ocrx_word' id='word_1_351' title='bbox 1616 4134 1669 4194; x_wconf 86' lang='lat' dir='ltr'>si</span> <span class='ocrx_word' id='word_1_352' title='bbox 1704 4139 2022 4194; x_wconf 85' lang='lat' dir='ltr'>necessitas</span> <span class='ocrx_word' id='word_1_353' title='bbox 2071 4138 2183 4193; x_wconf 92' lang='lat' dir='ltr'>hoc</span> <span class='ocrx_word' id='word_1_354' title='bbox 2234 4138 2513 4219; x_wconf 82' lang='lat' dir='ltr'>exigeret,</span> <span class='ocrx_word' id='word_1_355' title='bbox 2553 4156 2685 4193; x_wconf 90' lang='lat' dir='ltr'>cum</span> <span class='ocrx_word' id='word_1_356' title='bbox 2717 4139 2879 4209; x_wconf 83' lang='lat' dir='ltr'>jura-</span> 
     </span>
    </p>
   </div>
   <div class='ocr_carea' id='block_1_3' title="bbox 439 4215 2868 4348">
    <p class='ocr_par' dir='ltr' id='par_1_8' title="bbox 439 4215 2868 4348">
     <span class='ocr_line' id='line_1_40' title="bbox 440 4215 673 4265; baseline 0.009 -2"><span class='ocrx_word' id='word_1_357' title='bbox 440 4215 592 4265; x_wconf 77' lang='lat' dir='ltr'>Duke</span> <span class='ocrx_word' id='word_1_358' title='bbox 614 4217 673 4265; x_wconf 82' lang='lat' dir='ltr'>of</span> 
     </span>
     <span class='ocr_line' id='line_1_41' title="bbox 439 4283 2868 4348; baseline 0.002 -16"><span class='ocrx_word' id='word_1_359' title='bbox 439 4283 707 4348; x_wconf 82' lang='lat' dir='ltr'>Bretagne,</span> <span class='ocrx_word' id='word_1_360' title='bbox 791 4325 1062 4335; x_wconf 44' lang='lat' dir='ltr'>...n-„m</span> <span class='ocrx_word' id='word_1_361' title='bbox 1197 4324 1941 4335; x_wconf 51' lang='lat' dir='ltr'>mm.</span> <span class='ocrx_word' id='word_1_362' title='bbox 2018 4328 2201 4334; x_wconf 42' lang='lat' dir='ltr'>--m-„-</span> <span class='ocrx_word' id='word_1_363' title='bbox 2264 4329 2353 4334; x_wconf 62' lang='grc'>,.,</span> <span class='ocrx_word' id='word_1_364' title='bbox 2414 4328 2729 4336; x_wconf 55' lang='grc' dir='ltr'>Μ-,---</span> <span class='ocrx_word' id='word_1_365' title='bbox 2760 4329 2868 4337; x_wconf 70' lang='grc'>..-</span> 
     </span>
    </p>
   </div>
   <div class='ocr_carea' id='block_1_4' title="bbox 774 4455 2881 4843">
    <p class='ocr_par' dir='ltr' id='par_1_9' title="bbox 774 4455 2881 4843">
     <span class='ocr_line' id='line_1_42' title="bbox 843 4455 2718 4523; baseline 0.003 -19"><span class='ocrx_word' id='word_1_366' title='bbox 843 4456 856 4486; x_wconf 85' lang='lat'>¹</span> <span class='ocrx_word' id='word_1_367' title='bbox 875 4455 1146 4521; x_wconf 65' lang='lat' dir='ltr'>praevalent</span> <span class='ocrx_word' id='word_1_368' title='bbox 1199 4456 1255 4505; x_wconf 89' lang='lat' dir='ltr'>in</span> <span class='ocrx_word' id='word_1_369' title='bbox 1333 4456 1484 4521; x_wconf 82' lang='lat' dir='ltr'>orig.;</span> <span class='ocrx_word' id='word_1_370' title='bbox 1539 4455 1639 4508; x_wconf 85' lang='lat' dir='ltr'>and</span> <span class='ocrx_word' id='word_1_371' title='bbox 1694 4456 1778 4507; x_wconf 79' lang='lat' dir='ltr'>the</span> <span class='ocrx_word' id='word_1_372' title='bbox 1947 4460 1967 4488; x_wconf 76' lang='lat'>²</span> <span class='ocrx_word' id='word_1_373' title='bbox 1991 4464 2142 4509; x_wconf 69' lang='lat' dir='ltr'>tecm</span> <span class='ocrx_word' id='word_1_374' title='bbox 2160 4456 2217 4507; x_wconf 87' lang='lat' dir='ltr'>iu</span> <span class='ocrx_word' id='word_1_375' title='bbox 2242 4457 2327 4510; x_wconf 84' lang='lat' dir='ltr'>the</span> <span class='ocrx_word' id='word_1_376' title='bbox 2348 4456 2545 4523; x_wconf 76' lang='lat' dir='ltr'>printed</span> <span class='ocrx_word' id='word_1_377' title='bbox 2569 4464 2718 4510; x_wconf 78' lang='lat' dir='ltr'>texts.</span> 
     </span>
     <span class='ocr_line' id='line_1_43' title="bbox 774 4535 2618 4603; baseline 0.003 -19"><span class='ocrx_word' id='word_1_378' title='bbox 774 4535 974 4600; x_wconf 82' lang='lat' dir='ltr'>printed</span> <span class='ocrx_word' id='word_1_379' title='bbox 991 4542 1140 4588; x_wconf 71' lang='lat' dir='ltr'>textS.</span> <span class='ocrx_word' id='word_1_380' title='bbox 1209 4537 1479 4587; x_wconf 84' lang='lat' dir='ltr'>Corrected</span> <span class='ocrx_word' id='word_1_381' title='bbox 1495 4538 1623 4589; x_wconf 71' lang='lat' dir='ltr'>stom</span> <span class='ocrx_word' id='word_1_382' title='bbox 1639 4537 1774 4589; x_wconf 90' lang='lat' dir='ltr'>Bibl.</span> <span class='ocrx_word' id='word_1_383' title='bbox 1832 4586 1836 4603; x_wconf 78' lang='grc'>,</span> <span class='ocrx_word' id='word_1_384' title='bbox 1947 4538 1965 4567; x_wconf 84' lang='lat'><strong>⁴</strong></span> <span class='ocrx_word' id='word_1_385' title='bbox 1991 4546 2043 4587; x_wconf 80' lang='lat' dir='ltr'>nt</span> <span class='ocrx_word' id='word_1_386' title='bbox 2062 4539 2117 4587; x_wconf 87' lang='lat' dir='ltr'>in</span> <span class='ocrx_word' id='word_1_387' title='bbox 2143 4539 2227 4589; x_wconf 83' lang='lat' dir='ltr'>the</span> <span class='ocrx_word' id='word_1_388' title='bbox 2249 4540 2450 4603; x_wconf 79' lang='lat' dir='ltr'>printed</span> <span class='ocrx_word' id='word_1_389' title='bbox 2469 4547 2618 4590; x_wconf 81' lang='lat' dir='ltr'>texts.</span> 
     </span>
     <span class='ocr_line' id='line_1_44' title="bbox 774 4616 2881 4685; baseline 0.002 -20"><span class='ocrx_word' id='word_1_390' title='bbox 774 4616 900 4681; x_wconf 82' lang='lat' dir='ltr'>Reg.</span> <span class='ocrx_word' id='word_1_391' title='bbox 934 4621 991 4664; x_wconf 89' lang='grc'>13</span> <span class='ocrx_word' id='word_1_392' title='bbox 1017 4616 1077 4665; x_wconf 80' lang='grc' dir='ltr'>Ε.</span> <span class='ocrx_word' id='word_1_393' title='bbox 1100 4616 1173 4665; x_wconf 82' lang='lat' dir='ltr'>ix.</span> <span class='ocrx_word' id='word_1_394' title='bbox 1830 4624 1836 4685; x_wconf 59' lang='grc' dir='ltr'>ᾗ</span> <span class='ocrx_word' id='word_1_395' title='bbox 1944 4617 2205 4667; x_wconf 63' lang='lat' dir='ltr'>“manibus</span> <span class='ocrx_word' id='word_1_396' title='bbox 2244 4618 2299 4667; x_wconf 90' lang='lat' dir='ltr'>in</span> <span class='ocrx_word' id='word_1_397' title='bbox 2354 4619 2500 4685; x_wconf 66' lang='lat' dir='ltr'>orig„</span> <span class='ocrx_word' id='word_1_398' title='bbox 2540 4620 2612 4684; x_wconf 80' lang='lat' dir='ltr'>by</span> <span class='ocrx_word' id='word_1_399' title='bbox 2644 4616 2881 4671; x_wconf 65' lang='lat' dir='ltr'>inadver-</span> 
     </span>
     <span class='ocr_line' id='line_1_45' title="bbox 842 4694 2040 4764; baseline 0.002 -18"><span class='ocrx_word' id='word_1_400' title='bbox 842 4696 862 4724; x_wconf 73' lang='lat'><em>2</em></span> <span class='ocrx_word' id='word_1_401' title='bbox 887 4695 1126 4759; x_wconf 86' lang='lat' dir='ltr'>Supplied</span> <span class='ocrx_word' id='word_1_402' title='bbox 1148 4696 1278 4745; x_wconf 72' lang='lat' dir='ltr'>from</span> <span class='ocrx_word' id='word_1_403' title='bbox 1299 4696 1434 4748; x_wconf 86' lang='lat' dir='ltr'>Bibl.</span> <span class='ocrx_word' id='word_1_404' title='bbox 1457 4697 1581 4764; x_wconf 81' lang='lat' dir='ltr'>Reg.</span> <span class='ocrx_word' id='word_1_405' title='bbox 1619 4700 1681 4747; x_wconf 83' lang='lat'>13</span> <span class='ocrx_word' id='word_1_406' title='bbox 1711 4697 1771 4747; x_wconf 86' lang='lat' dir='ltr'>E.</span> <span class='ocrx_word' id='word_1_407' title='bbox 1830 4694 1835 4743; x_wconf 79' lang='lat' dir='ltr'>i</span> <span class='ocrx_word' id='word_1_408' title='bbox 1879 4704 2040 4748; x_wconf 86' lang='lat' dir='ltr'>tence.</span> 
     </span>
     <span class='ocr_line' id='line_1_46' title="bbox 775 4768 2839 4843; baseline 0.005 -20"><span class='ocrx_word' id='word_1_409' title='bbox 775 4774 874 4824; x_wconf 61' lang='lat' dir='ltr'>ix:</span> <span class='ocrx_word' id='word_1_410' title='bbox 916 4775 1124 4824; x_wconf 84' lang='lat' dir='ltr'>omitted</span> <span class='ocrx_word' id='word_1_411' title='bbox 1141 4774 1196 4823; x_wconf 89' lang='lat' dir='ltr'>in</span> <span class='ocrx_word' id='word_1_412' title='bbox 1217 4776 1303 4826; x_wconf 86' lang='lat' dir='ltr'>the</span> <span class='ocrx_word' id='word_1_413' title='bbox 1325 4778 1522 4840; x_wconf 80' lang='lat' dir='ltr'>printed</span> <span class='ocrx_word' id='word_1_414' title='bbox 1539 4785 1688 4827; x_wconf 80' lang='lat' dir='ltr'>texts,</span> <span class='ocrx_word' id='word_1_415' title='bbox 1828 4768 1835 4838; x_wconf 69' lang='lat' dir='ltr'><strong>j</strong></span> <span class='ocrx_word' id='word_1_416' title='bbox 1943 4779 1963 4808; x_wconf 80' lang='lat'>⁸</span> <span class='ocrx_word' id='word_1_417' title='bbox 1986 4777 2255 4843; x_wconf 73' lang='lat' dir='ltr'>insequitur</span> <span class='ocrx_word' id='word_1_418' title='bbox 2276 4776 2332 4830; x_wconf 88' lang='lat' dir='ltr'>in</span> <span class='ocrx_word' id='word_1_419' title='bbox 2355 4776 2438 4830; x_wconf 84' lang='lat' dir='ltr'>the</span> <span class='ocrx_word' id='word_1_420' title='bbox 2462 4775 2661 4843; x_wconf 82' lang='lat' dir='ltr'>printed</span> <span class='ocrx_word' id='word_1_421' title='bbox 2681 4785 2839 4833; x_wconf 71' lang='lat' dir='ltr'>texts.</span> 
     </span>
    </p>
   </div>
  </div>
 </body>
</html>
