3300 5617
799 769 929 843 378
1453 786 1715 837 mom
1757 783 2227 837 wmncem

460 978 601 1029 ΑΒ.
630 980 772 1029 1378.
797 976 1066 1032 manibus
1116 976 1226 1032 sub
1272 974 1391 1032 hiis
1437 975 1636 1033 verbis
1685 975 1812 1031 Deo
1860 980 1921 1031 et
1965 975 2251 1031 Ecclesioe
2311 977 2776 1041 commendaret,
2833 976 2928 1031 in-
2951 976 3224 1027 nam

797 1061 1282 1132 quiens,-⁶⁶D00
1316 1078 1413 1115 mo
1447 1060 1648 1126 reddo,
1677 1060 1889 1116 talium
1913 1059 2266 1131 injuriarum
2287 1061 2529 1126 vindici,
2558 1067 2623 1116 et
2644 1061 2924 1116 uberum
2947 1045 3147 1121 1³01}ss

798 1148 836 1172 ‘⁶
867 1145 1095 1201 Sanctae
1113 1144 1324 1199 Matris
1349 1143 1694 1207 Ecclesiae,”
1721 1161 1873 1200 unus
1897 1161 2118 1209 eorum,
2147 1144 2303 1199 inter
2326 1145 2453 1200 haec
2476 1144 2679 1208 verba,
2708 1143 2925 1215 gladic
2949 1112 3014 1161 Ε·
3037 1126 3108 1163 ¹¹⁴

794 1229 1127 1300 percutiens
1164 1233 1343 1299 caput
1377 1228 1524 1298 ejus,
1566 1232 1580 1261 ¹
1602 1224 1791 1299 [eum]
1841 1228 1904 1282 in
1952 1227 2147 1293 choro,
2187 1245 2369 1300 prope
2405 1228 2592 1283 altare
2630 1234 2919 1292 stantem,

794 1313 1109 1369 crudeliter
1144 1312 1576 1378 excerebravit,
1561 1333 1576 1347 ·
1628 1311 1781 1367 alius
1829 1329 1969 1367 vero
2016 1311 2146 1383 ejus
2193 1330 2405 1384 corpus
2440 1314 2505 1368 in
2539 1313 2751 1369 eodem
2789 1331 2918 1368 mo·

462 1408 572 1456 One
588 1405 648 1454 of
661 1404 748 1454 the
793 1404 990 1453 mento
1024 1414 1301 1452 mucrone
1335 1396 1649 1451 transfodit
1695 1414 1731 1450 a
1775 1400 1963 1466 tergo.
2040 1396 2291 1465 Quidam
2327 1402 2522 1453 autem
2558 1415 2630 1452 ex
2667 1398 2918 1453 famulis

457 1481 682 1524 servamss
703 1471 810 1520 Of
792 1483 981 1553 ipsius
1017 1481 1298 1546 ecclesiae,
1327 1479 1431 1552 qui
1467 1485 1710 1535 conatus
1735 1480 1930 1536 fuerat
1952 1497 2051 1535 eos
2076 1481 2395 1551 impedisse
2417 1498 2455 1535 a
2475 1483 2626 1536 tanti
2662 1481 2917 1537 sceleris

459 1537 767 1655 Ἐῖιὲξωὴ
792 1565 1239 1636 perpetratione,
1279 1563 1686 1635 'praedicando
1721 1570 1899 1635 atque
1933 1563 2240 1628 monendo,
2279 1582 2354 1619 ne
2393 1564 2720 1620 verendum
2755 1564 2917 1620 illud

458 1671 603 1722 alain.
791 1649 1096 1719 templum,
1150 1648 1501 1705 miraculose
1556 1648 1629 1702 ab
1682 1647 2100 1718 Apostolorum
2135 1647 2413 1719 Principe
2443 1647 2804 1729 ‘dedicatum
2853 1656 2918 1705 et

791 1734 1073 1788 hactenus
1108 1731 1501 1804 impollutum,
1542 1729 1847 1797 foedarent‚
1886 1731 2194 1802 cujusdam
2237 1731 2460 1786 framea
2491 1749 2626 1787 mox
2661 1734 2725 1787 in
2778 1732 2918 1804 ipso

790 1817 919 1873 loco
988 1834 1095 1888 per
1165 1817 1354 1872 latera
1424 1815 1709 1887 trajectus
1781 1815 2027 1879 interiit,
2102 1822 2172 1871 ut
2241 1817 2556 1881 credimus,
2621 1818 2917 1889 martyrio

791 1906 1119 1957 coronatus.
1196 1900 1358 1956 Dicti
1408 1916 1548 1955 vero
1598 1899 1857 1954 ministri
1907 1899 2167 1964 sceleris,
2211 1898 2501 1972 'anteque
2537 1901 2912 1971 praeambuli,

790 2004 906 2041 non
959 1985 1249 2041 'contenti
1298 1990 1389 2041 tot
1435 1983 1776 2039 execrandis
1824 1983 2149 2049 maleficiis,
2207 1985 2394 2055 ipsius
2431 1985 2675 2040 Roberti
2712 1985 2917 2040 Haule

792 2069 1042 2125 cadaver
1109 2068 1131 2101 ⁶
1148 2070 1410 2124 exanime
1469 2086 1576 2139 per
1644 2068 1826 2140 pedes
1898 2068 2208 2139 arripiunt,
2271 2074 2333 2124 et
2401 2068 2552 2124 illud
2623 2068 2916 2124 horrende

792 2159 1142 2209 'tractantes
1178 2171 1285 2224 per
1322 2153 1784 2208 sacratissimum
1836 2152 2034 2207 locum
2088 2151 2271 2217 chori,
2311 2169 2381 2207 ac
2425 2169 2533 2223 per
2578 2153 2913 2217 ecclesiam,

794 2239 922 2309 ejus
960 2238 1245 2307 sanguine
1281 2238 1408 2293 sive
1444 2236 1685 2291 cerebro
1720 2242 1933 2292 cuncta
1966 2235 2275 2300 foedantes,
2304 2235 2543 2291 demum
2575 2235 2597 2274 ⁷
2613 2238 2918 2292 irruerent

795 2328 855 2376 et
876 2322 1033 2377 foras
1059 2321 1336 2391 ejiciunt-3
1364 2325 1569 2392 utpote
1596 2320 1782 2375 delire
1816 2319 2297 2386 ‘debacchantem
2326 2320 2429 2391 qui
2453 2337 2562 2375 nec
2585 2320 2918 2377 timuerunt

794 2405 988 2460 Deum
1022 2422 1131 2459 nec
1166 2404 1463 2459 hominem
1498 2408 1864 2459 reverentur.

868 2489 970 2543 Sic
1022 2505 1165 2544 vero
1218 2488 1589 2559 profanatum
1625 2493 1719 2543 est
1753 2487 2170 2551 sanctuarium,
2228 2486 2398 2558 luget
2459 2486 2637 2558 Syon,
2708 2488 2913 2545 Sancti

795 2572 959 2627 Petri
1019 2572 1340 2627 sacrarium
1388 2571 1553 2627 sedet
1611 2570 1675 2626 in
1723 2571 2002 2636 tristitia3
2054 2587 2267 2641 regum
2313 2571 2767 2643 receptaculum,
2806 2573 2914 2627 do·

794 2657 956 2710 mina
1002 2656 1399 2721 ecclesiarum,
1445 2656 1601 2711 facta
1654 2661 1746 2711 est
1793 2656 1857 2709 in
1910 2655 2288 2726 opprobrium
2348 2661 2410 2710 et
2459 2655 2738 2721 derisum,
2793 2658 2916 2712 viae

798 2740 958 2809 Syon
1004 2739 1228 2809 lugent,
1290 2740 1431 2810 quia
1493 2756 1695 2795 omnes
1747 2743 1932 2810 portae
1992 2738 2122 2809 ejus
2187 2739 2519 2805 destructae,
2579 2741 2914 2797 sacerdotes

796 2824 925 2896 ejus
961 2828 1282 2894 gementes,
1325 2830 1387 2879 et
1419 2824 1551 2894 ipsa
1583 2840 1864 2895 oppressa
1897 2822 2321 2889 amaritudinem
2364 2823 2505 2879 facti
2541 2830 2679 2880 sunt
2709 2825 2915 2881 hostes

464 2916 554 2965 An
577 2916 732 2966 exist-
796 2908 924 2980 ejus
978 2908 1040 2962 in
1090 2907 1299 2979 capite,
1355 2907 1580 2963 inimici
1631 2907 1795 2962 illius
1831 2906 2171 2978 locupletati
2226 2912 2381 2971 sunt,
2435 2908 2577 2979 quia
2622 2908 2915 2966 Dominus

464 2984 556 3045 ing
577 2998 691 3046 pm·
795 2992 1028 3047 locutus
1065 2997 1158 3047 est
1193 3007 1370 3062 super
1405 3008 1552 3046 eam.
1641 2990 1723 3045 Et
1759 2990 1904 3062 quid
1939 2991 2170 3047 locutus
2210 2997 2302 3048 est
2335 2991 2666 3048 Dominus?
2751 2994 2916 3049 Prae-

462 3050 693 3165 {gigni
662 3124 728 3175 at,
798 3076 964 3140 dixit,
1003 3082 1075 3130 ut
1119 3093 1155 3130 a
1205 3075 1532 3131 senioribus
1585 3075 1803 3130 nostris
1840 3073 2195 3140 audivimus,
2254 3074 2415 3130 istud
2461 3076 2723 3140 facinus3
2763 3094 2916 3147 prae-

459 3183 513 3232 iu
525 3184 776 3233 ηςρωῃοθ
799 3160 948 3214 dixit
996 3166 1057 3214 et
1104 3159 1423 3214 vindictam
1470 3157 1845 3212 deferendam
1880 3158 1954 3212 ob
1991 3175 2194 3214 necem
2232 3157 2433 3214 Sancti
2478 3159 2713 3213 Thomae
2751 3159 2913 3214 Mar-

465 3249 673 3301 thereto.
797 3244 947 3314 tyris
984 3250 1045 3298 ct
1078 3243 1521 3314 Archiepiscopi
1559 3241 2018 3306 cantuariensis,
2045 3241 2228 3297 donec
2263 3243 2585 3298 sacrarium
2619 3243 2913 3299 westmo-

798 3327 1155 3381 nasteriense
1180 3325 1434 3380 humano
1464 3325 1750 3395 sanguine
1786 3325 2466 3380 foedaretur.'1*imenda
2500 3330 2592 3381 est
2626 3327 2910 3392 vindicta,

798 3408 1097 3480 rogandus
1133 3419 1227 3464 est
1262 3408 1550 3463 Dominus
1588 3414 1658 3464 ut
1691 3409 1796 3464 fiat
1828 3426 1940 3480 pax
1976 3415 2040 3463 et
2071 3408 2290 3464 veritas
2328 3408 2390 3463 in
2426 3408 2631 3464 diebus
2667 3411 2908 3466 nostris.

923 3618 1177 3685 Prima
1220 3617 1543 3686 Eoeecutio
1579 3639 1708 3706 per
1752 3617 2120 3706 Epi-scopos
2164 3618 2252 3685 i‘n
2295 3619 2379 3686 M
2377 3618 2787 3706 alefactoree.

872 3750 1118 3805 Peracta
1176 3750 1332 3822 apud
1390 3749 1980 3806 westmonasterium
2051 3749 2210 3806 caede
2281 3749 2581 3821 proedicta,
2642 3756 2911 3821 pastores

802 3834 1082 3890 Ecclesiae
1118 3834 1461 3905 congregati
1498 3834 1839 3905 aliquandiu
1899 3833 2317 3889 dubitaverunt
2375 3834 2519 3905 quid
2578 3833 2914 3889 faciendum

802 3920 984 3986 foret3
1024 3924 1225 3974 utrum
1260 3918 1539 3974 videlicet
1573 3922 1737 3973 metu
1772 3917 2095 3973 materialis
2133 3917 2337 3989 gladii,
2379 3917 2578 3989 gladio
2614 3919 2911 3990 spirituali

2373 4068 2558 4075 —a-——q—---

870 4150 1147 4214 ¹Supplied
1193 4150 1325 4199 from
1377 4148 1512 4199 Bibl.
1570 4149 1698 4213 Reg.
1749 4154 1809 4199 13
1898 4149 2097 4213 printed
2130 4155 2305 4210 texts;
2342 4151 2596 4200 corrected
2619 4150 2748 4200 from
2771 4151 2911 4201 Bibl.

802 4229 862 4279 E.
881 4230 951 4280 ix.
976 4231 1075 4279 and
1096 4230 1182 4279 the
1204 4229 1405 4293 printed
1426 4236 1573 4278 texts.
1899 4228 2026 4293 Reg.
2057 4234 2116 4278 13
2139 4229 2200 4277 Ε.
2225 4228 2297 4279 ix.

868 4311 888 4340 ²
902 4308 1152 4374 precando
1172 4309 1227 4358 in
1249 4308 1335 4358 the
1357 4308 1558 4372 printed
1580 4315 1728 4358 texts.
1966 4310 1986 4338 ⁸
2009 4306 2249 4358 trahentes
2269 4309 2322 4357 in
2345 4308 2432 4359 the
2448 4308 2648 4373 printed
2668 4316 2821 4361 texts.

866 4391 886 4418 ³
910 4389 1075 4438 These
1109 4388 1251 4438 three
1284 4389 1450 4438 words
1485 4402 1571 4437 are
1604 4388 1812 4437 omitted
1967 4388 1985 4414 ⁷
2010 4387 2321 4436 irreverenter
2338 4388 2492 4452 foras
2525 4389 2578 4437 in
2601 4389 2688 4439 the
2709 4390 2918 4453 printed

802 4468 857 4516 in
882 4468 967 4517 the
990 4467 1190 4532 printed
1212 4473 1361 4517 texts.
1900 4473 2036 4516 texts
2057 4487 2071 4525 ς
2121 4468 2362 4517 irruerent
2405 4476 2454 4517 et
2481 4469 2636 4533 foras
2679 4469 2736 4519 in
2772 4471 2918 4521 Bibl.

871 4549 887 4577 ¹
909 4548 1119 4596 contenti
1163 4555 1254 4596 aut
1294 4547 1474 4596 satiati
1522 4553 1592 4596 tot
1622 4546 1677 4595 in
1726 4546 1812 4596 the
1899 4547 2027 4611 Reg.
2059 4552 2118 4596 13
2143 4547 2203 4596 Ε.
2228 4546 2301 4597 ix.

802 4626 1001 4692 printed
1017 4632 1165 4677 texts.
1964 4625 1985 4656 ⁸
2004 4624 2296 4677 debat-antes
2317 4625 2373 4676 in
2395 4626 2521 4693 orig.

869 4708 889 4736 ⁵
910 4706 1128 4757 examine
1183 4704 1238 4754 in
1293 4706 1418 4772 orig.
1467 4707 1569 4756 and
1623 4704 1680 4755 in
1725 4705 1810 4756 the
