3300 5617
554 989 693 1040 AD.

476 1060 776 1107 1291·1292.

470 1595 663 1646 Award
684 1593 739 1646 iu

468 1665 643 1713 favour
663 1663 725 1712 os

467 1729 607 1780 John
632 1730 694 1780 de

468 1796 651 1847 Baliol.

466 2004 637 2058 Death
654 2007 757 2057 and

466 2073 631 2124 buria!
654 2075 716 2124 of

466 2140 705 2200 Alienor,

466 2209 552 2259 the
575 2224 762 2273 queen-

468 2275 678 2329 mother.

473 2865 606 2917 Rees
633 2879 697 2930 ap

476 2931 727 2982 Meu-edith

474 3001 744 3049 condemn·

474 3067 552 3116 ed.

478 3131 698 3183 Edward

802 795 889 862 38
1457 806 1715 859 mom
1761 803 2228 858 wusmcm

802 997 966 1064 dicti,
1006 999 1068 1054 in
1102 997 1287 1070 Regis
1322 1013 1629 1070 personam
1661 1002 1723 1052 et
1754 1013 2006 1068 regnum
2027 994 2282 1066 Anglioe,
2309 992 2362 1049 si
2395 1009 2512 1047 non
2544 990 2903 1051 restitueret,
2929 985 3224 1050 Risimus&-

802 1082 1264 1149 fulminandum
1311 1082 1471 1137 Sooti
1502 1099 1609 1153 per
1638 1082 1870 1137 chartas
1894 1098 2031 1136 suas
2053 1078 2422 1136 tradiderunt
2443 1075 2594 1146 Regi
2619 1070 2908 1129 Edwardo
2933 1053 3048 1104 MS·
3065 1052 3194 1102 Βῑδῑι

802 1185 1053 1239 reguum
1112 1166 1343 1232 Scotiae,
1399 1183 1534 1221 cum
1592 1165 1870 1231 castellis,
1914 1164 2169 1236 juribus,
2231 1169 2294 1219 et
2348 1156 2902 1221 consuetudinibus3
2931 1121 3146 1238 {³3³³

802 1257 1238 1324 posueruntque
1291 1250 1581 1315 custodes,
1634 1250 1738 1321 qui
1785 1248 1978 1304 medio
2024 1254 2286 1319 tempore
2321 1245 2512 1300 exitus
2557 1249 2618 1301 et
2665 1244 2682 1277 ¹
2698 1261 2904 1316 appro-

802 1336 1098 1392 viamenta
1131 1340 1324 1400 terrm,
1351 1333 1427 1389 ad
1461 1351 1607 1405 opus
1638 1334 1879 1388 illorum
1914 1351 2162 1405 quorum
2197 1334 2494 1398 intererat,
2522 1328 2902 1392 custodirent,

804 1435 1067 1491 quosque
1101 1418 1396 1485 videlicet,
1435 1418 1634 1474 debita
1667 1415 2064 1474 'discussione
2103 1417 2322 1483 habita,
2360 1417 2434 1472 de
2467 1415 2737 1487 legitimo
2771 1428 2904 1469 con·

805 1511 990 1560 staret
1022 1503 1274 1560 haerede.

875 1587 1003 1657 Quo
1037 1589 1211 1654 facte,
1250 1586 1377 1643 Rex
1410 1586 1665 1660 Angliae,
1703 1577 1837 1661 post
1875 1588 2081 1661 longas
2117 1585 2565 1659 disceptationes
2599 1584 2908 1641 vendican-

804 1673 954 1728 tium
1004 1673 1155 1729 illud
1204 1691 1473 1745 regnum,
1528 1674 1811 1730 discussis
1854 1674 2109 1746 juribus,
2161 1673 2426 1745 praetulit
2474 1671 2514 1727 J
2517 1671 2802 1727 ohannem
2836 1669 2910 1724 de

803 1758 1068 1831 Bayll013
1122 1759 1224 1832 qui
1260 1761 1601 1830 recognovit
1644 1759 1873 1830 Regem
1907 1759 2141 1831 Angliae
2188 1760 2312 1814 fore
2355 1758 2567 1814 Scotiae
2602 1756 2912 1836 capitalem

802 1842 1122 1909 dominum,
1162 1844 1417 1914 fecitque
1467 1845 1522 1898 ei
1564 1844 1924 1914 homagium,
1964 1851 2025 1899 et
2071 1842 2412 1899 fidelitatem
2447 1841 2706 1914 juravit;
2745 1846 2815 1896 ut
2846 1839 2911 1895 in

803 1928 989 1998 gestis
1027 1928 1163 1983 anni
1200 1928 1497 2000 sequentis
1534 1927 1766 2001 plenius
1802 1927 2149 1983 declaratur.

874 2009 1096 2066 Eodem
1133 2028 1300 2077 anne,
1340 2011 1498 2066 circa
1531 2011 1749 2066 festum
1780 2011 1949 2066 Beati
1976 2011 2016 2066 J
2018 2009 2258 2066 ohannis
2282 2009 2585 2083 Baptistoe,
2611 2007 2908 2072 Alienora,

805 2103 993 2151 mater
1030 2096 1213 2167 Regis
1249 2095 1502 2166 Anglioe,
1543 2095 1964 2151 Ambresbirioe
2001 2101 2093 2151 est
2127 2095 2431 2162 defuncta3
2481 2101 2721 2168 propter
2758 2091 2913 2165 quod

808 2180 931 2234 Rex
967 2179 1040 2234 de
1086 2179 1283 2236 Scotia
1322 2179 1384 2234 in
1423 2179 1704 2251 Angliam
1750 2179 1945 2245 rediit,
1995 2185 2066 2236 ut
2110 2180 2286 2235 funus
2323 2186 2668 2235 ‘maternum
2723 2177 2913 2250 sepul·

806 2270 956 2320 turae
990 2264 1251 2320 traderet
1284 2263 1481 2319 debito
1516 2283 1651 2319 cum
1687 2265 1921 2320 honore.
2000 2264 2308 2338 Sepultum
2344 2272 2437 2320 est
2469 2264 2670 2335 itaque
2705 2279 2916 2334 corpus

806 2350 935 2422 ejus
974 2350 1035 2404 in
1069 2348 1426 2405 Monasterio
1448 2349 1906 2415 Ambresburiae,
1934 2367 2035 2405 cor
2056 2367 2196 2406 vero
2220 2349 2535 2406 Londoniis
2571 2350 2636 2404 in
2671 2347 2918 2404 ecclesia

806 2435 1082 2491 Fratrum
1132 2435 1469 2500 Minorum3
1525 2434 1646 2506 qui,
1706 2434 1861 2490 sicut
1913 2441 1973 2490 et
2020 2434 2216 2490 cuncti
2265 2434 2503 2491 Matres
2555 2434 2918 2505 reliquorum

807 2518 1112 2583 Ordinum,
1178 2518 1402 2589 aliquid
1471 2517 1544 2572 de
1616 2519 1955 2590 corporibus
2041 2536 2522 2591 quorumcunque
2592 2516 2918 2590 potentium

806 2603 1184 2659 morientium
1262 2602 1500 2658 sibimet
1560 2602 1966 2668 vendicabant,
2029 2620 2192 2658 more
2264 2621 2476 2658 eanum
2534 2599 2919 2658 cadaveribus

806 2686 1225 2754 assistentium,
1250 2687 1354 2742 ubi
1391 2687 1640 2758 quisque
1677 2703 1845 2743 suam
1879 2685 2226 2759 particulam
2261 2686 2433 2744 avide
2469 2685 2920 2743 consumendam

808 2777 1092 2844 expectat.

878 2855 1025 2912 Post
1048 2858 1262 2912 festum
1289 2855 1487 2912 Sancti
1511 2853 1839 2923 Michaelis,
1867 2855 1994 2912 Rex
2027 2856 2244 2913 iterum
2278 2857 2522 2914 tendens
2553 2855 2616 2912 in
2643 2854 2918 2922 Scotiam‚

810 2959 945 2997 cum
981 2940 1309 2997 Eboracum
1344 2942 1622 3008 venisset,
1648 2959 1988 3013 moramque
2022 2941 2371 3014 'aliqualem
2407 2942 2648 2999 fecisset
2681 2942 2919 3007 ibidem,

813 3025 1004 3082 Resus
1055 3025 1212 3080 filius
1265 3024 1568 3080 Mereduci
1618 3031 1844 3099 captus,
1901 3026 2160 3098 illucque
2209 3025 2514 3093 deductus,
2560 3025 2925 3099 judicialiter

814 3108 1245 3165 condemnatur.
1318 3109 1543 3164 Deinde
1594 3109 1722 3165 Rex
1770 3109 2064 3182 profectus
2113 3112 2177 3165 in
2229 3109 2504 3178 Scotiam,
2558 3111 2829 3166 omnibus
2865 3110 2925 3165 in

476 3207 577 3248 sets
599 3206 689 3250 out
712 3200 790 3250 sor
816 3213 1064 3264 regnum
1103 3193 1312 3250 Scotioe
1353 3192 1455 3265 jus
1501 3193 1943 3249 vendicantibus
1990 3194 2286 3267 imposuit,
2325 3202 2396 3250 ut
2427 3196 2491 3250 in
2536 3194 2689 3251 festo
2727 3194 2924 3250 Sancti

478 3265 733 3318 Scotland.

490 4021 730 4073 Nicholu

490 4088 582 4138 lv.

818 3280 858 3335 J
861 3277 1101 3334 ohannis
1152 3276 1436 3349 Baptista)
1489 3278 1752 3349 proximo
1783 3278 1999 3347 ‘futuro
2049 3296 2245 3333 coram
2293 3297 2356 3334 se
2406 3284 2830 3352 comparerent,
2869 3283 2930 3333 et

819 3380 935 3435 quo
963 3363 1100 3435 jure
1135 3378 1386 3432 regnum
1421 3360 1572 3416 illud
1605 3359 2009 3428 vendicabant,
2048 3361 2279 3434 plenius
2315 3362 2699 3419 declararent.

888 3446 1127 3501 Transit
1160 3463 1343 3501 annus
1386 3446 1499 3501 iste
1536 3446 1806 3516 frugifer,
1848 3446 1952 3501 sed
1992 3445 2159 3518 ⁴quae
2207 3448 2413 3503 incolis
2448 3448 2551 3503 vix
2600 3448 2922 3503 sufficeret:

817 3532 1015 3586 Terrm
1068 3529 1295 3585 Sanctae
1332 3529 1564 3594 flebilis,
1614 3535 1852 3602 propter
1897 3531 2152 3586 nobilem
2200 3532 2501 3587 civitatem
2537 3531 2757 3598 Accon,
2799 3550 2926 3604 quae

822 3619 860 3643 ‘⁶
887 3614 1125 3670 Acres”
1175 3614 1273 3668 vel
1327 3613 1862 3686 “⁸Tholomayda”
1916 3614 2151 3682 dicitur,
2215 3625 2476 3688 ereptam
2538 3616 2924 3681 Christianis3

818 3699 1031 3770 Anglis
1093 3703 1154 3753 et
1214 3697 1404 3752 Scotis
1464 3697 1573 3752 sub
1632 3715 1849 3768 magna
1917 3700 2313 3771 expectatione
2371 3706 2726 3765 mactus,
2789 3700 2928 3756 dum

817 3783 1223 3855 unusquisque
1259 3782 1408 3837 scire
1444 3782 1624 3852 cupit,
1658 3782 1792 3853 quis
1827 3782 1890 3837 in
1924 3799 2106 3855 regno
2141 3785 2406 3856 gentium
2442 3784 2859 3841 dominabitur.

890 3869 1061 3924 Anno
1108 3866 1316 3938 gratiss
1361 3865 1674 3920 millesimo
1723 3865 2118 3923 ducentesimo
2167 3869 2544 3940 nonagesimo
2591 3871 2788 3935 terti0,
2830 3870 2930 3941 qui
2953 3877 3066 3929 MS.
3087 3878 3216 3928 BibL

2952 3945 3067 4023 neg

3068 3951 3172 3994 .13

2953 4011 3114 4063 Rix.

821 3959 914 4009 cst
950 3970 1136 4008 annus
1172 3950 1341 4020 regni
1366 3949 1548 4020 Regis
1584 3949 1876 4016 Edwardi,
1903 3969 1940 4006 a
1962 3952 2316 4024 Conquaestu
2350 3953 2559 4020 Primi,
2590 3955 2926 4019 vicesimus,

824 4035 1147 4091 Nicholaus
1221 4034 1382 4105 Papa
1457 4032 1713 4102 Quartus
1773 4035 1931 4090 viam
2007 4037 2296 4092 universoe
2371 4039 2565 4093 earnis
2625 4038 2930 4110 ingressus

826 4126 949 4186 est;
1002 4119 1101 4191 qui
1140 4117 1315 4190 paulo
1351 4123 1502 4184 ante,
1542 4116 1770 4188 Regem
1803 4117 2039 4189 Angliae
2076 4119 2150 4174 ad
2184 4121 2651 4193 recuperandum
2688 4120 2930 4178 Terram

830 4493 849 4535 t
895 4407 1321 4471 ‘appr-onomat
1374 4407 1432 4457 in
1494 4408 1584 4460 the
1635 4410 1833 4475 printed
1990 4409 2290 4479 ‘Conectly
2312 4414 2416 4480 qui,
2438 4424 2497 4466 as
2519 4413 2576 4465 in
2610 4418 2699 4467 the
2731 4411 2934 4480 printed

851 4493 1207 4628 attexat-vestiens,
1221 4583 1281 4618 or
1294 4568 1581 4630 diveat-ione,
1598 4569 1655 4620 in
1671 4571 1833 4637 orig.;
1923 4499 2131 4623 ‘2¹⁸ssoe
2161 4567 2551 4639 Ptolmuiumne
2585 4576 2650 4629 of
2671 4571 2743 4629 its
2765 4574 2937 4629 euni·

830 4643 1094 4696 dhe-mione
1115 4645 1170 4696 in
1193 4644 1278 4699 the
1298 4647 1494 4712 printed
1513 4657 1666 4701 texts.
1924 4649 2004 4702 eal
2025 4665 2209 4704 names.

897 4729 916 4758 ⁸
931 4726 1147 4792 aliquane
1169 4727 1223 4777 in
1246 4728 1331 4777 the
1353 4727 1551 4793 printed
1573 4737 1724 4781 texts.
