3300 5617
1073 809 1403 861 uls-roan
1446 809 1863 863 AnochNA.
2424 799 2511 867 93

356 1044 370 1058 .
414 1001 454 1027 ‘⁸
491 995 585 1054 Ac
634 997 869 1054 demum
927 996 1350 1054 sententialiter
1396 997 1710 1070 propositis
1760 1004 1822 1056 et
1870 998 2223 1054 sufficienter
2272 998 2509 1064 auditis,
2536 1005 2674 1058 AD.
2702 1012 2845 1063 1³01.

93 1071 184 1123 MS·
207 1072 346 1123 Bibl-
414 1086 452 1112 ‘⁸
492 1083 744 1148 rimatis,
771 1083 1131 1146 examinatis,
1160 1088 1221 1138 et
1243 1082 1560 1154 diligenter
1594 1083 1928 1149 intellectis,
1969 1082 2225 1154 partium
2253 1081 2510 1154 juribus,

90 1141 284 1257 ἔξω
413 1171 453 1197 “
493 1167 747 1223 finaliter
780 1168 845 1223 in
877 1166 1190 1239 praesentia
1223 1168 1482 1221 omnium
1515 1168 1891 1239 proelatorum
1931 1173 1992 1223 et
2013 1167 2316 1230 nobilium,
2344 1166 2514 1237 quasi

95 1273 203 1322 Ne„
413 1255 452 1281 “
491 1252 673 1308 totius
726 1251 898 1324 regni
953 1250 1183 1315 Scotiae,
1236 1256 1298 1307 et
1351 1250 1422 1306 de
1470 1250 1770 1308 voluntate
1834 1257 1896 1308 et
1943 1269 2185 1307 assensu
2244 1267 2515 1323 expresse

92 1341 277 1406 Rymer.
411 1341 451 1365 “
491 1335 825 1400 eorundem,
864 1335 1260 1407 procedentes,
1302 1334 1341 1389 J
1343 1335 1627 1391 ohannem
1682 1336 1755 1391 de
1791 1335 2042 1391 Balliolo
2077 1335 2273 1391 debite
2308 1335 2513 1407 praefe-

412 1424 449 1448 ‘⁶
491 1421 678 1476 cimus
721 1420 802 1476 'in
858 1419 1086 1493 Regem
1149 1419 1488 1485 Scotorum;
1564 1436 1741 1491 quem
1803 1425 1944 1475 tunc
2010 1420 2075 1475 in
2138 1419 2513 1475 successione

410 1509 449 1532 ‘⁶
491 1505 755 1577 ejusdem
788 1504 958 1576 regni
993 1503 1244 1559 haeredis
1273 1502 1414 1573 jura
1459 1504 1791 1576 invenimus
1838 1504 2041 1559 haberi
2075 1504 2322 1575 potiora.
2398 1501 2513 1572 Qui

411 1593 452 1617 “
492 1590 730 1661 quidem
764 1587 1022 1654 Proelati,
1064 1587 1341 1652 Comites,
1370 1594 1431 1643 et
1463 1587 1744 1652 Barones,
1783 1605 1852 1644 ac
1887 1588 2085 1644 caeteri
2120 1588 2291 1660 regni
2325 1587 2514 1659 ipsius

412 1682 452 1706 ‘⁶
491 1677 715 1741 incoloe,
772 1676 1120 1733 sententiam
1179 1681 1441 1732 nostram
1509 1681 1975 1747 acceptaverunt,
2028 1675 2511 1748 approbaverunt,

414 1766 452 1791 “
493 1768 555 1818 ct
588 1762 782 1833 ipsum
818 1760 859 1815 J
859 1761 1143 1816 ohannem
1180 1759 1253 1815 de
1299 1759 1572 1816 mandato
1607 1764 1806 1816 nostro
1839 1760 2059 1817 virtute
2094 1759 2272 1831 hujus
2301 1759 2514 1831 judicii

415 1850 455 1875 “
493 1847 557 1901 in
591 1845 817 1917 Regem
841 1862 1012 1900 suum
1036 1844 1415 1901 admiserunt.
1488 1844 1579 1900 Ac
1602 1843 1760 1899 idem
1785 1842 1826 1900 J
1827 1845 2101 1909 ohannes,
2129 1843 2256 1900 Bex
2279 1844 2510 1910 Scotioe,

415 1919 601 2001 “pro
646 1947 831 2001 regno
882 1947 988 1984 suo
1036 1927 1316 1999 praedicto
1362 1928 1530 1984 nobis
1581 1928 1921 1999 homagium
1970 1927 2233 1984 debitum
2282 1935 2345 1984 et
2382 1945 2515 1983 con-

414 2019 453 2042 “
493 2020 725 2070 suetum
759 2014 918 2076 fecit,
959 2018 1020 2068 et
1053 2011 1352 2068 fidelitatis
1380 2012 1781 2083 juramentum
1828 2012 2123 2083 praestitit,
2174 2019 2236 2069 et
2269 2029 2341 2068 ex
2373 2017 2515 2068 tunc

411 2101 449 2126 ‘⁶
490 2098 506 2131 ²
525 2094 699 2169 [tam]
737 2098 800 2151 in
835 2096 1248 2152 Parliamentis
1284 2114 1461 2167 quam
1499 2095 1779 2152 Consiliis
1812 2097 2029 2153 nostris
2064 2103 2344 2168 tanquam
2380 2096 2515 2153 sub·

409 2187 448 2212 “
488 2182 648 2238 ditus
682 2187 898 2245 noster,
939 2180 1093 2236 sicut
1126 2180 1232 2236 alii
1268 2180 1342 2235 de
1381 2198 1564 2252 regno
1598 2186 1816 2246 nostro,
1854 2181 2142 2245 interfuit,
2183 2187 2242 2237 et
2275 2182 2511 2245 nostris,

408 2270 448 2295 “
485 2272 764 2337 tanquam
802 2264 1022 2320 domini
1072 2264 1164 2319 sui
1216 2265 1553 2335 superioris,
1591 2264 1972 2337 beneplacitis
2019 2270 2081 2321 et
2127 2264 2416 2322 mandatis
2452 2265 2516 2319 in

407 2354 447 2379 “
486 2350 753 2405 omnibus
789 2347 1063 2404 obediens
1089 2353 1150 2403 et
1177 2347 1480 2404 intendens
1506 2349 1718 2413 extitit,
1745 2347 1767 2382 ²
1783 2365 2087 2420 quousque
2113 2347 2270 2404 idem
2297 2348 2337 2403 J
2338 2348 2515 2403 ohan-

410 2439 448 2463 ‘⁶
486 2452 590 2490 nes
627 2434 753 2488 Rex
791 2432 1022 2496 Scotiae,
1076 2438 1138 2487 et
1184 2431 1443 2496 Praelati,
1502 2430 1780 2497 Comites,
1834 2438 1896 2489 et
1946 2433 2226 2496 Ramnes,
2265 2432 2510 2496 nobiles,

411 2523 449 2547 “
488 2517 952 2580 communitates,
1003 2521 1064 2571 et
1110 2516 1306 2572 caeteri
1342 2516 1547 2571 incolae
1582 2517 1834 2588 majores
1875 2517 2139 2588 ejusdem
2173 2517 2363 2588 regni,
2402 2514 2426 2548 ⁸
2442 2534 2515 2571 ex

412 2607 450 2630 ‘⁶
488 2606 888 2674 praeconcepta
926 2600 1171 2664 malitia,
1212 2605 1273 2656 et
1307 2600 1627 2671 proelocuta
1661 2619 1729 2656 ac
1764 2601 2153 2672 praeordinata
2185 2600 2513 2672 proditione

411 2690 449 2714 ‘⁸
487 2685 911 2741 communicato
946 2683 1205 2747 consilio,
1246 2701 1381 2738 cum
1417 2689 1556 2739 tunc
1599 2684 1855 2739 inimicis
1888 2685 2106 2740 nostris
2142 2684 2509 2756 capitalibus,

413 2774 451 2799 “
492 2776 553 2826 et
575 2769 842 2831 notoriis,
872 2768 1161 2823 amicitias
1186 2768 1550 2839 copularunt,
1584 2786 1654 2824 ac
1688 2769 2003 2840 pactiones,
2032 2769 2509 2841 conspirationes,

414 2859 450 2882 ‘⁸
489 2861 551 2911 et
598 2852 1045 2924 conjurationes,
1102 2852 1165 2907 in
1219 2852 1741 2908 exhaeredationem
1797 2860 2056 2908 nostram
2105 2858 2166 2909 et
2211 2853 2512 2908 haeredum

413 2942 450 2967 “
487 2943 838 3001 nostrorum,
877 2954 945 2992 ac
994 2935 1165 3006 regni
1213 2936 1418 3000 nostri,
1471 2942 1676 2993 contra
1723 2937 1984 2993 debitum
2034 2937 2391 3009 homagium,
2448 2938 2511 2992 in

415 3028 451 3051 “
489 3023 711 3078 crimen
745 3021 903 3076 laesae
935 3019 1261 3091 majestatis
1297 3020 1567 3090 nequiter
1613 3020 1941 3086 incidendo,
1997 3021 2299 3077 fidelitatis
2346 3021 2510 3093 jura-

414 3110 452 3136 “
487 3111 749 3160 mentum
773 3104 1031 3159 inierunt
1053 3121 1188 3159 cum
1224 3103 1462 3159 eisdem.
1538 3102 1764 3160 Verum
1799 3121 1935 3159 cum
1967 3104 2272 3176 praemissa
2304 3105 2513 3161 relatio

416 3194 452 3218 “
489 3196 549 3246 et
605 3190 764 3244 fama
820 3187 1058 3260 publica
1115 3186 1191 3242 ad
1261 3205 1432 3242 aures
1501 3193 1731 3243 nostras
1798 3188 2186 3252 advenissent,
2249 3189 2512 3244 volentes

415 3277 452 3302 “
490 3273 706 3328 futuris
755 3271 1033 3344 periculis
1086 3288 1433 3343 praecavere,
1489 3289 1621 3343 quoe
1681 3288 1753 3326 ex
1800 3271 1920 3326 hiis
1974 3278 2038 3328 et
2086 3271 2219 3327 aliis
2272 3277 2514 3343 possent

415 3361 451 3386 “
487 3356 675 3420 nobis,
727 3372 911 3426 regno
968 3361 1187 3420 nostro,
1246 3361 1306 3410 et
1363 3355 1532 3427 regni
1584 3355 1772 3411 nostri
1830 3355 2056 3420 incolis,
2109 3355 2517 3412 verisimiliter

413 3444 451 3469 ‘⁶
487 3439 815 3511 provenire,
842 3455 948 3510 pro
971 3438 1400 3494 assecuratione
1423 3438 1593 3508 regni
1629 3439 1815 3494 nostri
1851 3439 2204 3495 accessimus
2241 3439 2317 3495 ad
2339 3439 2513 3495 confi·

414 3529 450 3553 ‘⁶
486 3526 652 3580 nium
711 3522 881 3593 regni
952 3522 1136 3577 nostri
1209 3522 1536 3592 utriusque,
1613 3521 1837 3594 pluries
1910 3523 2251 3579 mandantes
2320 3522 2512 3579 eidem

413 3613 450 3637 ‘⁴
489 3607 763 3671 Johanni,
815 3612 957 3661 tunc
1010 3606 1163 3676 Regi
1216 3605 1444 3669 Scotiae,
1497 3610 1568 3662 ut
1615 3606 1692 3662 ad
1749 3611 1910 3663 certa
1967 3607 2096 3662 loca
2152 3607 2215 3662 in
2264 3607 2512 3664 confinio

413 3696 450 3721 ‘⁴
486 3692 768 3765 praedicto
803 3690 878 3745 ad
912 3706 1018 3745 nos
1054 3688 1374 3753 accederet,
1414 3707 1590 3761 super
1612 3690 1954 3761 praemissis,
1994 3695 2057 3746 et
2089 3690 2243 3755 aliis,
2280 3708 2513 3746 assecu-

414 3780 451 3805 “
487 3776 731 3833 rationis
780 3779 1016 3838 statum,
1069 3773 1574 3844 tranquillitatem,
1621 3779 1683 3830 et
1729 3791 1932 3846 pacem
1980 3775 2151 3846 regni
2201 3776 2511 3846 utriusque

414 3864 451 3889 ‘⁴
488 3858 980 3929 contingentibus,
1033 3863 1407 3913 tractaturus.
1498 3857 1630 3927 Qui,
1672 3858 1886 3929 spretis
1936 3858 2225 3914 mandatis
2270 3860 2506 3924 nostris,

413 3948 451 3972 ‘⁸
489 3943 550 3998 in
585 3960 694 3998 sua
726 3942 1045 4014 persistens
1091 3941 1352 4013 perfidia,
1404 3941 1480 3997 ad
1524 3941 1768 3997 bellicos
1816 3948 2147 4015 apparatus,
2197 3960 2331 3998 cum
2372 3943 2512 4016 Epi-

414 4031 452 4056 “
490 4027 700 4097 scopis,
745 4026 1034 4088 Praelatis,
1076 4025 1420 4088 comitibus,
1461 4034 1522 4081 et
1570 4025 1897 4082 Beronibus
1947 4026 2118 4097 regni
2170 4026 2400 4093 Scotiae,
2440 4045 2509 4084 ac

414 4115 452 4140 “
490 4111 668 4166 etiam
703 4109 837 4165 aliis
875 4109 1088 4164 exteris
1125 4109 1496 4164 conductitiis
1536 4114 1739 4164 contra
1772 4127 1897 4174 nos,
1935 4126 2186 4181 regnum
2219 4116 2505 4177 nostrum,

415 4200 452 4225 ‘⁴
490 4202 550 4252 et
583 4194 757 4266 regni
791 4194 978 4250 nostri
1027 4193 1268 4259 incolas,
1310 4193 1603 4249 hostiliter
1654 4211 1717 4249 se
1765 4200 2105 4250 convertens
2142 4195 2409 4260 accinxit,
2449 4203 2509 4253 et

416 4285 453 4310 “
491 4279 566 4336 ad
586 4278 832 4334 hostiles
857 4295 1175 4350 aggressus
1199 4277 1301 4348 ct,⁴
1316 4279 1586 4335 incursus
1621 4278 1939 4351 procedens
1964 4296 2212 4349 reguum
2242 4286 2509 4336 nostrum

483 4604 497 4634 ⁸
534 4602 762 4652 Omitted
825 4601 878 4653 in
945 4604 1109 4669 orig.;
1189 4607 1417 4671 supplied
1576 4607 1597 4637 ⁸
1630 4614 1680 4656 ee
1701 4605 1754 4656 in
1778 4605 1908 4671 orig.
1935 4626 1950 4666 ς
1986 4607 2244 4657 corrected
2268 4606 2399 4656 stom
2423 4606 2510 4659 the

421 4681 545 4731 stom
570 4681 655 4731 the
677 4682 880 4746 printed
904 4688 1054 4735 texts.
1510 4685 1712 4753 printed
1736 4693 1890 4737 texts.

479 4763 501 4791 ²
531 4760 675 4811 donec
696 4764 752 4813 iu
773 4763 861 4814 the
881 4762 1082 4828 printed
1102 4771 1250 4815 texts.
1576 4768 1596 4796 ⁴
1628 4767 1870 4832 inqmm
1890 4765 1944 4815 in
1968 4765 2054 4816 the
2074 4765 2274 4831 printed
2293 4773 2441 4818 texts.
