3300 5617
117 1139 326 1259 {313³

1120 821 1450 873 msa-osu
1478 818 1900 871 mancam.
2467 800 2551 866 13

452 1006 895 1078 Quoesticnibus
952 1005 1267 1079 disputatis
1327 1006 1401 1062 de
1434 1004 1725 1063 Veritate.
1825 1001 2081 1075 Scripsit
2131 1005 2194 1058 et
2241 998 2558 1057 secundam
2581 999 2718 1053 AJ).
2749 1003 2895 1054 127⁴.

455 1099 687 1166 partem
723 1092 797 1147 de
834 1091 1266 1161 Quoestionibus
1301 1090 1615 1163 disputatis
1651 1088 1726 1144 de
1750 1087 2020 1143 Potentia
2054 1085 2186 1150 Dei,
2229 1091 2291 1141 et
2323 1084 2560 1140 tertiam

457 1182 686 1250 partem
722 1175 797 1231 de
834 1175 1267 1246 Quaestionibus
1328 1174 1666 1247 disputatis,
1713 1189 1965 1245 quarum
2009 1171 2247 1227 initium
2296 1174 2390 1225 est
2427 1170 2465 1195 “
2486 1166 2559 1224 de

460 1265 501 1290 “
537 1260 942 1318 Virtutibus.”
1040 1259 1215 1326 Item,
1255 1264 1458 1315 contra
1494 1257 1759 1314 Gentiles
1796 1261 2048 1329 quatuor
2081 1253 2265 1309 libros
2301 1252 2556 1324 scripsit.

458 1345 634 1412 Item,
676 1344 983 1402 Summam
1006 1343 1363 1415 Theologiae,
1393 1360 1569 1416 quam
1608 1343 1675 1398 in
1707 1348 1831 1398 tres
1866 1347 2063 1414 partes
2099 1340 2338 1406 divisit3
2377 1342 2439 1393 et
2473 1354 2563 1395 se-

459 1429 730 1496 cundam,
768 1431 834 1485 in
868 1429 1037 1486 duas.
1133 1427 1254 1485 Sed
1287 1434 1476 1484 morte
1512 1432 1849 1499 praeventus
1885 1426 2124 1482 tertiam
2157 1442 2274 1480 non
2309 1423 2564 1494 comple·

460 1514 567 1571 vit.
642 1512 906 1584 Quatuor
929 1513 1276 1585 Evangelia,
1305 1512 1644 1568 continuata
1672 1511 2029 1584 expositione
2065 1510 2139 1566 de
2173 1508 2348 1565 dictis
2388 1507 2563 1563 Sanc-

458 1603 676 1662 torum,
717 1596 1026 1669 glossavit.
1099 1597 1405 1653 Litteralis
1442 1597 1623 1652 etiam
1660 1595 2040 1668 expositionis
2099 1594 2164 1649 in
2214 1593 2252 1649 J
2255 1593 2328 1649 ob
2382 1590 2568 1647 edidit

458 1680 679 1737 librum
702 1697 906 1758 unum.
980 1679 1287 1751 Multaque
1330 1680 1450 1735 alia
1488 1679 1744 1751 scripsit,
1772 1678 1848 1734 ad
1868 1679 2186 1735 utilitatem
2220 1675 2563 1749 legentium,

460 1783 592 1837 quae
648 1763 905 1835 diligens
963 1763 1150 1819 lector
1207 1763 1473 1819 invenire
1524 1764 1748 1835 poterit
1803 1763 2103 1820 intitulata
2153 1763 2217 1818 in
2264 1759 2568 1819 chronicis

456 1848 735 1906 Nicholai
765 1846 1073 1918 'Tryveth.
1151 1846 1462 1904 sanctitati
1483 1865 1627 1904 vero
1662 1847 1850 1920 ipsius
1886 1865 1923 1903 a
1954 1847 2094 1904 vitm
2128 1846 2359 1902 meritis
2395 1849 2571 1901 attes-

458 1939 662 1990 tantur
716 1931 1021 1997 miracula,
1065 1949 1197 2004 quae
1245 1937 1384 2004 post
1422 1932 1553 2005 ejus
1599 1932 1936 1997 transitum,
1989 1937 2050 1987 et
2082 1931 2148 1988 in
2179 1931 2306 1987 vita
2356 1930 2566 2002 ipsius,

460 2016 720 2090 plurima
752 2017 1145 2088 contigerunt.
1255 2016 1446 2073 Nocte
1497 2033 1641 2073 vero
1694 2017 1843 2089 ipsa,
1896 2033 2013 2088 qua
2064 2016 2137 2071 de
2189 2015 2300 2072 hoc
2351 2012 2570 2070 mundo

461 2101 715 2167 transiit,
762 2102 1035 2174 apparuit
1068 2102 1133 2158 in
1167 2103 1407 2158 somnis·
1439 2119 1722 2174 germano
1772 2119 1897 2166 suc,
1941 2099 2159 2157 Comiti
2194 2100 2268 2155 de
2311 2099 2567 2172 Aquin0,

464 2185 529 2243 in
559 2186 765 2241 habitu
800 2184 1043 2242 Ordinis
1080 2186 1195 2252 sui,
1234 2187 1473 2243 tradens
1510 2185 1706 2242 eidem
1741 2186 1806 2242 in
1840 2203 2018 2241 manu
2063 2185 2326 2241 litteram
2369 2200 2570 2256 quam·

466 2271 602 2327 dam
636 2270 916 2326 clausam.
993 2268 1108 2339 Qui
1131 2271 1249 2326 cito
1272 2276 1408 2342 post
1430 2271 1736 2334 excitatus,
1765 2287 1900 2325 cum
1925 2269 2179 2325 sentiret
2212 2285 2277 2324 se
2311 2267 2572 2323 litteram

465 2354 681 2411 habere
716 2354 780 2409 in
815 2352 1103 2417 manibus,
1155 2354 1543 2409 camerarium
1579 2371 1756 2409 suum
1791 2353 2115 2418 advocavit,
2147 2351 2445 2424 jussitque
2480 2351 2570 2406 lu-

467 2456 602 2494 men
636 2438 911 2494 celeriter
945 2443 1292 2509 apportare3
1333 2455 1450 2509 quo
1486 2436 1685 2502 allat0,
1737 2438 1998 2494 litteram
2030 2436 2299 2508 aperiens
2344 2435 2574 2492 invenit

468 2522 553 2578 ibi
586 2521 783 2578 aureis
819 2521 1109 2593 apicibus,
1138 2538 1310 2575 omne
1345 2522 1671 2577 humanum
1707 2521 2026 2578 artificium
2062 2537 2171 2577 sua
2204 2519 2572 2598 formositate

471 2605 900 2670 excedentibus,
953 2605 1065 2661 hoc
1117 2604 1491 2675 inscriptum,
1535 2606 1574 2631 “
1612 2604 1809 2661 Hodie
1846 2605 2036 2661 factus
2074 2621 2204 2660 snm
2242 2602 2462 2659 Doctor
2510 2602 2574 2657 in

473 2692 511 2718 ‘⁸
550 2687 936 2745 Ierusalem.”
1049 2688 1413 2744 Conservata
1475 2688 1678 2761 itaque
1732 2688 1952 2753 littera,
2015 2705 2123 2760 per
2190 2687 2437 2743 nuncios
2498 2687 2575 2742 ad

470 2773 886 2846 inquirendum
929 2771 1002 2826 de
1046 2777 1205 2828 statu
1260 2789 1368 2827 suo
1421 2772 1655 2838 missos,
1703 2772 1902 2844 ipsum
1961 2771 2168 2827 eadem
2219 2777 2391 2828 nocte
2452 2788 2572 2844 qua

471 2858 741 2932 apparuit
776 2857 910 2922 sibi,
945 2855 1231 2927 comperit
1266 2873 1338 2911 ex
1372 2856 1482 2912 hac
1517 2856 1649 2913 luce
1686 2856 1997 2928 migrasse.

542 2941 666 2998 Sub
702 2940 926 2997 eisdem
980 2939 1187 2996 diebus
1226 2939 1416 2996 Gasco
1452 2939 1524 2995 de
1563 2940 1785 2995 Bierna
1818 2957 1856 2995 a
1889 2939 2056 3012 Rege
2095 2939 2428 3012 Anglorum
2465 2937 2565 2995 ob·
2597 2952 2789 3004 omo„
2813 2951 2877 3003 <10

473 3044 688 3091 sessus,
731 3043 886 3090 cum,
932 3025 1089 3079 omni
1119 3024 1244 3096 jam
1277 3025 1379 3080 via
1413 3023 1699 3080 evadendi
1736 3023 1852 3080 sibi
1897 3023 2204 3096 praeclusa,
2242 3023 2572 3080 attenderet
2596 3019 2797 3071 Bieme·

472 3115 605 3166 rem‘
622 3126 753 3166 esse
787 3109 851 3163 in
886 3107 1112 3163 foribus
1136 3115 1206 3163 ut
1240 3107 1314 3162 ad
1349 3106 1710 3163 deditionem
1745 3114 2074 3180 cogeretur,
2115 3125 2292 3180 super
2331 3107 2569 3179 negotio

474 3193 632 3267 quod
676 3193 834 3248 inter
882 3190 1110 3262 Regem
1163 3191 1519 3246 Edwardum
1572 3198 1634 3247 et
1685 3192 1882 3263 ipsum
1916 3192 2273 3256 vertebatur,
2314 3191 2569 3263 appella-

470 3280 689 3335 tionem
724 3275 1045 3348 interponit
1078 3275 1153 3330 ad
1191 3273 1432 3330 Curiam
1467 3275 1653 3347 Regis
1690 3275 2068 3332 Francorum.
2156 3273 2269 3332 Oui
2305 3274 2573 3331 deferens

473 3361 600 3417 Rex
650 3359 994 3423 Edwardus,
1033 3357 1235 3414 nolens
1271 3358 1499 3430 Regem
1536 3358 1917 3425 Francorum,
1957 3377 2134 3430 quem
2168 3375 2355 3430 nuper
2390 3358 2573 3414 domi·

472 3463 615 3502 num
639 3461 814 3501 suum
835 3460 945 3515 pro
967 3441 1147 3498 terris
1171 3442 1233 3497 in
1258 3442 1509 3497 Francia
1540 3449 1981 3514 recognoverat,
2010 3450 2213 3499 contra
2247 3460 2311 3498 se
2345 3449 2576 3515 partem

474 3530 686 3593 facere,
715 3526 1197 3583 dissentientibus
1232 3525 1438 3582 multis
1476 3524 1548 3582 de
1586 3526 1734 3591 suis,
1760 3527 2124 3583 obsidionem
2159 3527 2420 3582 amoveri
2448 3526 2577 3599 jus·

475 3613 573 3678 sit,
625 3611 912 3667 ministris
968 3608 1092 3666 suis
1144 3609 1534 3674 committens,
1597 3616 1668 3666 ut
1715 3611 1778 3665 in
1833 3610 2016 3667 Curia
2061 3607 2246 3682 Regis
2315 3610 2579 3666 Franciae

475 3712 713 3753 causam
770 3700 1268 3766 prosequerentur
1327 3699 1532 3749 contra
1591 3692 1933 3750 Gasconem.
2033 3693 2108 3750 In
2143 3711 2261 3766 qua
2318 3692 2574 3759 tandem,
2639 3713 2644 3718 ·

474 3779 774 3853 injuriosae
858 3770 1198 3833 rebellionis
1300 3777 1602 3834 convictus
1697 3796 1803 3850 per
1886 3778 2113 3849 Regem
2199 3776 2578 3843 Francorum,

477 3863 662 3936 Regis
702 3861 938 3934 Angliae
974 3860 1284 3917 adducitur
1327 3861 1639 3917 voluntati.
1729 3861 2051 3917 Edwardus
2086 3858 2232 3927 Rex,
2271 3868 2582 3934 postquam

479 3945 839 4005 obsidionem
889 3944 1212 4011 dimiserat,
1256 3944 1543 4001 ordinatis
1593 3963 1705 4018 pro
1757 3945 2007 4002 articulo
2053 3946 2338 4018 temporis
2398 3945 2580 4001 rebus

478 4030 821 4096 Wasconiae,
860 4030 926 4084 in
957 4028 1237 4100 Angliam
1273 4030 1645 4102 properavit,
1632 4053 1644 4065 ·
1686 4029 1790 4086 ubi
1842 4048 1880 4086 a
1924 4030 2084 4087 clero
2119 4037 2181 4087 et
2225 4031 2440 4103 populo
2488 4037 2583 4088 est

480 4120 747 4187 receptus
785 4131 920 4169 cum
955 4112 1173 4183 gaudio
1207 4119 1269 4169 et
1301 4113 1540 4170 honore.

548 4197 856 4255 Dominica
889 4214 1031 4254 vero
1066 4197 1222 4252 infra
1257 4195 1508 4254 Octabas
1543 4197 1984 4271 Assumptionis
2039 4198 2241 4255 Beatae
2283 4198 2575 4270 Virginis,
2608 4208 2917 4262 coron-tion

480 4285 545 4339 in
577 4282 829 4339 ecclesia
849 4269 1481 4347 westmonasteriensi,
1509 4299 1627 4338 una
1649 4300 1785 4338 cum
1806 4281 2105 4347 Alienora,
2146 4289 2412 4340 consorte
2451 4302 2578 4351 sua,
2610 4276 2673 4328 Of
2688 4276 2920 4328 EdWffll·

482 4386 518 4424 a
551 4367 824 4431 Robert0,
879 4364 1287 4421 Cantuariensi
1338 4366 1817 4440 Archiepiscopo,
1874 4367 2182 4438 inungitur
2234 4368 2296 4422 in
2331 4367 2586 4441 Regem,

483 4458 543 4506 et
574 4450 915 4506 solemniter
949 4455 1279 4505 coronatur.
1356 4449 1761 4507 coronationis
1798 4449 2156 4507 solemnitati
2190 4451 2586 4508 interfuerunt

485 4534 715 4607 Regina
765 4538 973 4597 mater,
1017 4532 1351 4602 Alexander
1386 4534 1515 4589 Rex
1557 4533 1886 4600 Scotorum,
1941 4533 2194 4607 Duxque
2235 4533 2580 4602 Britannia),

486 4619 656 4675 ambo
696 4617 882 4689 Regis
931 4617 1177 4684 sororii;
1218 4634 1354 4673 cum
1387 4616 1795 4684 Praelatorum,
1824 4618 2143 4685 Comitum,
2171 4624 2234 4675 et
2266 4619 2582 4685 Baronum,

1156 4835 1169 4863 ¹
1213 4830 1404 4885 152·oeoe
1421 4833 1475 4883 in
1495 4834 1585 4885 the
1605 4834 1807 4901 printed
1827 4843 1978 4891 tuto.
