3300 5617
777 744 917 814 334
1453 759 1712 811 monna
1755 759 2227 813 minentem

446 954 584 1009 AD.
614 960 756 1011 1377.
783 949 1102 1015 camisiam,
1129 950 1495 1007 vestimentis
1520 950 1664 1007 suis.
1739 950 2025 1007 Custodes
2046 967 2189 1007 vero
2213 948 2484 1021 Quinque
2507 949 2802 1006 Portuum
2824 967 2901 1005 ex
2923 954 3043 1006 ΜΒ.
3064 954 3183 1009 Bibl.

446 1039 559 1091 The
783 1033 989 1100 officio,
1030 1041 1151 1090 tam
1185 1035 1248 1089 in
1283 1035 1651 1107 processione
1692 1053 1867 1106 quam
1903 1037 1965 1090 in
1999 1036 2275 1092 unctione
2311 1041 2372 1091 et
2404 1034 2611 1099 Missa,
2640 1041 2723 1100 et,
2762 1042 2901 1106 post
2924 1025 3138 1103 1³03·ss

445 1106 750 1175 An⁰i¹1fl¹¹8·
781 1117 1045 1183 Missam,
1087 1119 1228 1174 dum
1264 1119 1379 1174 iret
1426 1119 1501 1175 ad
1547 1118 1843 1175 Palatium
1879 1120 1951 1174 ab
1989 1120 2256 1184 ecclesia,
2312 1136 2542 1191 semper
2578 1126 2901 1176 tenuerunt
2924 1091 2987 1142 E·
3010 1106 3087 1141 α’

781 1202 1187 1258 umbraculum
1224 1204 1478 1259 sericum
1512 1221 1812 1275 magnum,
1841 1204 2052 1259 coloris
2089 1205 2255 1268 aerii,
2284 1211 2535 1275 quatuor
2569 1204 2761 1259 hastis
2792 1221 2900 1276 per

782 1294 1031 1357 quatuor
1050 1288 1296 1358 angulos
1322 1288 1684 1359 colligatum.
1760 1287 1878 1343 Sed
1899 1304 2014 1342 non
2039 1288 2305 1343 obstante
2328 1288 2671 1343 umbraculo
2696 1307 2899 1360 supra—

781 1370 958 1436 dicto,
998 1389 1134 1426 mox
1157 1380 1470 1444 antequam
1493 1371 1990 1443 Archiepiscopus
2016 1389 2152 1427 eum
2177 1372 2301 1428 suis
2325 1373 2591 1429 vestibus
2615 1374 2893 1439 exuisset,

781 1455 994 1511 allatus
1049 1462 1141 1512 est
1191 1474 1418 1528 pannus
1474 1473 1686 1511 aureus
1725 1474 1762 1510 a
1797 1456 2145 1521 Oomiffihnn,
2186 1457 2295 1511 sub
2343 1474 2459 1528 quo
2508 1457 2705 1522 latuit,
2754 1458 2895 1512 dum

779 1540 1071 1595 unctionis
1107 1542 1437 1611 perciperet
1472 1547 1854 1596 sacramenta.
1966 1540 2484 1613 Archiepiscopus,
2510 1548 2581 1597 ut
2614 1542 2891 1607 diximus,

778 1640 849 1678 eo
900 1624 1138 1689 nudato,
1195 1625 1364 1681 unxit
1415 1641 1622 1679 manus
1673 1623 1803 1695 ejus
1838 1623 1913 1678 de
1962 1624 2091 1679 oleo
2146 1625 2522 1689 sanctificam,
2589 1629 2607 1661 ¹
2626 1622 2889 1696 [diaeum

779 1711 892 1750 —“
931 1709 1242 1780 Ungantur
1303 1726 1510 1763 manus
1558 1709 1689 1764 istae
1755 1708 1829 1762 de
1876 1709 2006 1764 oleo
2068 1706 2451 1780 sanctificato]
2509 1710 2665 1764 unde
2732 1712 2893 1765 uncti

783 1796 820 1820 ‘⁴
860 1793 1100 1848 fuerunt
1148 1794 1345 1864 Reges
1382 1799 1444 1849 et
1478 1793 1809 1865 Prophetes,
1850 1798 1914 1848 et
1960 1792 2117 1850 sicut
2167 1792 2338 1848 unxit
2375 1792 2617 1848 Samuel
2664 1792 2689 1827 ²
2702 1793 2893 1850 David

783 1879 820 1904 ‘⁶
861 1877 923 1931 in
955 1877 1219 1948 Begem;
1247 1884 1316 1933 ut
1351 1878 1433 1933 sis
1470 1877 1810 1931 benedictus
1847 1881 1908 1931 et
1942 1876 2297 1933 constitutus
2323 1876 2452 1931 Rex
2472 1877 2539 1930 in
2559 1894 2744 1948 regno
2779 1879 2894 1933 isto

784 1964 821 1987 “
861 1978 1037 2032 super
1072 1962 1353 2033 populum
1399 1961 1599 2025 istum,
1644 1976 1821 2032 quem
1868 1959 2156 2016 Dominus
2210 1961 2372 2015 Deus
2409 1967 2549 2017 tuus
2586 1961 2752 2017 dedit
2783 1963 2893 2017 tibi

784 2046 822 2071 ‘⁴
860 2045 936 2099 ad
983 2046 1306 2118 regendum
1365 2052 1427 2102 et
1484 2044 1992 2117 gubernandum.”
2060 2045 2218 2101 Item
2267 2045 2419 2100 dixit
2474 2045 2893 2111 orationem,—

786 2130 822 2155 “
861 2129 1158 2201 Prospice,
1211 2129 1589 2205 Omnipotens
1639 2128 1863 2184 Deus.’'
1987 2129 2134 2185 Post
2177 2129 2322 2194 haec,
2372 2129 2544 2185 unxit
2587 2129 2891 2202 Archiepi-

781 2230 990 2285 scopus
1028 2219 1204 2284 caput
1238 2214 1385 2284 ejus,
1443 2219 1505 2269 et
1538 2218 1744 2285 pectus
1781 2219 1843 2269 et
1878 2213 2167 2285 scapulas,
2220 2214 2539 2284 ambasque
2581 2230 2891 2285 compages

781 2297 1174 2363 brachiorum,
1221 2297 1559 2362 dicens‚—“
1577 2297 1892 2368 Ungantur
1934 2303 2113 2369 caput
2164 2296 2346 2362 istud,
2401 2302 2628 2369 pectus,
2670 2304 2733 2353 et
2767 2315 2889 2353 sca·

780 2384 817 2409 ‘⁶
856 2382 1030 2451 pulae,
1059 2387 1120 2437 et
1155 2399 1467 2454 compages
1507 2381 1901 2446 brachiorum,
1929 2382 2004 2437 de
2040 2380 2169 2436 oleo
2206 2381 2585 2447 sanctificato,
2615 2381 2789 2446 etc.,”
2828 2388 2892 2437 ut

777 2484 971 2537 supra.
1048 2466 1127 2521 Et
1161 2467 1418 2531 interim,
1460 2466 1676 2522 chorus
1712 2467 1972 2521 cantavit
1994 2464 2507 2538 Antiphonam,—³
2526 2469 2564 2494 ‘⁴
2590 2464 2895 2521 Unxerunt

780 2553 819 2577 “
859 2550 1088 2621 Regem
1152 2550 1524 2606 Salomonem
1574 2550 1638 2604 in
1700 2549 1873 2621 Gyan
1935 2549 2167 2604 Sadoch
2206 2548 2494 2604 Sacerdos
2548 2555 2613 2604 et
2658 2549 2893 2605 Nathan

780 2638 817 2661 ‘⁶
856 2633 1168 2706 Propheta,
1198 2639 1258 2690 et
1280 2634 1658 2690 ascendentes
1682 2634 1806 2689 loeti
1829 2634 2120 2698 dixerunt,
2154 2636 2167 2661 ⁴
2188 2633 2373 2690 Vivat
2409 2632 2427 2665 ¹
2452 2630 2657 2704 [Rex]
2732 2634 2891 2689 Alle-

781 2721 818 2745 “
862 2721 878 2746 ‘
903 2718 1067 2773 luia!
1089 2718 1124 2743 ”
1197 2718 1521 2790 Postquam
1569 2717 1874 2790 subjunxit
1907 2716 2535 2788 Metropolitanus,—-“
2563 2716 2743 2783 Deus,
2783 2717 2893 2772 Dei

781 2806 818 2830 “
857 2802 1033 2867 filius,
1093 2803 1133 2858 J
1134 2820 1269 2860 esus
1331 2803 1624 2867 Christus,
1692 2801 1981 2858 Dominus
2028 2807 2244 2867 noster,
2298 2803 2401 2872 qui
2451 2819 2487 2856 a
2545 2801 2723 2857 Patre
2768 2802 2894 2856 oleo

782 2892 821 2916 “
860 2889 1236 2945 exultationis
1285 2895 1497 2944 unctus
1536 2895 1627 2945 est
1662 2906 1784 2961 prae
1819 2888 2207 2961 participibus
2263 2888 2407 2953 suis,
2448 2889 2576 2960 ipse
2610 2905 2719 2959 per
2750 2906 2896 2959 prae·

782 2975 820 2999 “
860 2979 1084 3028 sentem
1132 2974 1285 3028 sacri
1334 2973 1614 3043 unguinis
1663 2973 2018 3028 infusionem
2069 2971 2342 3043 spiritum
2395 2970 2689 3027 Paracleti
2723 2989 2897 3043 super

781 3059 818 3084 ‘⁸
858 3063 1035 3128 caput
1086 3063 1256 3112 tuum
1293 3057 1580 3121 infundat,
1633 3056 1655 3089 ⁴
1674 3056 2138 3111 benedictionem
2186 3056 2547 3126 eandemque
2581 3072 2771 3127 usque
2822 3055 2897 3110 ad

780 3144 818 3167 “
857 3141 1138 3196 interiora
1171 3141 1364 3196 cordis
1401 3140 1489 3195 tui
1525 3146 1832 3212 penetrare
1868 3141 2047 3195 faciat
2063 3150 2095 3206 ;·
2120 3146 2408 3210 quatenus
2444 3140 2557 3194 hoc
2580 3139 2801 3197 visibili
2838 3145 2898 3194 et

779 3227 819 3251 ‘⁴
858 3225 1150 3280 tractabili
1176 3225 1326 3280 dono
1349 3225 1673 3279 invisibilia
1705 3224 2025 3297 percipere,
2054 3228 2132 3289 et,
2158 3223 2470 3295 temporali
2504 3240 2688 3295 regno
2715 3224 2896 3295 justis

781 3312 818 3336 “
858 3309 1353 3364 moderaminibus
1421 3314 1682 3373 executO,
1751 3308 2105 3363 aeternaliter
2146 3324 2282 3364 cum
2330 3326 2399 3363 eo
2457 3325 2725 3381 regnare,
2779 3326 2897 3363 me·

782 3395 819 3419 ‘⁶
858 3393 1104 3448 rearis.”
1200 3392 1357 3459 Mox,
1391 3393 1557 3449 finita
1585 3393 1864 3457 oratione,
1910 3392 2404 3465 Archiepiscopus
2441 3410 2578 3448 cum
2609 3393 2896 3465 Episcopo

776 3475 1196 3548 hymnum,—“
1232 3477 1388 3534 Veni
1428 3477 1692 3543 Creator,
1734 3476 2053 3548 Sphitus,”
2092 3477 2109 3509 ¹
2134 3474 2550 3549 [inceperunt],
2609 3477 2774 3548 Rege
2810 3478 2896 3531 in-

775 3561 951 3616 terim
986 3568 1277 3634 prostrato
1312 3562 1375 3616 in
1410 3563 1590 3633 longa
1611 3561 1803 3626 venia,
1831 3567 1893 3617 et
1914 3562 2073 3617 circa
2106 3578 2242 3616 eum
2277 3561 2729 3632 Metropolitano
2763 3579 2896 3617 cum

780 3645 1177 3717 Suffraganeis
1215 3647 1359 3701 suis,

851 3730 1101 3801 Expleto
1136 3730 1373 3801 hymn0,
1414 3734 1643 3785 erectus
1683 3736 1775 3785 est
1796 3728 1923 3784 Rex
1947 3730 2020 3785 ab
2042 3728 2519 3801 Archiepiscopo,
2562 3734 2625 3784 et
2658 3728 2897 3785 indutus

778 3821 869 3870 est
910 3815 1102 3886 primo
1142 3815 1345 3869 tunica
1382 3813 1584 3870 Sancti
1623 3814 1919 3878 Edwardi,
1963 3820 2025 3869 et
2058 3819 2209 3886 post,
2253 3814 2519 3884 ejusdem
2562 3812 2893 3879 dalmatica,

777 3899 1042 3970 projecta
1078 3898 1235 3954 circa
1281 3897 1500 3953 collum
1535 3898 1666 3969 ejus
1702 3898 1868 3962 stola,
1908 3897 2368 3968 Archiepiscopo
2405 3898 2696 3954 orationes
2741 3916 2893 3954 com-

449 3988 687 4054 Delivery
704 3989 766 4039 of
779 3989 1043 4053 petentes
1079 3982 1319 4038 interim
1355 3988 1763 4054 prosequente.
1839 3983 1987 4038 Post
2009 3983 2156 4047 haec,
2208 3981 2723 4055 Archiepiscopus‚
2764 4001 2898 4039 cum

445 4057 528 4107 ‘¹²0
547 4056 724 4107 SWOffi
782 4068 1108 4140 Episcopis,
1147 4066 1394 4123 tradidit
1429 4068 1484 4121 ei
1522 4067 1806 4138 gladium,
1848 4066 1935 4122 ita
1976 4067 2174 4122 dicens
2197 4070 2331 4133 ;—“
2355 4066 2576 4139 Accipe
2612 4067 2897 4138 gladium,

443 4123 625 4239 ἓξὲξ
786 4155 823 4179 “
860 4170 966 4224 per
1035 4170 1245 4208 manus
1307 4152 1751 4224 Episcoporum‚
1815 4150 1958 4207 licet
2014 4151 2308 4223 indignas,
2383 4151 2511 4208 vice
2584 4157 2781 4208 tamen
2840 4159 2903 4208 et

445 4255 643 4321 biflhoff„
784 4238 822 4264 “
861 4237 1205 4293 auctoritate
1245 4236 1594 4293 Sanctorum
1630 4235 2047 4308 Apostolorum
2071 4240 2456 4302 consecratas,
2485 4236 2596 4291 tibi
2617 4236 2903 4307 regaliter

786 4324 823 4349 ‘⁴
862 4321 1222 4394 impositum,
1286 4327 1617 4393 nostroeque
1678 4320 2099 4377 benedictionis
2153 4321 2342 4377 officio
2389 4322 2453 4376 in
2507 4320 2903 4378 defensionem

847 4577 861 4607 ¹
888 4575 1130 4640 Supplied
1153 4575 1283 4627 from
1314 4575 1452 4626 Bibl.
1475 4574 1605 4640 Reg.
1634 4580 1696 4624 13
1726 4573 1788 4624 E,
1960 4576 1979 4604 ⁸
2007 4579 2028 4623 l
2058 4572 2224 4641 Kinys
2244 4574 2280 4624 i.
2303 4579 2384 4626 45.

782 4657 858 4707 ix.
909 4655 1139 4707 Omitted
1161 4655 1216 4705 in
1238 4655 1325 4705 the
1347 4654 1548 4719 printed
1569 4662 1722 4705 texts-
1958 4654 1976 4682 ⁴
2000 4652 2456 4731 benedictionemque
2494 4652 2691 4705 eunden
2726 4654 2782 4705 in
2817 4655 2909 4709 ὼε

841 4738 863 4768 ²
883 4734 1133 4787 Davidem
1154 4733 1213 4786 in
1234 4734 1320 4786 the
1342 4733 1546 4799 printed
1567 4739 1718 4784 texts.
1891 4732 2091 4797 printed
2112 4740 2261 4786 texts.
