3300 5617
781 786 911 850 344
1443 803 1702 852 ‘rnouAE
1747 802 2217 852 wALsmeuAM

449 986 586 1039 ΑΒ.
612 991 753 1041 1377.
781 984 797 1017 ¹
819 985 889 1040 ab
914 985 1166 1041 invicem
1199 990 1476 1057 separatae
1513 987 1577 1041 in
1613 991 1809 1059 partes
1850 987 2204 1052 dilabuntur,
2245 987 2693 1058 confringuntur
2716 984 2880 1047 mali,
2913 998 3030 1050 us,
3055 999 3178 1050 niu,

783 1068 912 1125 vela
964 1069 1399 1141 dirumpuntur,
1450 1070 1625 1141 plura
1673 1071 1746 1126 de
1805 1071 2128 1126 minoribus
2188 1071 2348 1127 vasis
2410 1089 2540 1141 quas
2600 1069 2888 1125 victualia
2913 1066 3047 1130 Reg
3077 1072 3130 1116 1³

781 1154 1060 1209 exercitui
1108 1154 1338 1209 fuerant
1383 1153 1648 1218 allatura,
1701 1155 2033 1221 submersa3
2098 1154 2238 1209 dum
2287 1154 2390 1225 qui
2438 1155 2500 1209 iu
2542 1172 2613 1209 ea
2652 1171 2886 1209 conces·
2912 1132 2974 1181 Ε·
2999 1146 3076 1183 ¹¹·

782 1244 993 1304 serant,
1022 1238 1229 1294 timore
1266 1239 1632 1311 tempestatis
1677 1240 1806 1310 ipsa
1844 1239 2261 1311 relinquerent,
2291 1237 2676 1311 ingrediendo
2704 1257 2884 1294 naves

780 1323 1048 1395 majoreS‚
1100 1323 1192 1378 vel
1235 1323 1405 1394 juxta
1451 1343 1618 1379 suam
1656 1324 1989 1395 opinionem
2036 1324 2330 1380 fortiores.
2410 1323 2625 1378 Divina
2648 1323 2882 1379 tandem

780 1407 1221 1479 superveniente
1258 1407 1583 1473 clementia,
1630 1427 1808 1463 naves
1857 1409 2110 1463 invicem
2157 1408 2480 1463 recollecta}
2529 1408 2605 1462 ad
2664 1413 2882 1462 terram

778 1492 1010 1563 Anglioe
1049 1499 1185 1547 sunt
1219 1492 1495 1564 appulsae.
1571 1493 1650 1548 Et
1674 1493 1970 1549 resarcitis
1997 1494 2217 1548 eisdem
2241 1494 2473 1557 iterum,
2501 1492 2882 1549 bellatoribus

777 1574 799 1606 ²
818 1577 1213 1632 instaurantur
1249 1582 1309 1633 et
1344 1578 1559 1631 iterum
1596 1595 1758 1632 mare
1801 1583 2027 1648 petunt.

1197 1878 1392 1945 Gesta
1433 1876 1731 1944 Domini
1775 1877 1855 1942 H
1852 1876 2105 1963 ‘ayonis
2155 1875 2459 1943 Calvam-le.

444 2049 674 2118 Ravageg
846 2037 1035 2108 Prope
1070 2036 1196 2092 dies
1233 2039 1367 2094 illos
1422 2037 1708 2093 Dominus
1760 2039 1941 2110 Hugo
2002 2037 2329 2102 Calverlee,
2381 2036 2601 2092 faciens
2641 2028 2877 2107 'expedi-

445 2119 735 2170 eommitted
774 2121 993 2175 tionem
1027 2140 1238 2177 versus
1274 2121 1633 2187 ³Boloniam,
1675 2121 1952 2177 ⁴fortuito
1995 2121 2217 2192 reperit-
2265 2121 2325 2174 in
2372 2126 2546 2192 portu
2583 2119 2876 2192 proedictae

443 2186 511 2299 Ἠ
538 2185 620 2301 Sff
773 2204 933 2259 villae
980 2206 1266 2276 burgiam,
1314 2225 1444 2277 quae
1497 2206 1763 2260 “⁵Aden
1799 2205 2012 2260 Villa'’
2050 2223 2263 2261 nomen
2310 2205 2531 2269 habuit,
2584 2223 2718 2259 cum
2764 2203 2878 2258 alin.

440 2267 613 2384 veggey
632 2253 747 2370 Ss'l'
777 2307 906 2360 quoe
955 2296 1082 2345 erat
1128 2290 1311 2361 Regis
1357 2290 1638 2353 Franciae,
1681 2299 1741 2345 et
1776 2291 2023 2344 navibus
2072 2289 2394 2361 majoribus
2444 2295 2506 2344 et
2551 2288 2874 2344 minoribus

442 2383 719 2452 Boulogne,
775 2391 1018 2429 numero
1052 2375 1269 2445 viginti
1305 2391 1441 2440 sex;
1495 2392 1638 2445 quas
1676 2391 1875 2429 omnes
1912 2380 2171 2444 repente,
2211 2373 2428 2444 injecto
2462 2374 2621 2446 igne,
2661 2390 2876 2427 crema·

776 2458 880 2523 vit,
927 2477 1060 2514 cum
1112 2477 1329 2530 magna
1373 2465 1541 2530 parte
1591 2458 1665 2512 de
1717 2458 2066 2514 suburbanis
2115 2458 2279 2513 illius
2329 2458 2519 2524 villae3
2569 2458 2634 2513 in
2663 2457 2873 2528 quibus

777 2543 954 2598 etiam
991 2541 1194 2598 eodem
1231 2543 1326 2597 die
1363 2561 1400 2597 a
1434 2542 1734 2614 capellano
1771 2560 1878 2598 suo
1915 2542 2160 2597 Missam
2191 2542 2475 2598 celebrari
2512 2543 2670 2607 fecit,
2704 2557 2873 2611 quam

778 2636 841 2683 et
885 2628 1027 2685 satis
1078 2627 1357 2683 audacter
1409 2627 1483 2681 ad
1537 2628 1713 2681 finem
1764 2626 2009 2681 audivit.
2101 2625 2231 2696 Qua
2282 2626 2588 2697 completa,
2635 2626 2872 2680 eandem

774 2719 1002 2784 partem
1036 2712 1195 2767 villae
1232 2711 1547 2783 direptioni
1585 2710 1765 2774 dedit,
1810 2710 2105 2766 abducens
2149 2729 2348 2766 secum
2386 2728 2635 2782 quaeque
2671 2729 2873 2765 concu-

774 2797 1067 2869 piscibilia
1120 2814 1250 2867 quae
1301 2794 1517 2850 ibidem
1566 2796 1807 2866 reperit,
1847 2814 1984 2850 eum
2030 2795 2324 2850 nonnullis
2373 2795 2619 2866 captivis
2670 2795 2770 2865 qui
2821 2795 2872 2848 ei

775 2881 1159 2936 obviaverunt
1205 2881 1462 2935 infausta
1508 2880 1672 2934 hora.
1748 2880 2033 2950 Magnum
2085 2880 2264 2935 etiam
2316 2898 2628 2935 numerum
2677 2880 2873 2934 ovium

773 2972 835 3020 et
886 2971 1281 3021 armentorum
1335 2982 1529 3020 coram
1589 2982 1653 3019 se
1708 2965 1937 3035 agebat,
1997 2982 2129 3035 quae
2179 2968 2480 3035 repererat
2529 2964 2591 3019 in
2637 2970 2873 3035 pastura

770 3067 952 3122 prope
993 3050 1215 3114 villam,
1260 3068 1390 3120 quae
1435 3048 1622 3104 victui
1679 3048 2097 3104 Galisiensium
2147 3049 2359 3104 merito
2407 3049 2738 3105 sufficerent
2769 3067 2873 3119 per

447 3159 559 3211 The
580 3160 749 3212 Came
771 3152 1052 3206 magnum
1097 3142 1347 3204 tempus.
1424 3133 1571 3205 Ejus
1619 3150 1873 3204 namque
1914 3133 2072 3188 laudi
2123 3132 2516 3204 adjiciendum
2565 3140 2672 3198 est,
2719 3132 2873 3205 quod

440 3228 499 3275 of
515 3227 707 3288 Merke,
772 3218 1079 3273 castellum
1117 3218 1189 3273 de
1228 3217 1450 3281 Merke,
1493 3234 1608 3289 quo
1645 3235 1762 3271 non
1799 3223 2000 3287 posset
2034 3235 2163 3272 esse
2200 3217 2363 3272 locus
2399 3217 2590 3289 magis
2627 3218 2872 3272 infestus

440 3292 538 3343 ¹⁰⁸³
558 3296 629 3372 by
662 3295 747 3373 th?
775 3301 1038 3367 Calesiae,
1068 3302 1119 3357 si
1155 3302 1309 3373 parti
1347 3301 1818 3356 adversariorum
1855 3303 2098 3365 faveret,
2140 3302 2446 3357 custodum
2483 3302 2710 3357 incuria
2742 3319 2873 3372 per·

438 3359 749 3478 {33:⁸le
773 3384 980 3451 ditum,
1058 3386 1080 3418 ⁶
1098 3386 1225 3458 ipso
1304 3386 1510 3441 eodem
1585 3385 1681 3439 die
1758 3391 1993 3440 strenue
2053 3386 2440 3456 recuperavit,
2494 3393 2620 3456 ’quo
2679 3386 2874 3457 ipsum

437 3493 506 3556 by
531 3443 615 3544 δέ
777 3470 987 3525 Gallici
1025 3479 1468 3542 occupaverant,
1510 3475 1570 3525 et
1605 3469 1847 3540 antiquo
1885 3468 2140 3524 dominio
2187 3486 2394 3541 parere
2442 3470 2598 3525 fecit.
2677 3468 2873 3540 Siqui-

437 3559 595 3625 Hugh
620 3561 737 3611 Cal·
776 3555 910 3609 dem
963 3554 1245 3609 Dominus
1299 3555 1591 3609 Robertus
1647 3554 1718 3607 de
1773 3554 1948 3617 Salle,
2012 3553 2181 3607 miles
2234 3572 2325 3607 nae
2385 3553 2713 3624 gregarius,
2771 3553 2876 3608 sed

437 3629 608 3690 vesse!
622 3628 751 3678 from
776 3639 930 3694 inter
966 3638 1304 3693 famosiores
1342 3644 1632 3701 strenuus,
1674 3637 1941 3709 praedicti
1978 3637 2203 3691 castelli
2242 3644 2608 3709 capetaneuS,
2655 3638 2715 3691 in
2752 3638 2874 3692 An-

433 3691 520 3742 the
536 3693 751 3748 Foench·
776 3723 958 3794 gliam
1006 3729 1372 3777 concesserat
1404 3722 1614 3777 ²'certis
1667 3722 1878 3785 causis,
1934 3721 2244 3775 commissa
2295 3722 2483 3792 ipsius
2532 3719 2874 3777 munitionis

774 3807 1041 3863 custodia
1094 3805 1440 3878 quibusdam
1492 3806 1688 3860 minus
1750 3805 1954 3860 cautis.
2056 3804 2186 3872 Qui,
2240 3823 2307 3860 eo
2361 3806 2615 3870 absente,
2675 3805 2875 3860 debito

772 3892 1232 3964 negligentiores
1297 3890 1506 3953 effecti,
1569 3889 1725 3945 ludis
1793 3895 1855 3945 et
1918 3889 2390 3960 sagittationibus
2465 3889 2870 3956 indulserunt3

771 3995 1039 4049 cumque,
1080 3981 1237 4031 certo
1279 3974 1373 4029 die
1412 3974 1845 4044 sagittationem
1879 3973 2273 4030 instituissent
2305 3992 2420 4029 non
2453 3975 2656 4046 procul
2705 3982 2874 4030 extra

769 4063 989 4117 dictum
1026 4060 1350 4123 castellum,
1377 4057 1642 4114 videntes
1681 4058 2045 4130 stipendiarii
2084 4058 2183 4129 qui
2220 4057 2284 4113 in
2319 4076 2388 4114 ea
2422 4064 2589 4113 erant
2609 4058 2868 4127 Pinax-di,

774 4236 853 4241 -—-
914 4235 1021 4241 -..-
1034 4231 1750 4241 -ffluss———a——m

839 4348 851 4377 ¹
877 4347 946 4396 ad
965 4347 1019 4398 in
1045 4348 1129 4398 the
1151 4345 1350 4410 printed
1366 4351 1515 4395 texts,
1924 4344 1944 4371 ⁵
1964 4342 2024 4392 de
2057 4342 2220 4393 eadem
2257 4341 2373 4394 villa
2396 4345 2450 4394 in
2473 4344 2610 4395 Bibl.
2644 4344 2777 4409 Beg.
2805 4348 2867 4394 13

835 4428 855 4455 ²
879 4428 1221 4476 instauratum
1244 4427 1295 4476 in
1311 4427 1396 4475 the
1411 4424 1610 4489 printed
1624 4430 1770 4475 texts
1856 4420 1915 4471 Ε.
1958 4421 2030 4472 ix.
2058 4441 2073 4483 3
2109 4422 2250 4473 Aden
2285 4423 2417 4474 Villa
2440 4423 2494 4475 in
2534 4424 2620 4474 the
2658 4421 2870 4488 printed

838 4508 858 4535 ²
887 4504 1143 4555 Gelonium
1186 4506 1241 4555 in
1264 4506 1411 4571 orig„
1443 4505 1515 4569 by
1537 4503 1771 4554 inadver·
1855 4508 2008 4552 texts.

770 4580 930 4622 tence.
1922 4582 1942 4610 ⁸
1965 4582 2122 4645 ipsum
2144 4580 2198 4631 in
2221 4581 2337 4647 orig
2360 4602 2375 4643 ς
2427 4586 2686 4634 corrected
2727 4583 2866 4634 from

836 4652 1082 4713 *fortuitu
1105 4651 1159 4701 in
1181 4652 1325 4717 orig„
1349 4653 1448 4703 and
1472 4651 1606 4703 Bibl.
1642 4653 1769 4716 Reg.
1855 4659 1941 4709 the
1961 4660 2161 4724 printed
2182 4670 2331 4713 texts.

771 4735 833 4779 13
856 4730 917 4781 E.
937 4730 1008 4781 ix.
1921 4740 1939 4768 ⁷
1956 4739 2015 4789 de
2035 4742 2182 4792 certis
2202 4740 2258 4791 in
2280 4742 2366 4792 the
2385 4741 2586 4807 printed
2607 4751 2755 4794 texts.
