3300 5617
814 768 945 840 370
1470 782 1734 832 'mmm
1776 779 2251 832 wALsmonAu

478 971 1049 1044 A.D.1378.Anglioe
1107 970 1320 1027 damna
1373 986 1492 1025 non
1549 967 1736 1026 solum
1808 968 2216 1036 meditabwur,
2280 968 2386 1025 sed
2443 968 2624 1025 etiam
2680 964 3136 1039 publicanam

815 1056 1182 1122 minabatur-3
1245 1053 1349 1109 sed
1402 1053 1532 1124 ejus
1586 1056 1827 1109 conatus
1887 1052 2024 1125 Ipse
2076 1053 2405 1126 impedivit,
2467 1052 2570 1124 qui
2632 1050 2913 1123 superbos
2936 1041 3044 1158 ἐς·
3065 1049 3105 1092 ¹³

817 1139 1093 1195 humiliat
1125 1143 1189 1194 et
1221 1137 1437 1193 exaltat
1468 1136 1743 1193 humiles.
3007 1123 3065 1159 ¹¹⁴

481 1216 623 1294 ὖῡῑξῐξ
888 1224 1040 1280 'I'um
1097 1240 1239 1279 vero
1297 1221 1606 1278 suscitavit
1664 1220 1827 1276 Deus
1886 1225 2089 1277 contra
2140 1238 2275 1276 eum
2327 1237 2513 1277 unum
2564 1237 2636 1275 ex
2689 1217 2915 1275 civibus

481 1283 711 1361 Phq¹p⁰t
817 1308 1256 1372 Trinovantum,
1313 1305 1418 1378 qui
1470 1320 1605 1361 eum
1654 1304 2011 1371 humiliavit,
2066 1310 2128 1362 et
2173 1323 2212 1361 a
2257 1304 2470 1361 timore
2506 1304 2636 1376 ejus
2670 1318 2920 1373 regnum

482 1363 794 1466 gqegssngich
814 1391 1051 1463 Angliae
1121 1390 1414 1463 liberavit,
1486 1395 1558 1445 ut
1626 1388 1851 1461 patebit
1943 1389 2191 1445 inferius
2276 1388 2612 1447 volentibus
2682 1386 2915 1442 intueri.

485 1454 713 1547 captui-es
819 1475 862 1531 J
862 1477 1114 1531 ohannes
1149 1475 1455 1545 Philipott,
1482 1473 1631 1530 civis
1668 1472 2111 1539 Londoniensis,
2147 1473 2243 1528 vir
2266 1479 2328 1530 et
2364 1473 2601 1544 ingenio
2640 1470 2920 1544 praeditus

482 1549 569 1598 ²¹²0
591 1564 681 1598 ⁸⁰¹¹
703 1548 766 1599 ⁰f
819 1565 882 1615 et
943 1559 1388 1632 potentissimus
1460 1557 1688 1630 opibus,
1764 1557 1950 1613 Ducis
2021 1556 2377 1613 Lancastriae
2447 1563 2509 1613 et
2577 1562 2919 1612 caeterorum

483 1615 625 1733 {fhn
819 1642 1206 1699 Dominornm
1240 1642 1552 1708 defectum,
1590 1658 1668 1696 ne
1702 1640 1896 1696 dicam
1928 1639 2267 1706 falsitatem,
2306 1641 2410 1712 qui
2443 1657 2696 1712 regnum
2733 1638 2921 1693 defen-

543 1696 693 1733 ercet.
817 1727 976 1783 disse
1000 1727 1341 1792 debuerant,
1366 1730 1587 1782 attente
1610 1723 2006 1790 considerans,
2033 1730 2096 1780 et
2117 1724 2590 1797 oppressionibus
2613 1721 2921 1780 condolens

816 1811 1160 1878 incolarum,
1205 1810 1279 1866 de
1317 1811 1556 1883 propria
1589 1809 1841 1882 pecunia
1882 1808 2160 1865 conduxit
2195 1808 2213 1841 ¹
2233 1808 2310 1865 ad
2331 1808 2521 1865 millia
2544 1812 2918 1871 armatorum,

819 1897 922 1968 qui
964 1902 1026 1952 et
1064 1893 1345 1968 praedicto
1388 1894 1429 1950 J
1430 1894 1643 1951 ohanni
1683 1893 1917 1949 Mei-cer
1952 1893 2245 1965 eriperent
2287 1910 2465 1950 naves
2507 1899 2570 1950 et
2601 1892 2761 1948 bona
2798 1908 2922 1962 quae

815 1979 1215 2036 latrocinando
1262 1985 1514 2051 ceperat,
1565 1983 1626 2033 et
1671 1995 1925 2049 regnum
1969 1976 2204 2049 Anglise
2239 1996 2276 2034 a
2322 1977 2540 2033 talibus
2594 1975 2919 2032 incursibus

818 2069 1143 2119 tuerentur.
1217 2064 1297 2119 Et
1331 2064 1554 2119 factum
1589 2068 1699 2128 est,
1738 2066 1808 2117 ut
1854 2060 2254 2133 Omnipotens,
2296 2063 2401 2133 qui
2436 2078 2667 2132 semper
2703 2060 2923 2116 assistit

817 2148 935 2219 piis
969 2148 1144 2212 votis,
1183 2147 1299 2203 sibi
1334 2152 1397 2203 et
1429 2147 1554 2203 suis
1590 2162 1896 2203 successus
1931 2163 2242 2217 prosperos
2275 2143 2705 2211 'ministrarem
2744 2144 2832 2200 ita
2859 2149 2922 2198 ut

817 2232 882 2287 in
917 2231 1083 2287 brevi
1118 2230 1384 2301 ejusdem
1421 2231 1462 2287 J
1463 2231 1708 2286 ohannis
1743 2231 1976 2285 Mercer
2010 2229 2200 2285 filium
2228 2230 2366 2301 jure
2402 2229 2616 2285 bellico
2654 2229 2750 2285 sui
2798 2245 2919 2283 con-

820 2315 1055 2371 ductitii
1113 2322 1406 2388 caperent,
1470 2333 1605 2371 cum
1665 2314 1934 2370 omnibus
1995 2331 2127 2385 quae
2188 2314 2343 2386 apud
2404 2312 2746 2384 Scarburgh
2802 2313 2920 2382 ipse

819 2400 1107 2455 violenter
1156 2399 1497 2464 abduxerat,
1550 2403 1611 2454 et
1664 2398 1798 2453 aliis
1851 2397 2187 2469 quindecim
2221 2398 2468 2454 navibus
2505 2397 2917 2469 Hispanorum,

821 2483 1049 2540 onustis
1072 2483 1277 2540 multis
1302 2483 1548 2548 divitiis,
1578 2500 1711 2554 quse
1736 2481 1852 2537 sibi
1888 2482 2106 2537 auxilio
2141 2483 2373 2539 fuerant
2407 2482 2612 2537 eodem
2648 2488 2918 2552 tempore,

488 2572 784 2639 Popularity
822 2567 1083 2624 infausta
1118 2567 1280 2623 hora.
1355 2567 1457 2623 Fit
1496 2584 1640 2638 ergo
1684 2567 1748 2622 in
1788 2566 1958 2639 plebe
1991 2567 2268 2623 universa
2289 2566 2636 2640 tripudium,
2663 2565 2922 2621 omnibus

489 2641 797 2707 OfPffiliPOss
821 2652 1195 2708 laudantibus
1232 2657 1294 2708 et
1339 2650 1766 2707 admirantibus
1807 2649 2064 2706 ⁸tantam
2113 2651 2301 2724 ipsius
2348 2651 2466 2707 viri
2513 2667 2660 2722 erga
2705 2649 2922 2719 Regem

821 2736 1286 2792 benevolentiam
1327 2744 1391 2791 et
1426 2736 1767 2802 caritatem3
1817 2733 2060 2806 jamque
2103 2735 2264 2791 solus
2306 2734 2348 2790 J
2349 2735 2602 2790 ohannes
2645 2732 2924 2804 Philipott

820 2838 922 2876 ore
959 2822 1219 2876 omnium
1254 2820 1622 2885 laudabatur,
1660 2826 1722 2874 et
1762 2818 2135 2875 admirationi
2182 2818 2504 2875 habebatur
2523 2841 2539 2874 t
2594 2816 2668 2873 de
2715 2816 2922 2872 nostris

820 2921 963 2961 vero
997 2904 1357 2977 proceribus,
1410 2909 1473 2959 et
1525 2903 1744 2958 militia
1786 2920 1918 2973 quae
1954 2902 2176 2958 dudum
2211 2903 2495 2959 conducta
2530 2903 2742 2969 fuerat,
2780 2900 2922 2956 dice-

821 2988 1034 3044 bantur
1080 2987 1361 3061 probrosa
1404 2987 1602 3052 verba,
1655 3003 1882 3059 aspera,
1933 2991 1996 3042 et
2038 2987 2350 3054 invectiva,
2400 2992 2578 3060 prout
2623 3002 2919 3053 commune

821 3073 1040 3142 vulgus
1076 3071 1227 3127 solet
1255 3070 1475 3127 inferre
1516 3071 1684 3127 vario
1730 3076 1896 3127 motu
1937 3087 2064 3126 suo.
2155 3070 2589 3127 Londonienses
2635 3071 2921 3143 praecipue

821 3155 1303 3226 obloquebantur,
1343 3155 1604 3212 dicentes
1632 3155 1762 3226 jam
1795 3171 2221 3227 perpaucorum
2255 3173 2563 3227 procerum
2597 3154 2776 3210 corda
2808 3154 2922 3208 sore

822 3257 960 3295 cum
1018 3239 1202 3311 Rege,
1265 3256 1365 3295 eos
1425 3239 1580 3295 solos
1633 3238 1749 3295 sibi
1807 3238 2012 3295 fideles
2064 3256 2228 3306 esse;
2283 3256 2533 3309 quorum
2585 3237 2732 3304 Rex,
2793 3236 2925 3292 licet

823 3322 1063 3388 ironice,
1108 3322 1425 3379 vocabatur
1473 3341 1510 3379 a
1556 3321 1854 3379 nonnullis
1908 3323 2271 3395 proceribus,
2310 3340 2379 3379 eo
2429 3323 2586 3395 quod
2619 3322 2736 3394 ipsi
2785 3321 2924 3377 mul·

823 3411 954 3462 tum
981 3406 1281 3478 juvissent
1315 3424 1451 3464 eum
1490 3407 1556 3464 in
1591 3406 2018 3465 ⁴Ooronatione
2053 3425 2179 3463 sua.

889 3622 1281 3691 AEmulatio
1310 3623 1688 3692 Procerum
1730 3624 2054 3693 adversus
2095 3625 2158 3693 J
2152 3625 2492 3694 ohamwm
2534 3622 2862 3714 Philipot.

492 3764 604 3816 The
624 3766 801 3818 nobles
895 3760 1181 3817 Proceres
1216 3762 1389 3835 regni
1421 3762 1681 3834 Angliae‚
1708 3763 1938 3821 scilicet
1971 3764 2231 3821 Berones
2267 3770 2330 3821 et
2363 3763 2642 3831 Comites,
2668 3764 2926 3821 videntes

491 3833 668 3946 {eflssfly
822 3849 945 3900 tam
995 3844 1289 3902 laudabile
1325 3846 1547 3902 factum
1582 3847 1624 3903 J
1625 3847 1873 3905 ohannis
1922 3848 2232 3921 Philipott,
2272 3849 2644 3905 conscientiae
2683 3849 2927 3920 propriae

495 3900 706 4015 ,ἓξὲξ-385
727 3900 788 3950 ⁰f
826 3929 1084 3985 stimulis
1136 3928 1366 4001 agitati,
1422 3930 1575 3985 illud
1634 3948 1795 4002 oegre
1855 3932 2138 3988 ferebant.
2211 3931 2294 3988 Et
2351 3932 2620 4004 quamvis
2681 3950 2747 3988 se
2803 3949 2927 3986 reos

486 3980 719 4082 {owardg
826 4019 1212 4084 agnoscerent
1245 4019 1308 4070 et
1341 4013 1685 4085 culpabiles,
1724 4016 1789 4071 in
1822 4020 2051 4072 tantum
2087 4022 2157 4072 ut
2184 4016 2312 4089 jam
2347 4017 2507 4089 plebi
2542 4035 2748 4072 eorum
2783 4017 2928 4071 foret

493 4096 731 4163 Philipot.
825 4096 1041 4153 inertia
1089 4098 1420 4164 manifesta,
1461 4104 1660 4154 tamen
1707 4099 1899 4155 eidem
1947 4100 1988 4156 J
1989 4101 2202 4156 ohanni
2248 4099 2538 4171 Philipott
2581 4119 2700 4157 non
2746 4102 2926 4157 solum

825 4182 1053 4237 occulte
1087 4182 1377 4250 insidiari,
1417 4182 1522 4238 sed
1562 4182 1798 4254 publice
1844 4184 2249 4257 improperari,
2289 4190 2625 4257 coeperunt;
2677 4184 2928 4240 dicentes

827 4282 943 4320 non
978 4265 1159 4321 licere
1202 4266 1315 4322 sibi
1363 4266 1508 4323 talia
1554 4267 1748 4324 facere
1787 4268 1914 4325 sine
1957 4268 2216 4325 Consilio
2263 4269 2447 4342 Regis
2489 4274 2549 4325 et
2585 4270 2774 4342 regni,
2814 4269 2926 4324 acsi

827 4485 917 4613 te}
935 4482 1059 4534 mille
1111 4493 1326 4537 armatos
1379 4486 1437 4537 in
1492 4489 1580 4540 the
1633 4487 1834 4554 printed
1931 4496 2066 4542 texts
2091 4510 2105 4551 ς
2154 4480 2406 4542 corrected
2448 4490 2578 4541 from
2621 4489 2758 4541 Bibl.
2799 4489 2920 4553 Reg.

893 4570 1229 4694 ²tvariis§.stt-avit!
1249 4645 1303 4695 in
1326 4645 1414 4697 the
1435 4646 1634 4712 printed
1657 4653 1805 4699 texts,
1936 4568 2319 4699 13⁴{a3dtime
2333 4647 2389 4698 in
2412 4647 2539 4713 orig.
2563 4668 2578 4707 3
2615 4648 2686 4713 by
2701 4647 2924 4698 inadver-

894 4723 914 4751 ⁸
936 4721 1125 4771 tandem
1146 4723 1201 4774 in
1223 4725 1351 4789 orig.
1375 4729 1476 4777 and
1509 4727 1596 4778 the
1627 4727 1829 4791 printed
1928 4733 2087 4779 tenoe.
