3300 5617
835 791 965 856 362
1486 807 1752 858 ‘mom
1795 807 2266 861 wnsmcm

489 987 799 1043 A.D.1378.
830 985 868 1013 “
908 998 1166 1053 mosynae
1213 981 1532 1099 corpcmli3
1582 985 1934 1051 necessario,
1996 987 2152 1057 quod
2222 987 2379 1047 foret
2438 988 2502 1047 in
2568 1006 2712 1047 casu
2777 998 3150 1061 opuslffllffl

827 1066 1339 1163 “eleemosynae¹
1356 1067 1680 1139 spiritualis
1720 1068 1962 1126 clericos
2003 1070 2439 1133 damnificantes
2471 1089 2537 1131 se
2575 1074 2638 1131 in
2672 1091 2925 1145 corpore
2946 1068 3058 1185 Reg
3080 1079 3120 1124 13

826 1154 864 1178 “
902 1157 963 1206 et
1007 1151 1200 1206 anima
1247 1168 1354 1221 per
1400 1151 1852 1210 subtractionem
1915 1154 2253 1226 hujusmodi
2314 1157 2623 1228 castigare.
2731 1133 3001 1219 casusn-
3019 1151 3078 1190 ¹¹·

825 1239 862 1263 “
901 1240 1097 1291 autem
1139 1252 1313 1305 quem
1351 1236 1492 1307 jura
1536 1236 1810 1302 limitent,
1861 1238 2013 1295 foret
2063 1238 2325 1297 defectus
2366 1242 2755 1315 correptionis
2807 1244 2922 1314 spi·

824 1324 861 1347 “
898 1319 1131 1375 ritualia
1197 1319 1514 1391 proepositi,
1566 1326 1627 1377 et
1673 1320 1910 1377 demum
1955 1322 2093 1379 fidei
2141 1324 2345 1381 clerici
2401 1324 2806 1397 'corrig-endi,
2857 1334 2926 1383 ut

824 1408 860 1431 “
900 1410 1064 1475 patet
1101 1403 1219 1459 xvi.
1261 1401 1329 1472 Q.
1370 1402 1408 1459 7
1446 1402 1740 1470 '‘Filiis:
1778 1402 1930 1476 ⁴[et]
1973 1421 2062 1463 XL.
2105 1406 2231 1466 Dis.
2275 1407 2378 1467 ‘Si
2415 1408 2611 1480 Papa!

891 1490 930 1519 ‘⁶
973 1485 1117 1558 [12]
1159 1487 1298 1542 Sive
1353 1486 1572 1545 domini
1620 1488 1991 1560 temporales,
2033 1489 2160 1547 sive
2217 1491 2551 1564 quicunque
2589 1492 2716 1558 alii,
2760 1492 2925 1549 dota-

824 1575 861 1601 “
898 1572 1093 1629 verint
1128 1570 1455 1629 Ecclesiam
1511 1572 1950 1643 temporalibus,
2004 1573 2146 1631 licet
2201 1574 2288 1630 eis
2350 1575 2413 1631 in
2458 1575 2478 1607 ⁵
2495 1594 2636 1637 casu
2684 1578 2924 1633 auferre

820 1660 856 1683 “
896 1654 1240 1726 tempdralia
1284 1653 1710 1713 medicinaliter
1756 1655 1832 1711 ad
1877 1657 2137 1717 cavenda
2181 1666 2438 1729 peccata,
2488 1678 2603 1716 non
2648 1660 2923 1719 obstmte

819 1744 855 1768 ‘⁴
894 1739 1502 1803 excommunicatione,
1553 1739 1651 1799 vel
1689 1740 1808 1799 alia
1841 1757 2089 1797 censura
2123 1743 2551 1810 ecelesiastica3
2590 1762 2734 1801 cum
2784 1763 2922 1802 non-

818 1828 855 1851 “
892 1823 1010 1881 m‘si
1070 1823 1179 1879 sub
1237 1822 1567 1883 conditione
1624 1823 1917 1896 implicita
1962 1831 2101 1883 eunt
2135 1824 2619 1885 donata.—-Patet
2664 1845 2742 1884 ex
2791 1830 2919 1894 hoc,

817 1913 854 1936 ‘⁸
894 1907 1050 1979 quod
1095 1906 1246 1963 nihil
1285 1906 1463 1965 habet
1516 1906 1803 1977 impedire
1850 1925 1888 1965 a
1931 1908 2246 1980 praecipuis
2289 1910 2564 1982 operibus
2611 1912 2918 1978 caritatis;

817 1996 853 2019 “
891 1990 1238 2054 necessarie,
1305 1989 1460 2060 quod
1498 1990 1561 2043 in
1601 1991 1760 2045 omni
1808 2007 1984 2062 opere
2030 1992 2283 2049 humano
2329 1992 2504 2053 debet
2549 1994 2920 2065 subintelligi

816 2078 853 2101 “
892 2074 1145 2131 conditio
1180 2073 1366 2131 divini
1401 2072 1771 2145 beneplaciti,
1817 2075 2264 2146 necessariaque
2298 2076 2434 2147 lege
2469 2076 2649 2133 civili.
2733 2077 2923 2134 Colla-

816 2162 853 2186 “
891 2159 1080 2214 tiones
1143 2156 1445 2221 ‘Gon-adi,
1497 2174 1548 2211 ο.
1599 2155 1655 2221 5,
1725 2157 1787 2211 in
1847 2156 1961 2212 fine
2009 2156 2350 2217 collationis
2412 2158 2916 2232 Decimae.-Sup-

816 2246 851 2268 ‘⁶
891 2241 1147 2313 positum
1209 2238 1232 2278 ⁷
1249 2239 1427 2311 hujus
1476 2239 2026 2310 septimae·deeimae.
2049 2241 2313 2298 —Absit
2359 2241 2515 2312 qnod
2562 2241 2583 2274 ⁵
2604 2240 2767 2314 [per]
2818 2244 2918 2299 illa

815 2329 852 2352 “
891 2326 1071 2382 verba
1109 2325 1282 2381 detur
1319 2324 1547 2380 occasio
1592 2323 1614 2356 ⁹
1631 2323 1883 2379 dominis
1927 2325 2350 2396 temporalibus
2395 2326 2470 2383 ad
2531 2327 2916 2383 auferendum

816 2412 852 2439 ‘⁶
890 2408 1041 2463 bona
1081 2408 1328 2464 fortunae
1370 2407 1431 2461 in
1473 2406 1888 2463 detrimentum
1930 2408 2229 2465 Ecclesiae.

884 2495 923 2519 “
965 2490 1110 2563 [18.]
1153 2491 1622 2557 Ecclesiasticus,
1674 2492 1852 2546 etiam
1899 2491 2196 2549 Romanus
2261 2492 2550 2559 Pontifex,
2592 2500 2791 2566 potest
2855 2495 2914 2549 in

814 2579 851 2603 “
890 2593 1030 2632 casu
1077 2594 1113 2630 a
1159 2575 1440 2647 subjectis
1487 2575 1721 2646 corripi,
1777 2580 1839 2632 et
1884 2576 1957 2630 ad
1994 2576 2314 2633 utilitatem
2350 2576 2650 2642 Ecclesiae,
2701 2584 2831 2634 tam
2877 2597 2911 2633 a

815 2664 851 2686 “
891 2660 1121 2717 clericis
1170 2678 1345 2732 quam
1391 2677 1428 2713 a
1451 2658 1637 2723 laicis,
1665 2658 2065 2714 accusari.—¹⁰
2078 2659 2253 2716 Patet
2292 2676 2363 2715 ex
2408 2661 2536 2725 hoc,
2582 2662 2743 2733 quod
2785 2663 2909 2733 ipse

814 2749 850 2772 “
892 2750 984 2801 est
1012 2744 1326 2816 peccabilis
1364 2743 1515 2799 citra
1550 2748 1854 2815 peccatum
1889 2743 1954 2798 in
1992 2743 2280 2815 Spiritum
2323 2744 2620 2810 Sanctum,
2664 2753 2736 2803 ut
2774 2765 2904 2817 sup·

812 2834 848 2857 “
887 2830 1123 2902 ponitur
1159 2846 1228 2883 ex
1267 2828 1593 2893 sanctitate,
1637 2828 1989 2892 humilitate,
2032 2834 2093 2885 et
2138 2829 2468 2889 reverentia
2511 2829 2709 2886 debita
2746 2837 2905 2888 tanto

811 2918 847 2941 ‘⁴
884 2914 1055 2987 patri.
1132 2912 1283 2969 Cum
1320 2912 1477 2967 enim
1516 2911 1596 2968 sit
1644 2911 1827 2967 frater
1862 2918 2061 2969 noster
2099 2912 2431 2984 peccabilis,
2474 2913 2742 2985 subjacet
2787 2914 2904 2986 legi

810 3002 848 3026 ‘⁸
886 2996 1269 3069 correptionis
1329 2996 1638 3060 staterum
1689 3000 1751 3051 et
1805 3012 1939 3052 cum
1990 3000 2180 3053 totum
2240 2995 2573 3068 Collegium
2621 3001 2654 3031 ¹¹
2676 2997 2899 3067 [suum]

810 3086 847 3109 ‘⁶
886 3081 1124 3153 ¹²potest
1160 3097 1289 3137 esse
1325 3078 1492 3135 deses
1518 3080 1581 3135 in
1603 3078 1966 3151 correptione
2000 3098 2108 3151 pro
2142 3082 2476 3137 necessaria
2513 3083 2900 3153 prosperitate

810 3170 846 3192 ‘⁴
881 3164 1180 3228 Ecclesiae,
1217 3169 1381 3235 patet
1415 3162 1572 3234 quod
1605 3162 1908 3221 residuum
1941 3181 2153 3235 corpus
2192 3164 2491 3231 Ecclesiae,
2520 3166 2678 3235 quod
2711 3167 2894 3237 possi-

808 3254 844 3277 “
880 3250 999 3305 bile
1034 3254 1127 3306 est
1162 3247 1480 3304 secundum
1513 3247 1835 3319 plurimum
1871 3252 2024 3304 stare
2060 3248 2124 3302 in
2158 3249 2345 3315 laicis,
2374 3248 2413 3284 ¹⁸
2427 3254 2622 3320 potest
2655 3249 2891 3304 medici-

808 3337 844 3361 “
880 3333 1094 3389 naliter
1127 3350 1263 3388 eum
1298 3332 1611 3404 corripere,
1640 3348 1932 3396 accusare,
1960 3338 2022 3389 et
2053 3332 2129 3388 ad
2164 3333 2402 3403 frugem
2447 3333 2708 3389 melioris
2732 3335 2896 3390 vitae·

831 3417 1179 3472 &reducere
1255 3415 1443 3472 Casus
1492 3421 1690 3472 autem
1729 3415 2028 3487 possibilis
2075 3416 2343 3487 tangitur
2382 3416 2420 3451 ¹⁴
2441 3417 2896 3473 Dis.11..—‘Si

830 3499 1072 3572 “Papa
1119 3499 1298 3556 fuerit
1344 3518 1381 3555 a
1424 3499 1539 3554 fide
1575 3498 1801 3555 devius.
1808 3498 2068 3555 ⁹—Sicut
2112 3501 2271 3555 enim
2293 3517 2410 3555 non
2421 3496 2608 3556 ‘debet
2654 3501 2896 3572 supponi

806 3587 842 3611 “
882 3585 943 3639 in
990 3583 1239 3639 Domino
1286 3583 1449 3655 Papa
1489 3583 1615 3639 sine
1661 3581 1883 3654 patenti
1933 3582 2228 3639 evidentia
2281 3588 2479 3639 tantus
2541 3584 2764 3655 lapsus,
2816 3584 2898 3638 sic

866 3837 879 3866 ¹
904 3830 1185 3900 spirituales
1208 3832 1264 3880 in
1286 3830 1372 3881 the
1393 3830 1592 3894 printed
1612 3837 1761 3883 texts.
1973 3831 1994 3859 ⁶
2013 3830 2276 3883 decorandi
2305 3831 2360 3881 in
2393 3832 2482 3883 the
2512 3833 2714 3896 printed
2749 3838 2898 3883 texts.

864 3919 884 3947 ²
907 3911 1196 3980 cmriqendoe
1218 3910 1274 3961 in
1289 3910 1374 3961 the
1394 3910 1594 3974 printed
1616 3916 1764 3963 texts.
1902 3911 1996 3961 See
2018 3909 2167 3961 Fuso.
2188 3909 2386 3970 Zizan„
2400 3927 2449 3975 p.
2475 3917 2588 3971 254,
2611 3911 2746 3965 Note
2771 3915 2814 3962 7.

864 3997 883 4025 ²
909 3992 1200 4058 Originally
1248 3988 1448 4040 written
1491 3987 1651 4053 filiu-5,
1707 3991 1798 4041 but
1963 3992 1980 4017 ⁷
2003 3988 2229 4041 habemus
2249 3989 2305 4038 in
2329 3989 2415 4041 the
2435 3989 2634 4053 printed
2655 4000 2805 4041 texts.

798 4072 1052 4124 corrected
1090 4069 1147 4120 in
1180 4068 1267 4120 the
1299 4067 1497 4131 margin
1522 4086 1538 4127 ς
1561 4065 1705 4130 filius
1741 4069 1795 4123 in
1960 4070 1979 4096 ⁸
2003 4067 2243 4132 Supplied
2296 4067 2429 4121 from
2472 4068 2607 4119 Bibl.
2651 4069 2781 4135 Reg.
2835 4075 2890 4117 13

797 4152 1069 4217 Bibl.Beg.
1097 4155 1156 4198 13
1178 4149 1240 4199 Ε.
1264 4147 1337 4197 ix.
1407 4146 1519 4196 The
1540 4147 1794 4198 reference
1894 4146 1954 4196 E.
1994 4147 2067 4195 ix.
2093 4166 2107 4206 ;
2142 4144 2240 4197 illis
2279 4146 2438 4197 verbis
2473 4146 2528 4196 in
2564 4147 2648 4198 the
2693 4148 2889 4213 printed

797 4230 916 4280 here
938 4229 982 4281 is
1002 4236 1057 4279 to
1078 4228 1165 4279 the
1186 4224 1428 4277 Decreta!
1466 4226 1528 4275 of
1558 4225 1790 4287 Gratian,
1892 4232 2042 4275 texte.

796 4310 911 4370 and,
934 4307 1086 4373 given
1123 4307 1179 4357 in
1214 4306 1325 4367 full,
1343 4305 1513 4355 would
1550 4306 1615 4355 be
1636 4304 1788 4355 Decr.
1956 4306 1976 4333 ¹³
2000 4303 2296 4355 Omittedin
2319 4304 2406 4356 the
2426 4304 2628 4370 printed
2644 4313 2795 4357 texts.

796 4387 928 4436 Pars
944 4386 981 4436 Ι
982 4386 1022 4436 l.
1049 4387 1219 4437 Cau-sa
1232 4384 1339 4434 xvi.
1362 4383 1579 4444 Quoestz'o
1596 4386 1642 4445 7,
1663 4384 1787 4447 Cap.
1959 4384 1995 4413 ¹⁰
2011 4390 2172 4447 potest
2185 4383 2239 4435 in
2263 4383 2350 4435 the
2371 4384 2570 4449 printed
2591 4392 2742 4437 texts.

795 4472 875 4525 31,
894 4467 995 4515 and
1016 4464 1167 4513 Decr.
1189 4463 1321 4512 Pars
1342 4463 1388 4512 Ι.
1412 4463 1683 4512 Distinctio
1700 4478 1786 4513 xi„
1957 4464 1986 4491 ¹¹
2015 4462 2253 4526 Supplied
2306 4463 2439 4514 from
2475 4464 2609 4514 Bibl.
2647 4464 2773 4529 Reg.
2827 4470 2884 4514 13

804 4544 933 4594 Pars
949 4541 1059 4592 ΙΙΙ.
1079 4546 1109 4570 “
1132 4541 1195 4592 Si
1213 4542 1376 4606 Papa,
1400 4543 1524 4591 etc.’'
1887 4540 1946 4591 E.
1972 4540 2042 4591 ix.
2065 4561 2077 4590 :
2105 4541 2314 4593 omitted
2334 4542 2391 4591 in
2410 4542 2497 4593 the
2516 4543 2717 4607 printed
2735 4550 2881 4594 texts.

858 4625 875 4652 ⁴
899 4620 1142 4685 Supplied
1196 4620 1327 4671 from
1380 4620 1499 4670 Bibl
1541 4621 1668 4685 Reg.
1726 4626 1784 4669 13
1952 4620 1990 4650 ¹²
2004 4627 2143 4684 patet
2163 4620 2216 4669 in
2239 4620 2326 4671 the
2347 4619 2546 4685 printed
2565 4628 2714 4671 texts.

796 4704 856 4753 E.
880 4701 976 4751 ix.:
1004 4700 1209 4752 omitted
1230 4700 1286 4749 in
1306 4700 1393 4752 the
1414 4700 1612 4765 printed
1632 4706 1780 4751 texts.
1954 4700 1990 4729 ¹³
2003 4705 2147 4764 patet
2165 4699 2219 4750 in
2236 4699 2322 4751 the
2346 4701 2542 4764 printed
2561 4708 2710 4754 texts.

855 4783 875 4811 ⁵
892 4795 1047 4830 causa
1067 4779 1123 4829 in
1145 4779 1268 4844 orig.
1289 4800 1304 4839 ;
1336 4780 1405 4842 by
1420 4778 1780 4831 inadvertence.
1950 4778 1986 4809 ¹⁸
2008 4777 2102 4829 See
2126 4777 2258 4829 Note
2279 4784 2309 4828 3
2333 4779 2506 4832 above.
