3300 5617
847 735 976 802 234
1510 750 1766 804 mom
1812 750 2275 804 wammam

510 938 815 994 A.D.1841.
848 941 888 966 “
924 953 1147 994 necnon
1206 937 1572 995 inimicorum
1631 936 1991 994 ¹vestu-orum
2049 938 2216 995 vobis
2277 937 2593 995 concedere
2643 937 3164 1012 ὡραῖαι-,ΒΑΜ

848 1024 888 1051 “
925 1021 1179 1079 'Datum
1218 1022 1574 1086 Cantuarioe‚
1615 1039 1700 1094 pr
1757 1023 1875 1077 imo
1913 1023 2009 1077 die
2054 1021 2423 1095 Januarii.”]
2955 1025 3057 1071 6⁵⁵·

914 1106 1241 1180 Rescripsit
1274 1107 1452 1163 etiam
1488 1107 1645 1163 idem
1680 1105 2170 1180 Archiepisoopus
2208 1107 2572 1164 Cancellario
2595 1106 2846 1180 Angliae,
2872 1108 2934 1164 in
2953 1083 3141 1221 Q

844 1191 970 1246 haeo
1006 1192 1185 1248 verba
1201 1215 1291 1247 :—

510 1273 622 1351 The
639 1271 808 1324 Arch-
921 1277 958 1302 ‘⁴
980 1274 1020 1330 J
1021 1276 1291 1342 ohannes,
1334 1276 1716 1347 permissione
1740 1276 1940 1332 divina
1962 1274 2398 1333 cantuariensis
2421 1275 2926 1349 Archiepiscopus‚

509 1340 689 1404 δῶσι)
705 1341 765 1391 ⁰¹*
850 1361 889 1387 ⁶·
926 1360 1106 1415 totius
1142 1359 1377 1431 Angliae
1411 1360 1682 1416 ’Primae
1727 1358 1816 1432 [et
1839 1360 2010 1416 Sedis
2039 1360 2395 1433 Apostolicae
2418 1361 2696 1433 negatus,
2737 1360 2929 1417 Domi-

505 1406 807 1537 &effitia-
850 1446 889 1470 “
926 1460 1002 1498 no
1019 1443 1274 1500 Roberto
1294 1444 1316 1477 ⁴
1332 1445 1390 1500 le
1414 1445 1690 1510 Bourser,
1715 1443 2077 1500 cancellario
2098 1443 2350 1515 Angliae,
2378 1445 2679 1502 libertates
2707 1443 2927 1501 Sanctae

508 1545 585 1588 ter
603 1545 656 1589 to
682 1541 768 1591 the
849 1530 889 1556 “
925 1527 1205 1584 Ecclesiae
1263 1533 1326 1583 et
1372 1531 1545 1584 terrae
1596 1529 1762 1600 leges
1815 1528 2072 1584 illibatas
2126 1530 2505 1585 conservandi
2557 1527 2923 1585 voluntatem.

510 1605 810 1657 Chimoellor
849 1614 889 1639 “
928 1612 1089 1669 Dicit
1138 1612 1293 1668 enim
1352 1611 1616 1684 Sapiens,
1681 1612 1837 1684 quod
1893 1613 2112 1669 veritas
2159 1614 2520 1684 praeoognita
2565 1627 2635 1669 ac
2682 1614 2925 1685 praevisa

503 1671 822 1789 253³anss
848 1698 887 1723 ‘³
924 1695 1186 1768 pericula
1218 1714 1333 1753 non
1367 1696 1597 1752 modica
1630 1697 1878 1752 evadere
1912 1696 2057 1753 facit
2089 1703 2224 1769 post
2262 1697 2496 1764 futui-223
2547 1696 2794 1769 ideoque
2825 1716 2922 1754 vos

506 1755 807 1856 enmqgnsse
846 1781 885 1806 ‘⁴
923 1780 1255 1852 intelligere
1313 1779 1603 1845 volumus,
1667 1779 1822 1851 quod
1874 1779 2116 1836 decimoe
2191 1780 2421 1836 Sanctae
2486 1780 2766 1836 Ecclesiae
2826 1798 2924 1853 per

508 1872 638 1920 from
653 1872 740 1922 the
845 1865 884 1891 “
920 1881 1104 1918 unum
1156 1881 1370 1919 annum
1421 1880 1529 1936 per
1574 1864 1800 1920 clerum
1851 1869 2066 1920 nostrae
2118 1863 2556 1921 Cantuariensis
2607 1864 2923 1921 Provinciae

502 1935 704 2005 0¹0¹&-
846 1949 885 1974 ‘⁴
922 1947 1173 2003 Domino
1206 1951 1405 2003 nostro
1439 1947 1593 2019 Regi
1645 1948 1857 2003 ultimo
1905 1965 2211 2014 concessae,
2267 1948 2419 2004 citra
2466 1949 2681 2004 festum
2735 1948 2922 2004 Sancti

842 2034 882 2059 “
922 2031 962 2087 J
963 2033 1203 2087 ohannis
1264 2031 1546 2103 Baptistae
1598 2032 1863 2104 proximo
1914 2033 2196 2099 futurum,
2251 2033 2428 2088 certis
2477 2032 2745 2088 terminis
2797 2049 2922 2088 cum

841 2118 880 2141 ‘⁴
918 2115 1052 2171 aliis
1087 2115 1331 2171 decimis
1385 2133 1421 2170 a
1470 2121 1626 2171 retro
1680 2116 2062 2171 existentibus
2113 2115 2531 2188 persolvendae,
2596 2115 2707 2171 sub
2755 2117 2921 2171 certis

840 2201 879 2226 “
917 2215 1205 2254 concessae
1240 2198 1472 2254 fuerant
1494 2198 1939 2264 conditionibus,
1979 2201 2276 2270 certisque
2310 2199 2576 2255 articulis
2612 2217 2649 2255 a
2682 2198 2921 2255 Domino

840 2284 878 2309 ‘⁸
915 2287 1113 2338 nostro
1148 2282 1314 2353 Rege
1349 2282 1505 2338 dicto
1541 2283 1700 2338 clero
1734 2281 2044 2347 concessis,
2086 2287 2147 2339 et
2179 2299 2286 2354 per
2321 2283 2584 2339 chartam
2609 2297 2776 2338 suam
2800 2301 2921 2338 con-

837 2368 875 2393 “
916 2366 1177 2421 firmatis.
1248 2365 1328 2421 Et
1362 2365 1618 2437 insuper,
1660 2366 1816 2436 quod
1849 2364 2041 2421 dictus
2077 2366 2270 2421 clerus
2319 2365 2483 2421 nulla
2515 2365 2634 2421 alia
2667 2367 2921 2437 portione

839 2451 878 2476 ‘⁸
916 2465 1021 2504 seu
1056 2449 1500 2515 contributione,
1540 2448 1792 2504 Domino
1827 2448 1980 2520 Regi
2033 2448 2332 2514 faciendis,
2371 2449 2467 2503 vel
2502 2450 2683 2505 etiam
2732 2463 2920 2504 conce-

839 2535 877 2560 “
916 2532 1139 2596 dendis‚
1191 2532 1297 2588 illa
1354 2532 1484 2587 vice
1541 2532 1695 2587 foret
1753 2538 2043 2588 oneratus.
2150 2532 2296 2587 Post
2352 2531 2479 2587 haec
2539 2545 2791 2603 quoque,
2862 2532 2919 2587 in

839 2619 877 2644 ‘⁶
915 2616 1308 2673 Parliamento
1332 2616 1486 2688 apud
1502 2616 2086 2673 westmonasterium
2110 2615 2172 2671 in
2188 2615 2645 2686 Quadragesima
2666 2616 2920 2687 proximo

838 2704 877 2728 “
916 2701 1130 2773 elapsa,
1170 2705 1544 2772 congregate,
1585 2717 1863 2756 concessa
1896 2705 2036 2755 sunt
2057 2699 2211 2771 Regi
2252 2715 2468 2755 nonum
2492 2699 2703 2764 vellus,
2741 2717 2918 2755 nonus

837 2789 875 2814 “
914 2804 1121 2857 agnus,
1160 2803 1310 2841 nona
1344 2785 1563 2855 garba3
1602 2784 1779 2840 certis
1817 2789 2012 2840 tamen
2044 2783 2236 2840 modis
2272 2789 2332 2840 et
2366 2783 2792 2840 conditionibus
2827 2783 2918 2839 ad·

833 2873 873 2897 ‘⁸
903 2870 1099 2942 jectis,
1138 2868 1432 2932 videlicet,
1491 2866 1647 2938 quod
1697 2867 1848 2922 nulli
1895 2867 2143 2938 praelati,
2199 2883 2307 2922 nec
2357 2868 2534 2922 etiam
2583 2867 2798 2939 aliquis
2850 2865 2918 2923 dc

833 2957 871 2980 ‘⁸
910 2954 1067 3008 clero
1124 2952 1422 3024 praedictO,
1486 2951 1561 3006 ad
1619 2951 1799 3023 huius
1859 2967 2027 3006 nonae
2086 2951 2575 3006 contributionem
2639 2950 2916 3023 portionis

832 3041 870 3063 ‘⁸
910 3037 1276 3107 aliquatenus
1315 3040 1668 3100 tenerentur,
1722 3034 1838 3089 nisi
1891 3039 2118 3090 tantum
2172 3033 2262 3089 illi
2317 3034 2420 3104 qui
2468 3052 2574 3106 per
2625 3033 2916 3090 baroniam

832 3126 871 3148 ‘⁴
910 3125 1188 3185 tenerent,
1225 3124 1286 3174 et
1321 3118 1396 3173 ad
1430 3117 2169 3175 Parliamentum-⁸venire
2220 3118 2425 3174 solent.
2517 3117 2799 3191 Quodque
2846 3121 2916 3175 ad

832 3209 871 3231 “
910 3203 1258 3258 solutionem
1307 3201 1568 3265 decimae,
1622 3207 1693 3257 ut
1741 3201 2137 3275 praemittitur,
2210 3217 2516 3268 concessae,
2586 3199 2814 3274 praelati
2860 3211 2917 3259 et

833 3292 871 3314 “
909 3288 1107 3343 caeteri
1143 3286 1217 3342 de
1251 3286 1408 3341 clero
1443 3301 1656 3341 nonam
1691 3286 2018 3358 portionem
2053 3285 2394 3357 praedictam
2430 3285 2740 3352 solventes,
2794 3287 2913 3343 nul-

833 3375 871 3400 “
909 3372 1136 3428 latenas
1173 3372 1365 3426 forent
1399 3370 1642 3426 astricti.
1705 3368 1823 3426 Sed
1859 3369 2100 3439 quidam
2135 3375 2349 3425 nostrae
2388 3369 2560 3426 dictae
2595 3369 2913 3427 Provinciae

833 3460 872 3484 “
908 3474 1075 3511 nonae
1108 3455 1390 3527 portionis
1448 3454 1806 3518 collectores,
1847 3469 1884 3508 a
1937 3452 2195 3525 praelatis
2250 3459 2309 3509 et
2358 3451 2586 3509 caeteris
2640 3453 2714 3510 de
2767 3455 2914 3511 clero

835 3544 872 3567 “
914 3540 1013 3611 qui
1050 3537 1337 3595 decimam
1372 3537 1730 3594 antedictam
1784 3537 2038 3603 solvunt,
2081 3541 2142 3593 et
2176 3555 2282 3609 per
2316 3535 2614 3593 baroniam
2649 3538 2724 3594 de
2760 3538 2913 3611 Rege

833 3627 872 3652 “
909 3624 1056 3678 nihil
1105 3629 1323 3689 tenent,
1374 3639 1482 3678 nec
1542 3621 1616 3677 ad
1680 3621 2140 3677 Parliamentum
2203 3621 2401 3677 venire
2466 3623 2692 3679 astricti
2765 3629 2909 3688 sunt,

832 3710 871 3735 “
908 3725 1137 3771 nonam,
1179 3711 1249 3761 ut
1269 3706 1667 3777 praemittitur,
1695 3721 2048 3770 concessam,
2076 3705 2291 3770 levare,
2319 3711 2381 3761 et
2400 3723 2506 3777 per
2528 3706 2936 3763 districtiones·

833 3794 871 3819 ‘⁶
912 3790 1103 3846 varias
1138 3790 1408 3844 nituntur
1443 3789 1696 3860 exigere.
1774 3787 2043 3860 Insuper,
2085 3795 2147 3844 et
2196 3789 2269 3843 ab
2320 3787 2437 3843 hiis
2491 3791 2593 3860 qm’
2645 3789 2720 3845 ad
2768 3790 2912 3847 aolu-

831 3877 871 3903 “
907 3874 1125 3931 tionem
1160 3873 1339 3946 hujus
1374 3890 1540 3928 nonae
1576 3871 2006 3944 astringuntur,
2045 3877 2249 3928 contra
2286 3869 2478 3927 Deum
2513 3879 2576 3929 et
2602 3869 2906 3945 justitiam,

832 3961 869 3986 ‘⁴
908 3976 975 4014 ac
1011 3956 1440 4014 concessionem
1477 3955 1869 4026 saepedictam,
1922 3956 2081 4011 viros
2132 3955 2556 4012 ecclesiasticos
2610 3954 2906 4023 onerando,

2045 4156 2280 4163 ——-.—-
2299 4157 2356 4163 *-
2437 4158 2472 4162 —
2531 4159 2540 4162 -
2589 4158 2602 4162 -
2649 4159 2680 4163 --
2767 4159 2786 4164 „-
2805 4158 2894 4165 „-

826 4159 1273 4168 ——n-——ffl———a-
1302 4157 1678 4164 -η--φῴ-

894 4288 909 4316 ¹
935 4285 1158 4336 Omitted
1180 4282 1235 4332 in
1259 4280 1402 4330 Harl.
1428 4287 1538 4331 655.
1921 4281 2146 4331 Arnndel
2213 4283 2342 4343 MS„
2411 4285 2456 4334 is
2493 4285 2722 4349 supplied
2793 4283 2910 4334 from

890 4368 912 4398 ²
934 4365 1044 4415 The
1080 4365 1194 4414 date
1229 4362 1274 4412 is
1296 4360 1525 4425 supplied
1560 4361 1691 4411 from
1732 4360 1820 4410 the
1920 4362 2005 4412 the
2031 4369 2141 4412 text
2162 4363 2228 4413 of
2254 4362 2641 4431 Hemingburgh
2672 4367 2774 4417 and
2804 4363 2906 4416 MS.

825 4445 1022 4511 printed
1056 4449 1191 4493 texts
1227 4441 1291 4491 of
1334 4440 1685 4506 Walsingham
1719 4441 1820 4491 and
1919 4441 2062 4492 Harl.
2082 4447 2196 4494 655.

823 4525 937 4575 MS.
962 4523 1103 4573 Harl.
1125 4526 1238 4572 655.
1989 4523 2009 4553 ⁴
2036 4519 2111 4583 de,
2135 4522 2281 4574 Harl.
2308 4528 2419 4574 655.

891 4606 910 4633 ³
933 4602 1044 4652 The
1089 4599 1372 4664 remaining
1393 4599 1593 4662 portion
1628 4601 1691 4649 of
1717 4598 1819 4648 this
1987 4602 2008 4629 ⁸
2031 4608 2250 4651 tenentur
2275 4604 2448 4663 venire,
2471 4603 2614 4654 Harl.
2641 4611 2751 4656 655.

826 4684 1010 4742 Later,
1067 4679 1232 4731 which
1284 4679 1329 4728 is
1368 4678 1575 4728 omitted
1624 4678 1681 4726 in
1734 4678 1819 4727 the
