3300 5617
109 1081 200 1133 ns,
222 1049 375 1132 sius
416 1107 457 1133 u

110 1148 211 1225 Reg.
236 1151 292 1197 1³

111 1215 237 1267 Eut.

1069 833 1400 884 ms‘romA
1447 833 1867 886 ANGLIGANA.
2427 825 2506 890 61

415 1022 456 1050 “
500 1020 517 1048 ⁸
543 1037 744 1076 omnes
780 1020 1046 1077 homines
1084 1021 1186 1093 qui
1221 1026 1467 1093 possunt
1499 1020 1702 1076 vivere
1738 1025 1798 1076 et
1831 1018 2024 1076 mori!
2109 1020 2189 1076 Et
2221 1020 2378 1077 idem
2414 1022 2513 1079 do·
2533 1028 2676 1082 Aa).
2703 1038 2845 1085 1296.

494 1106 691 1161 minus
717 1113 935 1172 noster,
964 1105 1109 1170 Rex,
1150 1105 1379 1177 recepit
1401 1106 1511 1160 hoo
1546 1105 1889 1175 homagium
1925 1103 2035 1160 sub
2058 1104 2175 1160 biis
2210 1105 2407 1162 verbis
2428 1130 2517 1163 :—

415 1192 455 1219 ⁸⁸
499 1192 515 1218 ‘
539 1189 666 1246 Nos
703 1189 855 1245 illud
888 1190 1209 1262 recipimus
1242 1206 1351 1261 pro
1384 1188 1562 1244 terris
1615 1189 1828 1260 quibus
1878 1190 2021 1244 estis
2061 1189 2078 1222 ¹
2093 1207 2245 1245 nunc
2288 1192 2513 1261 seysiti,

414 1276 453 1302 “
496 1277 513 1302 ‘
540 1274 701 1330 salvo
741 1274 879 1346 jure
931 1279 1128 1328 nostro
1164 1279 1267 1330 aut
1300 1272 1562 1337 alterius,
1604 1278 1668 1327 et
1713 1272 1968 1344 exceptis
2021 1274 2196 1330 terris
2232 1292 2377 1345 quas
2416 1275 2455 1331 J
2457 1293 2515 1331 o-

414 1360 454 1388 “
496 1360 513 1386 ‘
538 1358 757 1413 hannes
794 1357 867 1413 de
904 1356 1175 1422 Balliolo,
1219 1356 1510 1429 quondam
1564 1355 1691 1410 Rex
1746 1356 1975 1423 Scotiae,
2027 1357 2195 1414 nobis
2248 1359 2512 1425 contulit,

414 1444 454 1470 “
497 1444 513 1470 ‘
538 1447 844 1514 postquam
898 1459 1003 1497 nos
1040 1441 1096 1496 ei
1137 1459 1387 1512 regnum
1437 1439 1648 1497 Scotioe
1703 1440 2098 1507 liberavimus,
2139 1443 2192 1498 si
2229 1443 2376 1499 forte
2413 1443 2519 1499 sli-

414 1528 453 1556 “
496 1528 512 1554 ‘
539 1544 684 1597 quas
709 1533 896 1582 terras
919 1524 1116 1581 dedit!
1189 1525 1457 1597 Insuper,
1488 1542 1594 1580 nos
1630 1541 1849 1590 omnes,
1882 1531 1944 1580 et
1977 1526 2197 1597 singuli
2227 1533 2512 1593 nostrum,

415 1612 455 1638 ‘⁸
491 1628 598 1682 per
633 1628 696 1665 se
732 1610 978 1665 fecimus
1029 1609 1371 1665 fidelitatem
1419 1608 1653 1666 domino
1704 1614 1904 1664 nostro
1949 1611 2082 1681 regi
2115 1610 2412 1683 praedicto,
2453 1613 2532 1667 in

414 1696 455 1722 ‘⁸
492 1694 608 1750 hiis
648 1694 844 1750 verbis
865 1695 977 1749 :—‘
1003 1693 1122 1750 Ero
1174 1693 1365 1749 fidelis
1409 1698 1469 1749 et
1506 1692 1739 1764 legalis,
1793 1692 2084 1764 fidemque
2136 1700 2198 1750 et
2248 1695 2514 1767 legalita-

414 1780 454 1807 “
496 1780 512 1806 ‘
537 1785 658 1834 tem
725 1778 987 1842 servabo,
1045 1776 1350 1842 Edwardo,
1399 1775 1555 1848 Regi
1589 1776 1844 1847 Angliae,
1891 1782 1952 1834 et
1984 1777 2315 1835 haeredibus
2366 1781 2510 1844 suis,

415 1864 454 1892 ‘⁸
496 1865 513 1891 ⁸
537 1862 611 1917 de
650 1863 778 1918 vita·
821 1868 881 1919 et
917 1862 1197 1918 membris
1248 1869 1309 1917 et
1351 1866 1583 1917 terreno
1620 1862 1857 1927 honore,
1897 1868 2099 1918 contra
2149 1879 2348 1920 omnes
2411 1865 2514 1936 qui

409 1950 448 1975 ‘⁸
490 1948 507 1973 ⁶
531 1952 778 2019 possunt
811 1948 1013 2003 vivere
1049 1952 1111 2002 et
1155 1946 1342 2012 mori;
1397 1952 1459 2001 et
1512 1962 1820 2016 nunquam
1868 1963 1976 2018 pro
2025 1946 2223 2018 aliquo
2271 1948 2513 2019 portabo

415 2033 454 2060 ‘⁸
495 2034 511 2057 ‘
538 2048 717 2096 arma,
756 2048 863 2086 neo
890 2047 990 2086 ero
1013 2029 1076 2085 in
1099 2030 1342 2085 consilio
1365 2028 1462 2084 vel
1486 2028 1704 2085 auxilio
1727 2036 1929 2085 contra
1958 2047 2093 2085 eum
2120 2030 2216 2086 vel
2250 2032 2511 2088 haeredes

416 2117 454 2144 ‘⁶
496 2117 511 2142 ‘
539 2132 693 2180 suos,
753 2116 815 2170 in
869 2114 1067 2187 aliquo
1116 2131 1257 2169 casu
1307 2114 1409 2185 qui
1457 2115 1645 2185 possit
1693 2114 2061 2185 contingere;
2102 2115 2205 2171 sed
2262 2115 2513 2172 fideliter

416 2202 456 2228 ‘⁸
496 2202 513 2228 ⁸
538 2216 966 2270 recognoscam,
1009 2203 1070 2253 et
1104 2197 1356 2254 fideliter
1392 2198 1621 2264 faciam,
1667 2198 1910 2253 servitia
1945 2216 2076 2270 quae
2110 2200 2405 2271 pertinent
2438 2199 2514 2255 ad

417 2285 455 2312 “
496 2286 513 2311 ‘
538 2287 933 2339 tenementum
985 2281 1141 2355 quod
1190 2281 1263 2337 de
1314 2299 1383 2337 eo
1435 2289 1634 2337 tenere
1689 2281 1941 2337 clamito.
2060 2281 2160 2338 Sic
2209 2300 2301 2338 me
2350 2283 2511 2338 Deus

416 2370 454 2397 ‘⁸
496 2370 512 2396 ‘
538 2367 793 2437 adjuvet,
839 2374 901 2424 et
944 2384 1145 2422 omnes
1184 2365 1384 2422 Sancti
1421 2365 1591 2438 ejus!
1665 2365 1740 2421 In
1773 2365 1983 2421 herum
2016 2384 2216 2440 rerum
2249 2368 2510 2423 testimo-

416 2454 453 2480 “
490 2452 654 2506 nium
703 2451 872 2508 fsctoe
925 2457 1065 2507 sunt
1111 2452 1241 2507 istae
1305 2450 1518 2506 litteroe
1567 2454 1851 2523 patentes,
1914 2456 1975 2506 et
2033 2450 2249 2522 sigillis
2294 2452 2510 2507 nostris

416 2537 454 2562 ‘⁸
493 2535 756 2605 signstae.
849 2533 1002 2590 Data
1037 2533 1191 2606 apud
1238 2534 1586 2598 Berwicum,
1632 2551 1781 2589 enno
1827 2535 1998 2605 tegni
2046 2533 2230 2605 Regis
2276 2534 2510 2607 Angliae

416 2621 453 2646 ‘⁶
492 2617 782 2682 Edwardi,
811 2617 1029 2673 domini
1066 2619 1269 2682 nostri,
1296 2618 1578 2675 vicesimo
1615 2617 1878 2690 quinto.,'’

481 2702 620 2757 Hiis
645 2703 844 2774 itaque
869 2702 1073 2772 gestis,
1101 2703 1395 2758 ordinavit
1417 2702 1544 2757 Rex
1569 2701 1888 2758 Custodem
1927 2702 2156 2767 Scotiae,
2187 2702 2227 2757 J
2227 2702 2512 2757 ohannem
2535 2706 2776 2769 Wnrden,

412 2785 485 2840 de
518 2785 828 2849 Warenna,
872 2784 1143 2856 Surreyae
1192 2793 1251 2842 et
1301 2785 1663 2842 Southsexiae
1712 2785 2018 2852 Comitem,
2058 2786 2511 2842 'rhesum-arium
2536 2773 2823 2854 Trmuref·

409 2870 722 2940 Hugonem
742 2870 814 2926 de
833 2869 1288 2942 Oressynghsm,
1308 2869 1347 2925 J
1349 2871 1718 2926 usticiam-ium
1733 2869 2100 2926 Willelmum
2114 2870 2187 2925 de
2203 2869 2504 2942 Ormesby:
2531 2841 2639 2957 :ffl-
2651 2841 2811 2958 ἐξω·

408 2954 502 3010 eui
537 2952 840 3009 mandevit
888 2952 1033 3019 Rex,
1074 2958 1142 3009 ut
1177 2971 1375 3009 omnes
1410 2959 1675 3010 tenentes
1720 2952 1792 3009 de
1847 2953 2011 3024 Rege
2046 2961 2234 3010 terras
2282 2955 2509 3025 aliquas
2534 2973 2791 3034 Scoflwd·

407 3043 658 3101 vocaret,
718 3044 778 3093 et
830 3054 1033 3092 eorum
1086 3036 1359 3108 homagia
1411 3037 1838 3108 fidelitatesquo
1892 3038 2196 3109 reciperet.
2291 3038 2332 3094 J
2332 3037 2506 3093 ohan-
2532 3041 2803 3104 appointed

407 3139 542 3175 nem
572 3109 731 3185 vero,
763 3119 975 3176 Scotiae
1009 3119 1300 3192 quondam
1334 3138 1554 3192 regem,
1595 3121 1761 3176 misit
1791 3120 2117 3176 Londonies
2147 3120 2221 3176 ed
2249 3121 2504 3188 Turrim,
2528 3107 2600 3172 by
2615 3107 2847 3160 Edmrd·

409 3206 707 3274 assignata
742 3203 856 3259 sibi
892 3202 1131 3259 decente
1168 3202 1421 3269 familia.;
1459 3202 1827 3275 liberumque
1862 3204 2149 3260 concessit
2183 3205 2402 3259 exitum
2438 3202 2514 3258 ad
2535 3216 2700 3269 Banol
2722 3237 2845 3271 con·

409 3288 622 3359 viginti
658 3287 938 3342 milliaria
971 3287 1129 3342 circs.
1162 3286 1384 3341 urbem.
1458 3285 1498 3340 J
1500 3286 1783 3341 ohannem
1816 3303 1958 3341 vero
1995 3286 2220 3360 Comyn
2255 3286 2327 3342 de
2363 3285 2514 3342 'Be-
2537 3283 2737 3335 finediu
2757 3287 2843 3339 the

410 3372 617 3435 denau,
658 3376 719 3427 et
752 3369 936 3425 elium
972 3370 1044 3425 de
1080 3370 1312 3434 Lowan,
1364 3374 1720 3440 caeterosque
1755 3376 1929 3425 terrae
1976 3370 2138 3427 illius
2187 3377 2509 3442 magnetes,
2538 3350 2721 3401 TW&
2740 3355 2802 3404 ⁰f

409 3455 712 3511 haustulit
745 3454 808 3509 in
840 3453 1119 3525 Angliam
1156 3452 1314 3509 ultra.
1333 3453 1627 3518 'lb-entem,
1668 3453 1778 3509 sub
1808 3471 1982 3527 poena
2014 3455 2223 3527 capitis
2259 3454 2514 3511 reditum
2536 3416 2763 3472 Lond‘m'

409 3540 470 3594 in
496 3538 753 3594 Scotiam
776 3537 1147 3603 interdicens,
1176 3554 1479 3609 quousque
1513 3554 1702 3593 werra
1736 3556 1843 3594 sua
1878 3555 2014 3594 cum
2049 3539 2215 3610 Rege
2250 3539 2514 3596 Francioe

411 3623 694 3678 finiretur.
862 3653 869 3658 -
1584 3647 1589 3654 ·

479 3705 625 3760 Post
656 3704 803 3769 haec,
841 3702 969 3759 Rex
998 3704 1251 3775 Angliae,
1284 3703 1579 3776 profectus
1613 3704 1677 3759 in
1705 3703 2004 3774 Angliam,
2042 3706 2198 3778 apud
2236 3705 2512 3763 Sanctum
2534 3702 2589 3754 A
2611 3703 2806 3757 Parlia·

411 3787 786 3844 Edmundum
837 3787 1297 3843 Parliamentum
1351 3788 1557 3851 tenuit,
1602 3787 1667 3842 in
1713 3789 1965 3843 crastino
2013 3789 2392 3857 Animarum3
2450 3792 2512 3847 in
2533 3780 2673 3821 mem
2690 3773 2811 3825 hem

412 3890 527 3944 quo
562 3891 600 3928 a
633 3869 972 3928 civitatibus
1008 3877 1069 3926 et
1102 3870 1307 3941 burgis
1344 3887 1618 3927 concesse
1651 3876 1745 3926 est
1778 3869 1931 3941 Regi
1967 3878 2189 3938 octava,
2227 3891 2265 3928 a
2297 3875 2511 3946 populo
2533 3838 2839 3958 ffiuggt'

409 3972 549 4011 vero
582 3954 813 4026 reliquo
847 3953 1207 4018 duodecima,
1243 3971 1381 4027 pars
1416 3954 1716 4009 bonorum.
2657 3985 2663 3992 -

481 4038 691 4093 Glerns
727 4038 802 4092 ob
838 4037 1325 4094 constitutionem
1372 4037 1678 4094 Bonisacii.
1707 4039 1902 4110 Papae,
1941 4038 2050 4093 hoc
2086 4056 2233 4095 anno
2269 4040 2505 4109 editam,
2532 4038 2645 4090 The
2659 4040 2846 4109 Clergy

413 4117 543 4193 quoe
577 4121 866 4193 prohibet,
920 4121 1029 4177 sub
1064 4140 1237 4193 poena
1281 4122 1907 4188 excommunicationis,
1946 4139 2019 4176 ne
2064 4122 2245 4178 telliae
2280 4125 2378 4180 vel
2413 4143 2507 4180 ex·
2534 4106 2596 4221 ff
2618 4107 2761 4174 13³8·

412 4206 667 4264 actiones
717 4223 754 4261 α
809 4204 967 4261 clero
1025 4223 1131 4278 per
1192 4205 1500 4262 saeculares
1573 4205 1866 4277 principes
1926 4223 2271 4278 quocunque
2341 4208 2511 4265 modo
2535 4174 2842 4290 ,Ἓδζξῗω

411 4292 737 4361 exigantur,
772 4288 867 4345 vel
905 4289 991 4344 eis
1028 4289 1325 4345 solvantur
1357 4289 1429 4345 de
1463 4288 1640 4344 rebus
1678 4288 1974 4356 Ecclesiae,
2007 4289 2159 4361 Regi
2190 4308 2298 4363 pro
2326 4310 2514 4349 werra
2534 4310 2588 4354 to
2609 4305 2694 4356 the
2759 4259 2796 4308 y

412 4392 519 4430 sua
568 4374 790 4446 petenti
842 4372 1170 4429 subsidium
1218 4373 1546 4444 denegavit.
1622 4372 1749 4427 Rex
1797 4380 2011 4439 autem,
2052 4379 2121 4430 ut
2160 4373 2233 4429 de
2283 4375 2513 4434 meliori
2534 4370 2689 4437 1³³⁰&-

480 4694 493 4723 ¹
521 4689 748 4743 Omitted
769 4689 823 4740 in
845 4689 931 4741 the
951 4688 1153 4754 printed
1176 4694 1325 4739 texts.
1507 4695 1741 4739 vertence
1761 4709 1776 4750 3
1817 4687 2094 4739 Badenhau
2124 4690 2178 4741 in
2201 4692 2287 4744 the
2309 4694 2507 4759 printed

483 4773 504 4801 ²
521 4768 800 4821 Kadmhan
854 4768 909 4819 in
965 4767 1111 4833 orig„
1155 4767 1221 4834 by
1272 4767 1414 4818 insd-
1507 4775 1657 4818 texts.
