3300 5617
1117 818 1444 871 ammom
1472 815 1890 871 mumolum.
2430 810 2464 874 1
2477 807 2563 882 17

456 1002 642 1070 filias;
683 1003 1019 1062 Alienoram
1055 1006 1297 1073 scilicet,
1333 1025 1508 1080 qnam
1537 1007 1823 1063 Dominus
1857 1003 2210 1070 Wiuelmus,
2249 1004 2459 1063 Comes
2487 1006 2560 1062 de
2586 1018 2890 1073 A.D‚1ao7‚

456 1088 659 1155 Bares,
693 1090 851 1162 cepit
879 1090 942 1145 in
976 1109 1247 1159 uxorem3
1292 1093 1332 1147 J
1334 1093 1735 1165 ohannamque
1780 1091 1851 1146 de
1885 1090 2090 1156 Acres,
2135 1108 2265 1163 quae
2303 1090 2441 1147 data
2473 1096 2563 1146 est

457 1170 723 1227 Gilberto
759 1172 832 1227 de
881 1173 1069 1240 Clare,
1118 1174 1334 1232 Comiti
1385 1170 1786 1242 Gloucestriae,
1825 1175 1889 1230 in
1925 1191 2200 1239 uxorem;
2255 1192 2385 1245 quse
2426 1180 2561 1246 post

455 1254 760 1312 decessum
808 1256 1053 1314 Comitis
1109 1259 1398 1330 quendam
1435 1260 1851 1324 bachelarium,
1895 1258 2129 1315 nomine
2186 1260 2224 1285 “
2242 1257 2559 1313 Dominum

135 1342 236 1392 MS.
259 1341 393 1392 Bibl.
459 1343 496 1365 ‘⁴
536 1339 914 1412 Radulphum
955 1342 1027 1397 de
1065 1343 1498 1410 Monhermer‚”
1536 1345 1764 1416 accepit
1796 1344 1860 1399 in
1894 1344 2189 1409 maritum,
2230 1343 2559 1399 inconsulto

136 1409 250 1525 {²3-
277 1414 340 1457 ¹³
453 1429 654 1494 patre3
690 1424 1104 1496 Margaretam,
1135 1446 1266 1498 quae
1292 1427 1665 1501 ¹desponsata
1687 1428 1802 1484 fuit
1819 1427 2068 1483 Domino
2099 1427 2374 1492 Johanni,
2403 1427 2558 1482 Duci

134 1489 407 1591 0011ιῖΉο
452 1507 821 1575 Brabantiae;
862 1509 1246 1582 Mariamque,
1294 1531 1424 1584 quoe
1465 1512 1732 1568 habitum
1781 1511 2292 1567 Sanctimonialem
2334 1511 2560 1581 accepit

132 1615 222 1666 vet,
243 1623 291 1671 p,
321 1614 362 1657 l.
452 1591 608 1663 apud
649 1591 1062 1659 Ambresbire;
1115 1601 1176 1650 et
1221 1595 1503 1661 Elizabet,
1551 1614 1728 1668 quam
1777 1595 1985 1652 Comes
2032 1594 2342 1650 Holandiae
2391 1593 2560 1649 duxit

134 1674 236 1724 MS.
259 1674 392 1725 Bibl.
451 1673 760 1744 ’ωεστ-επις
807 1696 922 1748 quo
958 1684 1206 1744 mortuo,
1249 1679 1532 1736 Dominus
1581 1680 1934 1736 Humffidus
1984 1680 2057 1735 de
2104 1679 2292 1745 Boun,
2346 1679 2556 1735 Comes

135 1740 250 1822 ΨΕ-
282 1747 340 1791 ¹³
452 1759 839 1827 Herefordiae,
890 1761 1058 1818 duxit
1104 1764 1365 1819 eandem.
1461 1764 1728 1821 Secundo
1777 1764 1944 1819 duxit
1990 1764 2116 1818 Rex
2167 1764 2447 1835 praefatus
2495 1762 2559 1818 in

133 1806 187 1858 ¹⁶⁴¹
210 1820 282 1857 ¹¹⁰
451 1843 768 1915 conjugem
813 1844 1229 1917 Margaretam,
1278 1866 1536 1903 sororem
1582 1848 1862 1920 Philippi,
1915 1847 2099 1918 Regis
2146 1846 2443 1913 Franciae3
2483 1846 2557 1904 de

450 1945 567 1998 qua
611 1930 820 1999 genuit
854 1929 1000 1987 duos
1036 1931 1207 1998 filios,
1249 1932 1530 1988 'rhomam
1566 1933 1788 1989 dictum
1828 1935 1866 1959 “
1884 1931 1956 1988 de
2004 1930 2451 1996 Brothertone,”
2496 1937 2557 1986 et

447 2010 840 2080 Edmundum,
881 2023 943 2070 et
975 2033 1152 2071 unam
1189 2015 1369 2071 filiam
1405 2016 1638 2072 nomine
1686 2020 1723 2044 “
1740 2014 2199 2087 Margaretam.”

129 2116 219 2161 MS.
234 2117 350 2162 Bibl.
518 2095 665 2152 Haec
701 2096 918 2153 idcireo
954 2098 1199 2170 dignum
1234 2099 1372 2154 duxi
1409 2100 1684 2166 scribere,
1737 2117 1810 2155 ne
1845 2100 2095 2172 posteris
2147 2099 2330 2155 lateat
2378 2115 2552 2169 gene·
2581 2096 2853 2150 Character

129 2169 422 2263 {⁶333ssss
446 2179 597 2234 ratio
633 2181 782 2236 tanti
803 2182 983 2253 regis.
1059 2182 1280 2239 Fuerat
1314 2189 1510 2240 autem
1544 2185 1608 2239 in
1642 2184 1822 2240 armis
1875 2189 2168 2249 strenuus,
2237 2180 2552 2238 bellicosus
2579 2164 2642 2214 ⁰¹⁸
2654 2165 2874 2216 Ed'u’d

129 2273 293 2363 fixas
328 2253 399 2314 αἱ.
448 2263 645 2329 etiam,
686 2271 748 2320 et
781 2265 1148 2325 victoriosus.
1224 2268 1431 2324 Totam
1481 2268 1763 2339 Angliam
1814 2267 1887 2323 de
1936 2286 2115 2323 manu
2155 2267 2426 2339 Symonis
2479 2268 2553 2322 de
2580 2232 2623 2282 Ι·

129 2321 310 2414 tffl’or
449 2347 809 2414 Monteforti,
873 2357 935 2407 et
992 2351 1182 2407 eidem
1272 2351 1695 2407 adhaerentium
1768 2351 2065 2407 Comitum
2123 2357 2184 2407 et
2234 2351 2549 2416 Bai-onum,

129 2421 390 2516 &Q
448 2431 792 2504 adquisivit.
866 2434 1142 2490 Walliam
1178 2435 1251 2491 de
1285 2453 1463 2491 manu
1510 2435 1789 2492 Lewelini
1825 2436 1888 2491 in
1922 2454 2059 2492 suos
2113 2453 2257 2492 usus
2310 2435 2553 2507 accepit.

131 2484 352 2566 Msfflibl.
366 2574 378 2585 ‚
446 2515 871 2588 Aquitanniam
922 2537 1152 2591 quoque
1206 2520 1278 2575 de
1332 2537 1508 2575 manu
1561 2520 1744 2591 Regis
1796 2520 2059 2576 Franciae
2114 2520 2406 2592 sapienter
2458 2536 2553 2574 ex-

129 2571 424 2626 QBB'U‘
445 2601 636 2657 torsit.
715 2601 971 2658 Scotiam
1008 2604 1220 2677 saepius
1258 2603 1632 2676 subjugavit3
1675 2603 1778 2660 sed
1802 2622 1874 2660 ea
1895 2609 2066 2676 capta
2088 2622 2193 2677 per
2229 2604 2553 2660 Robertum

445 2684 503 2740 le
538 2686 714 2752 Brus,
756 2687 899 2760 ipse,
941 2688 1002 2743 in
1034 2689 1187 2743 lecto
1221 2689 1427 2744 mortis
1456 2688 1679 2761 jacens,
1720 2706 1791 2744 ex
1824 2688 2305 2762 magnanimitate
2360 2688 2554 2744 cordis

439 2769 623 2841 jussit
681 2789 892 2843 corpus
944 2790 1117 2828 suum
1177 2772 1260 2827 ibi
1294 2790 1594 2828 remanere
1644 2773 2023 2845 insepultum,
2094 2778 2157 2828 et
2222 2772 2440 2828 deferri
2494 2772 2556 2827 in

447 2854 725 2922 exercitu,
766 2856 944 2911 donec
979 2861 1102 2913 tota
1140 2856 1336 2912 Scotia
1370 2861 1526 2913 esset
1577 2857 1831 2934 finaliter
1884 2857 2217 2929 subjugata.
2292 2856 2383 2912 De
2439 2873 2557 2927 quo

452 2938 690 3008 quidam
727 2938 812 2995 sic
850 2940 1088 3013 scripsit
1103 2963 1195 2996 :—

642 3045 857 3102 “Dum
889 3047 1086 3119 viguit
1120 3046 1263 3114 Rex,
1304 3052 1366 3105 et
1396 3047 1586 3105 valuit
1620 3065 1729 3104 sua
1762 3065 1979 3120 magna
2010 3052 2284 3121 potestas,

696 3130 885 3187 Fraus
919 3131 1111 3197 latuit,
1150 3150 1264 3205 pax
1300 3150 1515 3205 magna
1547 3133 1680 3199 fuit,
1719 3133 1992 3205 regnavit
2022 3130 2354 3189 honestas.”

128 3243 232 3295 MS.
255 3241 391 3297 Bibl.
517 3236 663 3292 Post
737 3235 1029 3310 Principis
1100 3234 1123 3272 ³
1138 3235 1494 3311 praedicandi
1569 3236 1893 3305 decessum,
1956 3238 2306 3296 venerabilis
2366 3243 2551 3311 pater,
2582 3235 2681 3286 His
2697 3232 2894 3286 funeral

128 3312 243 3390 ¹³²3·
271 3318 329 3363 13
451 3320 737 3378 Dominus
805 3320 1018 3379 Petrus
1087 3324 1409 3396 Hispanus,
1491 3323 1840 3390 cardinalis,
1913 3329 1975 3381 et
2040 3323 2234 3380 clerus
2300 3321 2555 3394 Angliae,
2584 3305 2861 3369 ⁰¹*me

129 3379 182 3427 E·
206 3393 276 3432 ²¹·
449 3406 760 3477 cunctique
795 3408 965 3479 regni
988 3407 1231 3473 nobiles,
1272 3409 1375 3480 qui
1411 3408 1695 3464 interesse
1735 3412 2020 3480 poterant,
2062 3408 2295 3464 obviam
2330 3406 2560 3478 corpori

447 3490 706 3561 undique
766 3498 1159 3557 occurrerunt,
1212 3492 1498 3549 solemnes
1551 3492 1969 3566 processiones,
2009 3492 2085 3548 ad
2120 3509 2266 3563 quas
2301 3501 2559 3549 venerat,

447 3591 554 3646 per
621 3574 899 3632 ecclesias
949 3574 1233 3632 faciendo,
1322 3576 1640 3647 Requievit
1706 3583 1905 3633 autem
1959 3594 2170 3648 corpus
2229 3574 2564 3631 venerabile

448 3660 818 3716 inhumatum
851 3661 916 3715 in
963 3661 1215 3717 ecclesia
1268 3659 1696 3717 canonicorum
1749 3660 1823 3716 de
1892 3660 2191 3718 Waltham
2243 3676 2431 3732 usque
2499 3659 2562 3714 in

448 3740 578 3798 ⁴die
639 3745 954 3817 sepulturae
1015 3761 1156 3810 suae,
1214 3745 1442 3801 scilicet
1498 3762 1605 3817 per
1668 3744 1960 3801 sexdecim
2008 3744 2397 3817 septimanam
2457 3759 2565 3814 per

450 3827 608 3899 quod
647 3835 900 3901 tempus,
951 3847 1020 3886 ex
1071 3828 1345 3886 mandato
1397 3834 1773 3886 executorum
1823 3829 2029 3900 Regis,
2090 3829 2235 3884 illuc
2286 3825 2564 3883 destinati

450 3918 589 3968 sunt
621 3911 696 3968 de
733 3913 985 3986 singulis
1021 3914 1254 3986 magnis
1289 3913 1661 3970 monasteriis
1713 3913 1925 3970 vicinis
1980 3914 2043 3969 in
2093 3912 2344 3968 circuitu
2419 3910 2559 3965 heb-

452 3993 809 4054 domadatim
845 4013 944 4053 sex
977 3994 1248 4054 monachi
1300 4016 1406 4055 seu
1458 3997 1739 4064 canonici,
1796 3998 1894 4054 vel
1947 3997 2049 4053 alii
2100 3995 2386 4066 religiosi,
2457 3994 2562 4067 qui

454 4081 612 4138 circa
647 4099 858 4155 corpus
891 4078 1131 4154 vigilias
1166 4082 1444 4147 facerent,
1484 4089 1546 4138 et
1579 4081 1856 4153 exequias
1911 4081 2248 4138 solemniter
2299 4079 2561 4138 continn-

454 4173 637 4233 arent,
675 4184 792 4223 non
826 4162 952 4222 sine
988 4166 1269 4239 gravibus
1315 4165 1613 4222 laboribus
1650 4172 1712 4221 et
1745 4165 2031 4238 expensis.
2105 4164 2234 4220 Nec
2287 4164 2564 4235 cuiquam

455 4247 667 4307 licebat
699 4247 989 4318 recedere,
1027 4250 1211 4307 donec
1246 4251 1488 4307 arbitrio
1523 4256 1899 4306 executurum
1945 4249 2279 4305 licentiatus
2334 4249 2562 4306 fuisset.

535 4504 881 4573 ¹de⁸ponsavie
908 4504 964 4555 in
989 4505 1076 4556 the
1097 4504 1298 4571 printed
1317 4509 1465 4556 texts.
1553 4493 1864 4568 predicavi&
1898 4499 1953 4552 in
2006 4500 2122 4554 MS.
2160 4499 2298 4552 Bibl.
2334 4500 2460 4567 Reg.
2508 4503 2571 4551 1³

529 4587 549 4616 ²
571 4585 623 4634 in
643 4601 834 4636 uxorem
856 4585 913 4635 in
935 4585 1022 4636 the
1043 4584 1245 4651 printed
1265 4589 1414 4635 texts.
1562 4582 1621 4632 Ε.
1647 4581 1724 4633 ix.

531 4666 552 4695 ³
565 4664 792 4730 predicti
824 4665 881 4715 in
930 4664 1017 4715 the
1055 4663 1258 4729 printed
1294 4669 1429 4713 texts
1454 4682 1469 4723 ς
1631 4663 1649 4692 ⁴
1670 4659 1794 4712 diem
1815 4659 1870 4712 in
1894 4661 1978 4713 the
1999 4658 2201 4727 printed
2222 4667 2372 4714 texts.
