3300 5617
1060 802 1391 854 msronu
1433 802 1847 853 ANcchNA.
2378 790 2502 856 239

25 986 375 1046 ³18.an
428 996 465 1021 ‘⁶
503 990 756 1062 Angliae,
782 989 858 1047 ad
880 989 993 1044 Dei
1017 988 1251 1045 laudem
1265 994 1326 1044 et
1347 989 1614 1060 gloriam,
1642 987 1922 1044 Ecclesiae
1947 987 2262 1045 Catholicae
2285 1003 2505 1058 pacem,
2535 989 2668 1040 AJ).
2692 993 2832 1040 1341.

25 1060 466 1169 {1⁵⁵·“
504 1081 567 1131 et
599 1075 769 1146 regni
821 1074 1097 1146 quietem,
1153 1072 1394 1145 provide
1443 1077 1581 1130 sunt
1629 1089 1937 1138 concessas,
1989 1078 2050 1128 et
2098 1071 2172 1128 ab
2206 1071 2511 1143 Archiepi-

25 1136 380 1256 m,
429 1163 469 1272 :I
507 1160 697 1255 scopis
713 1164 795 1298 tet
827 1158 1136 1297 Elliplilscolpis
1182 1156 1331 1296 gicti
1334 1157 2095 1297 1ἑτιῗιίιιὲᾒῖπείδιιίι(ιΙιΞιιιιΙιιιιιιὶοεὲ-,Ιῄ
2133 1156 2512 1296 anathemati·

28 1262 327 1371 &gb-375-
429 1331 468 1356 “
506 1249 662 1392 ἓξὲξ,
679 1260 812 1399 zui}
827 1258 1417 1398 ροεῦιῒοιιιοεοεεῗέιῗθιιι
1440 1324 1612 1380 dictas
1637 1259 1870 1381 Chartaeoc
1834 1257 2511 1381 eslffiertaexetsl‘igggs

428 1414 468 1439 ‘⁴
504 1410 952 1468 consuetudines
1006 1411 1068 1465 in
1113 1410 1244 1480 ipsa
1291 1414 1353 1464 et
1385 1409 1451 1464 in
1483 1406 1703 1464 Charta
1736 1409 1808 1464 de
1844 1409 2088 1465 For-esta.
2121 1414 2416 1465 contentas
2453 1414 2515 1464 et

427 1497 466 1523 ‘⁶
504 1512 805 1552 concessas
841 1493 1123 1552 Ecclesiae
1157 1492 1518 1562 Anglicanoe,
1560 1510 1905 1564 quacunque
1955 1499 2080 1550 arte
2121 1493 2217 1549 vel
2275 1492 2512 1565 ingenio

427 1582 465 1607 “
502 1578 854 1636 violaverint
898 1583 961 1634 et
1005 1577 1374 1648 infregerint,
1425 1574 1826 1642 diminuerint,
1889 1594 1994 1633 seu
2053 1576 2070 1610 ¹
2089 1576 2508 1641 imminuerint,

425 1666 464 1690 “
501 1663 653 1720 clam
692 1662 789 1722 vel
830 1660 1042 1732 palam,
1088 1660 1259 1724 facto,
1300 1659 1497 1724 verbe,
1538 1660 1633 1715 vel
1671 1660 1932 1726 consilio,
1972 1666 2174 1717 contra
2223 1661 2375 1726 illas,
2416 1659 2511 1717 vel

425 1750 464 1774 ‘⁶
501 1746 737 1804 illarum
782 1744 1042 1815 aliquam
1102 1744 1166 1800 in
1226 1760 1573 1813 quocunque
1626 1744 1879 1800 articulo
1924 1750 2144 1800 temere
2191 1744 2507 1800 veniend0.

426 1833 464 1858 ‘⁴
503 1828 877 1902 quamplures
900 1827 1278 1886 nibilominus
1313 1827 1750 1898 praemissorum
1772 1825 2010 1885 'conta-a
2030 1827 2217 1884 dictas
2257 1828 2508 1892 chartas,

426 1916 464 1941 “
500 1914 820 1980 libertates,
871 1918 932 1970 et
991 1911 1205 1970 liberas
1265 1909 1733 1976 consuetudines,
1783 1911 1847 1968 in
1902 1911 2121 1970 chartis
2179 1911 2512 1984 hujusmodi

425 2000 464 2025 “
500 2013 823 2063 concessas,
872 1994 1075 2054 venire
1132 2001 1353 2052 temere
1404 1995 1533 2066 jam
1590 1999 1889 2062 conantur,
1939 2002 2002 2052 et
2047 2013 2146 2052 eas
2192 1997 2513 2067 infringere

425 2085 464 2110 ‘⁸
498 2080 732 2153 ⁸plures
768 2085 907 2138 sunt
938 2079 1362 2146 moliti.--Nos,
1389 2079 1653 2151 ipsorum
1675 2097 1854 2136 ausus
1876 2079 2152 2136 nefandos
2189 2081 2514 2152 opprimere

427 2168 464 2194 ‘⁶
501 2166 820 2237 cupientes,
860 2180 928 2220 ac
977 2163 1230 2222 velatam
1281 2163 1671 2235 ignorantiam
1720 2168 1782 2219 et
1833 2169 2122 2235 captatam
2175 2164 2400 2235 fugare,
2440 2162 2515 2218 ad

426 2251 464 2277 ‘⁶
501 2249 762 2306 omnium
782 2248 1052 2304 notitiam
1085 2247 1438 2304 deducentes
1473 2247 1795 2318 praemissa,
1834 2264 2135 2303 monemus
2169 2247 2234 2302 in
2267 2246 2288 2274 ⁴
2300 2264 2515 2318 genere

425 2336 465 2361 “
502 2350 703 2389 omnes
750 2338 813 2390 et
857 2331 1123 2404 singulos
1177 2332 1282 2403 qui
1331 2337 1536 2428 contra
1585 2331 1893 2402 praemissa
1940 2331 2188 2387 fecerint
2220 2331 2284 2386 in
2317 2331 2516 2402 aliquo

428 2504 467 2529 ι·
503 2415 2250 2566 ἓέὲζΐῗᾚιὲῗὲῂ,ωέἑῗ““οὲἑῗοᾷἲῖῒὲζζῖζὲἒωᾱω
2251 2415 2515 2556 3333:

428 2587 468 2614 ‘⁸
503 2585 888 2650 troduxerint,
949 2584 1045 2641 vel
1105 2584 1470 2644 servaverint
1524 2584 1903 2649 introductae,
1967 2585 2280 2656 scriptores
2339 2585 2516 2640 etiam

429 2672 466 2698 “
504 2674 874 2735 statutorum,
911 2685 1134 2724 necnon
1180 2667 1543 2724 consiliarios
1591 2674 1655 2726 et
1687 2674 2040 2734 executores,
2081 2674 2142 2725 et
2175 2668 2278 2739 qui
2313 2685 2514 2725 secun-

429 2757 468 2784 “
504 2753 645 2810 dum
680 2770 752 2810 ea
784 2751 1266 2824 proesumpserint
1306 2750 1590 2823 judicare,
1644 2751 1803 2823 quod
1850 2752 2045 2809 debite
2097 2770 2162 2809 se
2197 2753 2512 2850 corrigant,

429 2839 467 2864 ‘⁶
503 2843 566 2892 et
612 2835 1040 2894 ordinariorum
1105 2834 1347 2891 arbita-io
1410 2834 1581 2906 plene
1645 2836 2014 2893 satisfaciant
2063 2836 2138 2892 de
2188 2837 2516 2895 commissis

431 2924 469 2949 ‘⁸
504 2920 661 2976 infin-a
695 2919 1029 2992 quindecim
1062 2919 1209 2985 dies,
1249 2936 1287 2974 a
1317 2925 1580 2990 tempore
1628 2920 1963 2978 monitionis
1997 2926 2211 2976 nostrae
2247 2922 2516 2977 continue

430 3007 468 3034 ‘⁴
504 3003 927 3070 numerandos;
980 3020 1127 3075 quos
1161 3020 1277 3060 non
1311 3009 1601 3075 parentes,
1642 3021 1715 3062 ex
1747 3010 1887 3062 tunc
1923 3005 1986 3061 in
2021 3005 2236 3062 dictam
2269 3006 2515 3077 Major-is

431 3091 469 3120 ‘⁴
505 3087 1133 3145 Excommunicationis
1195 3088 1559 3154 sententiam,
1632 3107 1739 3161 per
1815 3089 2218 3147 Innocentium
2295 3091 2516 3162 Papam

431 3175 470 3200 “
506 3171 791 3242 Quartum
824 3188 898 3228 ex
930 3177 1093 3228 certa
1127 3171 1371 3229 scientia
1402 3171 1819 3240 confirmatam,
1846 3173 2260 3232 denunciamus
2285 3175 2516 3247 publice

432 3259 469 3287 ‘⁴
506 3262 567 3314 et
600 3256 937 3312 solemniter
970 3255 1264 3312 incidisse.

499 3343 539 3368 “
558 3340 729 3406 Item,
755 3355 954 3396 onmes
978 3343 1040 3396 et
1062 3339 1345 3410 singulos,
1373 3339 1475 3411 qui
1498 3339 1573 3395 de
1597 3340 1883 3407 domibus,
1910 3344 2206 3409 maneriis,
2232 3345 2515 3417 grangiis,

432 3426 470 3452 “
506 3428 609 3480 aut
618 3423 765 3479 locis
782 3422 934 3488 aliis,
961 3422 1037 3479 ad
1058 3422 1563 3495 Archiepiscopos,
1590 3423 1927 3497 Episcopos‚
1955 3428 2052 3483 vel
2075 3428 2220 3484 alias
2243 3446 2518 3500 personas

433 3510 471 3536 “
506 3506 951 3572 ecclesiasticas,
1012 3507 1459 3580 pertinentibus,
1527 3509 1842 3580 quicquam
1889 3517 2104 3582 proeter
2159 3513 2518 3569 voluntatem

431 3593 470 3618 “
508 3592 888 3656 dominorum,
928 3591 1027 3647 vel
1063 3608 1263 3647 eorum
1302 3592 1406 3662 qui
1442 3598 1579 3648 sunt
1611 3593 1949 3666 hujusmodi
1997 3614 2196 3652 rerum
2248 3599 2517 3654 custodes

432 3677 471 3702 ‘⁸
506 3674 812 3746 deptutati,
874 3674 1229 3741 stambere,
1289 3692 1515 3748 capere,
1577 3694 1936 3745 consumere,
1998 3681 2094 3736 vel
2163 3688 2518 3739 contrectare

432 3761 470 3786 ‘⁶
507 3759 1002 3830 praesumpserint,
1054 3759 1206 3831 capi,
1256 3761 1539 3826 consumi,
1584 3778 1692 3818 seu
1740 3765 2086 3820 contrectari
2122 3764 2384 3833 fecerint,
2421 3766 2518 3822 vel

431 3845 469 3869 ‘⁶
507 3842 843 3914 hujusmodi
905 3843 1371 3909 abstractionem,
1434 3845 1780 3916 captionem,
1841 3849 2355 3921 consumptionem,
2416 3858 2520 3907 aut

431 3928 470 3955 ‘⁸
507 3926 973 3993 conmotionem,
1026 3945 1134 3984 suo
1184 3928 1435 3994 nomine,
1487 3930 1584 3985 vel
1618 3947 1657 3986 a
1690 3931 2076 3989 familiaribus
2124 3933 2248 3990 suis
2284 3935 2515 4001 factam,

430 4012 470 4038 ‘⁸
508 4016 694 4066 ratam
762 4009 1091 4076 habuerint,
1165 4011 1575 4069 ecclesiasticae
1643 4014 1935 4071 libertatis
2006 4022 2066 4072 et
2135 4017 2519 4075 immunitatis

431 4096 470 4121 “
507 4093 819 4152 violatores
842 4094 1112 4160 existere,
1138 4100 1202 4150 et
1221 4095 1854 4156 &communicationis
1888 4099 2133 4171 Majoris
2169 4103 2518 4158 sententiam

430 4179 469 4205 “
506 4183 708 4238 contra
753 4178 1066 4238 violatores
1102 4179 1439 4237 libertatum
1473 4181 1754 4240 Ecclesia
1801 4183 1866 4240 in
1912 4183 2173 4240 Concilio
2207 4185 2518 4243 oxoniensi

431 4264 471 4290 “
509 4261 705 4327 latam,
732 4261 862 4334 ipso
884 4262 1038 4318 facto
1075 4263 1373 4319 incurrere
1408 4263 1823 4323 denunciamus
1848 4267 2078 4339 publice
2102 4274 2163 4324 et
2184 4269 2519 4327 solemniter

432 4347 472 4372 “
510 4345 573 4401 in
605 4345 722 4401 hiis
758 4346 1013 4417 scriptis.

498 4599 513 4632 ι
536 4598 854 4661 mm
875 4598 1022 4650 flul,
1045 4603 1159 4650 556.
1594 4603 1613 4634 ⁴
1632 4618 1838 4668 quer-ra,
1860 4602 2005 4657 Harl.
2026 4610 2161 4667 6553
2195 4608 2516 4674 byinadver·

496 4678 518 4707 ²
538 4694 631 4727 non
652 4678 817 4744 {quari
835 4685 1022 4741 convo,
1046 4677 1190 4730 Harl.
1216 4683 1329 4728 655.
1524 4687 1680 4732 tense.

497 4758 517 4786 ⁸
529 4755 746 4822 plurimi,
768 4756 913 4809 Harl.
938 4761 1051 4810 655.
