3300 5617
512 992 651 1048 ΑΒ.
675 996 820 1046 1841.
847 1002 885 1026 “

846 799 975 863 242
1506 810 1766 859 mou
1811 808 2278 858 mammem

924 999 1013 1053 bit
1060 1014 1207 1062 eam,
1276 996 1547 1052 fiduciam
1612 995 1937 1066 posuimus,
1982 1005 2044 1050 et
2090 995 2390 1050 subtracto
2447 994 2636 1057 nobis.
2705 994 2932 1051 utinam
2957 998 3192 1052 Manui

847 1087 886 1109 ‘⁸
923 1101 1037 1137 non
1098 1079 1513 1142 fraudulenter,
1572 1089 1805 1176 sperato
1877 1078 2158 1144 subsidio,
2219 1079 2566 1133 necoesitate
2625 1079 2930 1150 compulsi,
2958 1071 3065 1116 ⁵⁵⁵·

847 1169 886 1194 ‘⁶
924 1166 1035 1221 sub
1114 1165 1311 1220 usuris
1386 1164 1755 1234 gravissimis
1833 1165 2002 1235 quasi
2075 1163 2472 1235 importabilia
2540 1164 3000 1247 oonmximush
2957 1131 3188 1248 32¹¹&

847 1253 885 1278 ‘⁸
923 1265 1100 1304 onera
1155 1247 1503 1312 debitorum,
1567 1255 1629 1302 et
1693 1249 1780 1303 sic
1837 1245 2134 1303 retardata
2205 1245 2572 1318 expeditione
2641 1247 2929 1310 ulteriori,
2957 1265 3134 1329 ΒΜ

848 1335 887 1360 “
925 1332 1107 1387 coacti
1182 1348 1383 1386 sumus
1457 1331 1531 1385 ab
1608 1329 1894 1386 inchoatis
1977 1331 2428 1401 magnanimiter
2499 1331 2760 1386 hostium
2836 1349 2954 1403 ag-

850 1419 890 1445 “
926 1415 1227 1487 gressibus
1280 1431 1351 1469 ea
1406 1415 1537 1469 vice
1595 1413 1896 1480 desistere,
1947 1423 2010 1469 et
2055 1416 2118 1469 in
2165 1414 2446 1485 Angliam
2477 1432 2777 1481 remeas-03
2837 1416 2934 1469 ubi

848 1504 887 1530 ⁴⁸
926 1500 1201 1572 expositis
1284 1499 1526 1570 praesato
1594 1497 2050 1571 Archiepiscopo
2137 1501 2353 1554 nostris
2437 1500 2714 1554 aerumnis
2793 1500 2936 1554 mul-

850 1587 889 1614 “
926 1583 1225 1655 tiplicibus
1292 1589 1354 1638 et
1424 1583 1758 1638 infortuniis
1829 1584 2183 1648 memoratis,
2256 1591 2682 1655 convocatoque
2765 1602 2936 1656 super

850 1671 889 1697 ‘⁸
925 1669 1035 1724 hoo
1097 1667 1509 1732 Parliemento,
1565 1667 1581 1699 ¹
1598 1667 1897 1732 Prooeres‚
1967 1669 2244 1731 Berones,
2314 1667 2572 1733 Praelati,
2622 1668 2933 1740 ceterique

850 1755 888 1781 ‘⁴
926 1751 1127 1808 fideles
1163 1752 1427 1824 ejusdem
1463 1752 1633 1822 regni
1675 1753 1880 1818 nostri,
1919 1770 2088 1807 nonae
2139 1753 2324 1824 partis
2380 1752 2716 1824 garbarum,
2757 1769 2928 1824 agno·

852 1837 891 1864 ‘⁸
928 1853 1080 1899 rum,
1121 1841 1184 1891 et
1220 1835 1506 1890 vellerum
1548 1853 1805 1900 suorum,
1853 1843 2076 1908 preter
2133 1835 2418 1891 decimam
2469 1836 2638 1891 nobis
2697 1853 2736 1891 a
2783 1836 2934 1891 clero

851 1921 889 1947 ‘⁸
927 1935 1278 1984 concessam,
1336 1918 1454 1974 tsle
1505 1919 1674 1974 nobis
1730 1918 1946 1974 dedere
1995 1919 2342 1984 subsidium,
2396 1919 2553 1990 quod
2598 1919 2650 1974 si
2689 1918 2933 1974 fideliter

852 2005 890 2032 ‘⁴
928 2002 1235 2058 collectum
1272 2001 1483 2057 fuisset
1516 2019 1776 2073 congruo
1811 2009 2091 2074 tempore,
2135 2009 2198 2057 et
2231 2002 2550 2068 obtentum,
2593 2002 2672 2057 ad
2709 2003 2930 2075 expedi·

851 2088 889 2116 ‘⁸
928 2087 1147 2143 tionem
1186 2087 1359 2142 dictae
1400 2103 1649 2158 guerrae,
1691 2087 2020 2143 debitorum
2060 2086 2425 2150 solutionem,
2469 2093 2532 2141 et
2567 2086 2932 2142 inimieorum

850 2174 890 2200 “
926 2173 1339 2236 confusionem,
1398 2188 1513 2226 non
1586 2171 1881 2226 modicum
1944 2170 2362 2226 adminiculum
2408 2171 2817 2241 praestitisset3
2877 2178 2934 2227 et

850 2258 888 2282 ‘⁶
926 2255 1093 2320 sorte,
1134 2255 1452 2310 multorum
1490 2254 1810 2310 secundum
1846 2255 2193 2325 opinionem,
2233 2254 2634 2309 verisimiliter
2682 2254 2930 2310 suffecis-

849 2341 887 2367 “
927 2345 1019 2395 set
1033 2339 1279 2405 3—idem
1315 2339 1806 2411 Archiepisoopus
1841 2338 1918 2393 ad
1953 2338 2096 2393 dicti
2135 2338 2382 2393 subsidii
2417 2338 2834 2404 collectionem,
2875 2346 2932 2394 et

850 2425 888 2452 ‘⁴
926 2423 1174 2479 aliorum
1212 2424 1380 2478 nobis
1414 2424 1875 2478 necessariorum
1914 2423 2526 2487 subministrationem,
2570 2423 2786 2478 item-um
2809 2440 2931 2495 pro-

850 2509 889 2534 “
926 2508 1091 2563 misit
1124 2507 1432 2562 efficaciter
1466 2507 1802 2578 inteponere
1837 2513 2033 2578 partes
2070 2524 2224 2562 suas.
2299 2505 2467 2561 Unde
2490 2523 2616 2572 nos,
2643 2507 2772 2578 ejus
2808 2524 2930 2579 pro-

850 2593 889 2618 “
926 2590 1301 2646 missionibus
1338 2589 1707 2654 inherentes,
1745 2591 2060 2662 resumptis
2113 2590 2359 2654 viribus,
2411 2590 2650 2662 navigio
2702 2590 2777 2646 ad
2827 2590 2929 2646 hoc

850 2675 889 2702 ‘⁴
927 2679 1299 2744 congregato,
1343 2691 1550 2729 versus
1605 2673 1944 2728 Flandriam
1992 2674 2355 2770 navigantes,
2409 2675 2719 2730 commisso
2767 2675 2928 2745 gravi

851 2761 889 2787 ‘⁶
925 2758 1134 2831 proelio
1197 2758 1453 2813 navitico
1507 2775 1643 2813 cum
1693 2755 1978 2821 hostibus,
2044 2759 2148 2829 qui
2208 2759 2269 2812 in
2330 2763 2586 2813 nostram
2652 2765 2714 2814 et
2757 2759 2929 2814 totius

850 2844 888 2869 ‘⁸
926 2841 1119 2912 gentis
1176 2849 1389 2898 nostrae
1447 2840 1776 2912 Anglorum
1827 2842 2144 2913 perniciem
2180 2841 2661 2911 conjuraverunt3
2713 2843 2932 2897 miseri·

850 2929 888 2953 “
927 2925 1270 2980 cordissima
1308 2926 1456 2996 Ejus
1494 2925 1806 2980 clementia
1843 2925 1944 2995 qui
1983 2926 2174 2979 ventis
2216 2933 2279 2979 et
2313 2925 2464 2979 mari
2500 2925 2770 2997 imperat,
2821 2943 2928 2979 non

851 3011 889 3038 ‘⁴
925 3011 1141 3066 nostris
1182 3010 1429 3074 meritis,
1488 3008 1947 3064 'obtinuerimus
1986 3008 2059 3063 de
2095 3014 2392 3064 tantorum
2429 3008 2688 3064 hostium
2738 3009 2927 3064 multi·

849 3096 888 3121 ‘⁴
925 3094 1127 3149 tudine
1149 3110 1461 3149 numerosa
1480 3093 1787 3148 victoriam
1825 3098 1886 3147 et
1919 3092 2298 3163 triumphum.
2375 3091 2502 3160 Quo
2523 3099 2776 3164 peracte,
2802 3110 2929 3148 cum

850 3178 889 3205 ‘⁴
925 3176 1258 3248 pregrandi
1316 3176 1593 3240 exercitu,
1657 3193 1765 3248 pro
1809 3176 2034 3246 jurium
2086 3183 2418 3231 nostrorum
2476 3177 2924 3248 recuperatione,

850 3262 889 3288 “
928 3260 1136 3315 exinde
1159 3259 1619 3332 progredientes,
1641 3259 2037 3314 casti-ametati
2063 3276 2266 3315 sumus
2290 3276 2471 3330 prope
2505 3260 2804 3316 civitatem
2821 3260 2928 3315 for·

849 3347 887 3373 ‘⁸
925 3346 1215 3400 tissimum
1238 3345 1679 3408 Tornacensem,
1705 3343 1769 3398 in
1791 3343 1960 3415 cujus
1984 3342 2283 3400 obsidione
2320 3343 2683 3414 aliquamdiu
2710 3344 2929 3415 jugiter

849 3431 887 3455 ‘⁶
925 3429 1208 3501 occupati,
1251 3437 1312 3485 et
1352 3428 1703 3485 continuatis
1757 3428 2024 3499 expensis
2065 3433 2129 3483 et
2164 3427 2461 3483 laboribus
2497 3428 2750 3500 fatigati,
2788 3446 2926 3499 prue-

850 3514 888 3539 “
927 3512 1245 3568 stolantes
1228 3531 1291 3567 ιιι
1330 3512 1563 3568 silentio
1585 3512 1940 3584 promissum
1960 3511 2129 3567 nobis
2153 3512 2528 3584 adjutorium,
2560 3513 2927 3584 sperabamus

849 3597 887 3624 ‘⁴
924 3595 1113 3651 indies
1167 3595 1491 3651 ministerio
1551 3595 1695 3652 dicti
1747 3595 2191 3667 Archiepiscopi
2253 3596 2316 3650 in
2371 3601 2462 3652 tot
2519 3601 2581 3651 et
2637 3597 2702 3652 in
2757 3597 2928 3653 tantis

850 3681 888 3708 ‘⁴
924 3680 1140 3735 nostris
1177 3679 1620 3760 necessitutibus
1658 3679 1943 3746 relevari3
1981 3678 2217 3735 tandem
2236 3695 2339 3751 spe
2363 3686 2644 3752 concepta
2678 3680 2925 3744 stustati.

849 3765 888 3791 ‘⁶
926 3762 1066 3818 licet
1116 3779 1224 3835 per
1274 3763 1476 3835 plures
1526 3763 1771 3818 nuncios
1827 3768 1888 3818 et
1945 3762 2206 3818 diversas
2259 3763 2486 3819 litteras
2533 3764 2705 3835 plene
2753 3764 2928 3835 signi·

848 3850 887 3876 ‘⁸
924 3847 1291 3904 ficaverimus
1327 3847 1572 3920 praefeto
1608 3847 2085 3919 Archiepiscopo,
2129 3853 2191 3902 et
2229 3846 2363 3903 aliis
2401 3848 2753 3904 consiliariis
2803 3865 2927 3904 nos·

849 3934 886 3960 ‘⁶
925 3932 1034 3987 tris
1075 3932 1189 3988 sibi
1228 3931 1680 3996 adhaerentibus,
1723 3936 1952 3986 nostras
1977 3930 2333 4001 indigentias
2371 3937 2444 3986 et·
2471 3931 2736 4003 pericula
2773 3932 2931 3988 varia

847 4018 886 4058 ⁸·‘
924 4015 1136 4087 quibus
1176 4016 1420 4088 expositi
1466 4015 1751 4070 fuerimus
1787 4021 2026 4087 propter
2066 4014 2358 4070 defectum
2393 4015 2667 4086 promissi
2691 4014 2931 4072 subsidii

846 4101 885 4128 ‘⁶
923 4100 1246 4166 memorati,
1286 4099 1603 4155 utilitatem
1642 4098 1882 4169 insuper
1919 4102 1981 4153 et
2018 4098 2298 4153 honorem
2336 4116 2481 4170 quos
2530 4116 2602 4155 ex
2656 4116 2930 4156 succursu

847 4184 885 4209 ‘⁸
922 4184 1184 4255 pecuniae
1224 4183 1711 4254 ⁸conscripsimus
1753 4200 1858 4237 nos
1900 4199 2071 4254 posse
2120 4182 2374 4238 faciliter
2446 4183 2741 4251 obtinere3
2808 4183 2931 4239 nul·

847 4268 886 4292 “
924 4266 1047 4320 lum
1099 4272 1296 4322 tamen
1335 4266 1407 4321 ab
1449 4267 1535 4321 eis
1589 4266 2048 4321 emolumentum
2098 4267 2359 4337 recipere
2420 4269 2737 4338 potuimus,
2797 4269 2931 4340 quia

848 4352 885 4380 ‘⁶
923 4367 1048 4415 sua,
1104 4367 1221 4408 non
1272 4355 1490 4416 nostra,
1548 4351 1786 4421 negotia
1842 4356 2130 4416 curantes,
2196 4358 2257 4407 et
2333 4352 2635 4410 commoda
2700 4353 2933 4424 propria

908 4657 923 4687 ¹
950 4655 1162 4722 prelati,
1262 4674 1504 4724 proceres,
1591 4659 1844 4725 ceterique
1998 4662 2020 4691 ¹
2039 4659 2344 4724 οὸιίπιιὰιιιω,
2364 4661 2509 4713 Harl.
2534 4668 2648 4716 655.

834 4733 1027 4800 fideles,
1052 4736 1195 4789 Harl.
1220 4742 1333 4788 655.
1999 4742 2020 4770 “
2041 4742 2389 4807 conspeximus,
2412 4741 2557 4794 Harl.
2582 4748 2696 4796 655.
