3300 5617
804 789 936 853 352
1469 801 1730 852 mom
1772 800 2246 852 wusmcmm

467 998 602 1053 AD·
632 1004 778 1058 ¹377·
804 992 841 1016 «ι
878 989 1313 1127 Pef⁸⁰¹¹i⁸n³fi¹¹¹2
1344 987 1634 1060 Capitulis
1672 994 1734 1043 et
1771 987 2168 1128 Οοηνεηῗιιει
2219 988 2482 1084 ipsorum
2477 988 2912 1127 tmgleneralibus
2941 1003 3056 1135 ἃ
3079 1004 3182 1121 Ῑιξη

803 1077 839 1099 “
880 1092 951 1127 ve
1035 1090 1229 1144 specia
1253 1093 1272 1127 1
1314 1091 1403 1137 us,
1472 1089 1953 1143 quorumcunque
2081 1089 2292 1127 norum
2352 1089 2474 1127 ens
2607 1114 2621 1136 ,
2685 1090 2912 1127 necnon
3033 1110 3068 1149 ‘-

803 1162 839 1184 ⁶‘
881 1158 1115 1212 statutis
1171 1166 1231 1211 et
1283 1156 1801 1212 consuetudinibus
1853 1156 2172 1212 eorundem
2225 1155 2515 1211 Ordinum
2551 1163 2613 1211 et
2645 1157 2908 1212 locorum
2941 1140 3004 1188 Ε·
3029 1154 3097 1189 ¹¹·

801 1246 838 1270 “
878 1241 1203 1303 contrariis,
1258 1259 1363 1312 per
1423 1259 1553 1312 quae
1616 1241 1858 1297 effectus
1918 1241 2300 1312 praesentium
2379 1240 2652 1312 impediri
2714 1241 2908 1296 valeat

801 1332 838 1356 “
880 1325 1330 1397 quomodolibet,
1384 1326 1482 1379 vel
1532 1325 1781 1389 differri,
1825 1326 2057 1380 etiamsi
2109 1325 2182 1380 de
2251 1328 2338 1380 eis
2390 1343 2710 1396 eorumque
2765 1327 2904 1381 totis

800 1415 837 1439 ‘⁴
878 1411 1195 1473 tenoribus,
1247 1427 1315 1465 ac
1366 1410 1437 1465 dc
1488 1410 1672 1465 verbo
1731 1410 1806 1465 ad
1866 1411 2131 1474 verbum,
2186 1411 2361 1482 plena
2420 1408 2568 1481 ¹[et]
2631 1428 2904 1483 expressa

801 1499 836 1524 “
877 1497 1093 1552 mentio
1130 1496 1193 1550 in
1226 1495 1443 1550 nostris
1479 1496 1697 1550 litteris
1735 1496 1816 1550 sit
1847 1494 2133 1559 habenda,
2187 1513 2292 1551 seu
2346 1497 2399 1552 si
2452 1496 2702 1551 «Iohanni
2755 1515 2900 1568 prae·

800 1582 837 1610 ‘⁶
878 1580 1033 1635 dicto
1069 1580 1164 1634 vel
1203 1580 1510 1650 quibusvis
1564 1579 1717 1644 aliis,
1773 1579 2161 1634 communiter
2213 1581 2309 1635 vel
2360 1579 2618 1643 divisim,
2663 1600 2700 1635 a
2746 1581 2901 1636 dicta

800 1670 836 1693 ‘⁶
880 1665 1030 1720 Sede
1056 1665 1136 1719 sit
1160 1664 1470 1727 indultum,
1502 1664 1659 1735 quod
1682 1665 2068 1736 personaliter
2093 1665 2222 1735 capi
2261 1671 2365 1720 aut
2397 1664 2590 1737 'quod
2608 1666 2895 1729 interdici,

800 1752 838 1775 “
880 1748 1175 1820 suspendi,
1220 1749 1316 1802 vel
1354 1750 1866 1813 excommunicari,
1905 1766 2022 1803 non
2057 1749 2302 1820 possint,
2341 1768 2447 1821 per
2482 1749 2709 1805 litteras
2744 1750 2898 1821 Apo·

800 1836 836 1861 ‘⁴
878 1832 1131 1893 stolicas,
1170 1849 1286 1886 non
1318 1832 1598 1886 facientes
1633 1831 1868 1903 plenam
1905 1837 1966 1887 et
2001 1850 2352 1904 expressam,
2399 1851 2466 1887 ac
2503 1833 2576 1887 de
2611 1834 2788 1888 verbo
2825 1834 2898 1887 ad

800 1920 835 1943 ‘⁴
876 1916 1140 1980 verbum,
1163 1915 1235 1970 de
1262 1915 1488 1970 indulto
1510 1916 1850 1986 hujusmodi
1886 1917 2259 1971 mentionem.
2336 1916 2490 1972 Data
2522 1917 2720 1972 Romae
2744 1919 2896 1989 apud

801 2007 837 2031 ‘⁶
881 2002 1152 2056 Sanctam
1222 1999 1475 2055 Mariam
1548 1999 1856 2070 Majorcm,
1917 1998 2263 2056 ³undecimo
2338 2000 2635 2057 Kalendas
2710 2002 2892 2066 «Iunii,

801 2090 837 2116 ‘⁶
878 2103 1028 2141 anno
1066 2083 1376 2156 septimo.”

870 2272 908 2297 ‘⁶
949 2268 1265 2323 Carissimo
1307 2267 1367 2320 in
1395 2265 1630 2320 Christo
1668 2265 1807 2328 filio,
1847 2264 2155 2327 ⁴Bicard0‚
2196 2264 2347 2335 Regi
2385 2263 2622 2335 Angliae
2659 2265 2891 2329 illustri,

462 2295 756 2429 {amdag}
802 2356 839 2381 “
880 2353 1146 2415 salutem,
1167 2358 1276 2406 etc.
1318 2350 1590 2420 Regnum
1608 2349 1862 2419 Angliae‚
1893 2349 2049 2419 quod
2072 2349 2417 2404 Altissimus
2442 2356 2559 2404 tuae
2594 2352 2896 2421 ‘supponit

461 2432 601 2495 P⁰P0
803 2441 840 2465 “
879 2436 1173 2508 potestati,
1215 2435 1538 2505 gloriosum
1587 2451 1796 2504 nempe
1847 2433 2109 2504 potentia
2155 2440 2217 2488 et
2263 2433 2618 2488 abundantia
2663 2435 2897 2489 faculta-

462 2498 692 2563 Gregm'y
801 2526 839 2549 “
878 2530 1024 2585 tum,
1067 2519 1170 2574 sed
1207 2519 1523 2589 gloriosius
1559 2519 1779 2589 pietate
1831 2516 1967 2571 fidei
2020 2524 2080 2572 et
2118 2517 2312 2572 Sacroe
2348 2516 2592 2589 Paginae
2638 2518 2894 2573 claritate

460 2563 737 2696 ῙΧῦΙῇἑοοῐέω
800 2611 837 2634 “
876 2624 1201 2669 coruscum,
1231 2605 1534 2660 consuevit
1556 2605 1716 2659 viros
1739 2604 2062 2675 producere
2088 2602 2437 2658 Divinarum
2465 2603 2894 2675 Scripturarnm

459 2698 717 2762 England,
799 2696 836 2721 “
876 2698 1037 2748 recta
1087 2691 1332 2747 scientia
1380 2690 1679 2761 proeditos,
1735 2690 2074 2745 maturitate
2136 2707 2367 2760 graves,
2426 2689 2732 2745 devotione
2783 2692 2893 2745 fer-

462 2765 519 2814 5¹¹
544 2765 700 2815 mser·
799 2781 835 2806 “
875 2784 1096 2841 ventes,
1138 2784 1198 2833 et
1234 2776 1550 2832 Catholicae
1584 2775 1720 2830 fidei
1747 2775 2103 2839 defensores,
2134 2777 2235 2847 qui
2261 2794 2377 2830 non
2402 2777 2590 2830 solum
2615 2778 2891 2848 proprios,

460 2831 777 2947 {Pecu-'thes
799 2866 835 2890 “
877 2862 979 2917 sed
1016 2862 1234 2917 alienos
1271 2860 1516 2932 populos
1559 2861 1871 2931 praeceptis
1924 2860 2280 2915 salutaribus
2325 2860 2707 2923 instruebant,
2759 2861 2893 2915 diri·

460 2914 695 3031 Ψρὲἒῗῑιὲε
717 2914 748 2946 ⁰
799 2951 835 2974 ‘⁶
878 2947 1211 3016 gebantque
1249 2946 1309 2999 in
1347 2943 1683 2999 divinorum
1735 2945 2006 2998 semitam
2042 2943 2468 2999 mandatorum.
2562 2944 2678 2999 Sed
2711 2963 2894 3017 nuper

798 3034 835 3059 “
876 3049 1009 3086 cum
1046 3030 1271 3101 ingenti
1325 3028 1517 3084 cordis
1574 3028 1984 3090 amaritudine,
2037 3028 2427 3100 plurimorum
2474 3028 2896 3099 fidedignorum

797 3118 835 3143 ‘⁶
875 3114 1296 3185 significatione
1344 3113 1732 3184 percepimus,
1790 3112 2116 3167 Johannem
2170 3113 2242 3166 de
2279 3112 2552 3184 Wyclyfl',
2594 3113 2896 3167 Rectorem

797 3202 836 3227 “
874 3199 1155 3253 Ecclesiae
1215 3197 1287 3252 de
1347 3197 1753 3261 Luttelworth‚
1819 3196 2244 3251 Lincolniensis
2323 3195 2631 3260 Dioecesis‚
2709 3197 2896 3252 Sacrae

798 3286 835 3309 “
876 3283 1116 3351 Pagina}
1167 3281 1588 3343 Professorem,
1644 3281 1872 3335 utinam
1925 3297 2040 3335 non
2089 3280 2445 3350 Magistrum
2499 3280 2798 3343 Errorum,
2837 3282 2896 3335 in

798 3369 836 3394 “
876 3366 1038 3421 illam
1073 3366 1382 3421 nefandam
1418 3371 1479 3420 et
1513 3364 1960 3420 abominabilem
1983 3366 2321 3436 prorupisse
2346 3363 2715 3429 dementiam,
2745 3365 2898 3435 quod

799 3454 836 3478 ‘⁸
876 3450 1183 3505 nonnullas
1206 3450 1647 3521 Propositiones
1673 3453 1735 3503 et
1757 3447 2195 3513 Conclusiones,
2235 3448 2440 3520 plenas
2478 3449 2795 3513 erroribus,
2835 3456 2896 3503 et

799 3538 836 3562 “
875 3534 1245 3589 manifestam
1280 3533 1557 3589 hoeresim
1595 3534 1981 3597 continentes,
2012 3551 2143 3604 qum
2169 3538 2388 3588 statum
2412 3534 2595 3588 totius
2621 3533 2898 3588 Ecclesiae

799 3622 836 3647 “
878 3619 1214 3673 subvertere
1267 3624 1328 3673 et
1380 3634 1656 3672 enervare
1711 3617 1998 3681 nituntur,
2057 3634 2421 3687 quarumque
2486 3618 2717 3689 aliquoe,
2761 3618 2901 3672 licet

799 3706 835 3732 “
877 3702 1225 3774 quibusda-m
1284 3702 1525 3757 mutatis
1598 3701 1886 3766 terminis,
1963 3703 2179 3757 sentire
2252 3702 2526 3758 videntur
2595 3720 2898 3774 perversas

799 3790 836 3815 ‘⁶
876 3787 1174 3859 opiniones
1212 3791 1272 3840 et
1308 3785 1630 3840 doctrinam
1657 3785 1948 3840 indoctam
1974 3785 2263 3839 damnatae
2311 3787 2608 3840 memorite
2631 3785 2898 3841 Marcelli

796 3875 833 3899 ‘⁴
873 3871 944 3925 de
981 3870 1184 3925 Padua
1220 3876 1281 3924 et
1316 3868 1355 3923 J
1359 3869 1600 3923 ohannis
1637 3867 1711 3922 de
1750 3868 2051 3931 GandunO,
2094 3886 2342 3939 quorum
2380 3869 2530 3923 liber
2567 3887 2673 3941 per
2708 3869 2898 3924 felicis

800 3960 837 3983 “
876 3953 1293 4010 recordationis
1334 3952 1371 4006 J
1375 3953 1658 4007 ohannem
1695 3953 1918 4024 Papam
1953 3952 2321 4008 Vicesimum
2360 3952 2710 4018 Secundum,
2749 3973 2898 4026 prae·

798 4043 835 4067 “
876 4039 1239 4095 decessorem
1276 4044 1559 4104 nostrum,
1598 4037 1944 4107 reprobatus
1983 4038 2177 4092 extitit
2211 4043 2272 4091 et
2306 4037 2630 4101 damnatus,
2657 4039 2720 4092 in
2744 4039 2901 4093 dicto

799 4128 836 4152 “
876 4142 1058 4191 regno
1118 4122 1514 4194 dogmatizare
1576 4128 1636 4175 et
1694 4121 1929 4193 publice
2002 4121 2341 4192 proedicare,
2408 4139 2515 4177 seu
2574 4124 2766 4193 potius
2827 4123 2900 4177 de

800 4212 837 4235 “
876 4208 1167 4264 virulento
1215 4207 1472 4262 claustro
1522 4206 1612 4261 sni
1663 4206 1916 4277 pectoris
1966 4223 2255 4270 evomere,
2297 4224 2411 4260 non
2459 4214 2715 4272 veretur,
2757 4226 2897 4262 non·

794 4362 823 4368 .-
902 4360 1119 4367 -0-———.-
1300 4358 1341 4363 —-.
1440 4357 1798 4362 --—-—-—.——
1841 4356 1949 4363 .-,,-

864 4468 877 4496 ¹
904 4465 1145 4531 Supplied
1163 4465 1297 4516 from
1318 4464 1404 4516 the
1426 4465 1626 4529 printed
1648 4469 1797 4513 texts.
1961 4464 1978 4493 ⁴
2001 4462 2257 4512 Edwardo
2278 4464 2332 4513 in
2349 4464 2484 4516 Bibl.
2501 4465 2627 4531 Reg.
2648 4470 2709 4515 13
2727 4466 2786 4518 Ε.
2807 4467 2898 4525 ix„

860 4548 881 4576 ¹
902 4545 1102 4609 quodvis
1133 4544 1234 4594 dici
1266 4546 1320 4593 in
1360 4544 1518 4608 orig.;
1558 4542 1687 4607 quod
1710 4544 1802 4607 jus
1893 4545 1994 4592 and
2017 4543 2070 4592 in
2095 4544 2180 4592 the
2213 4544 2412 4608 printed
2444 4552 2617 4604 texts3
2653 4548 2754 4595 and
2788 4562 2902 4596 cor-

794 4625 896 4673 dici
918 4624 972 4674 in
996 4624 1081 4673 the
1104 4624 1298 4689 printed
1334 4631 1468 4674 texts
1494 4644 1507 4674 ς
1546 4623 1802 4673 corrected
1890 4623 2069 4686 reetly,
2085 4621 2128 4671 it
2150 4621 2318 4671 would
2341 4638 2490 4683 seem,
2529 4640 2584 4674 as
2622 4625 2708 4674 the
2728 4626 2903 4676 Letter

797 4706 923 4753 from
948 4703 1080 4754 Bibl.
1104 4703 1229 4767 Reg.
1260 4708 1319 4751 13
1342 4703 1401 4752 E.
1427 4702 1500 4753 ix.
1889 4702 2035 4751 bears
2067 4702 2182 4751 date
2216 4716 2355 4751 some
2394 4701 2515 4752 time
2547 4703 2715 4754 before
2755 4703 2904 4769 King

863 4786 883 4813 ⁸
904 4781 981 4832 ΙΙ.
1033 4780 1143 4833 Cal.
1185 4782 1337 4833 Junii
1378 4782 1431 4831 in
1473 4782 1558 4831 the
1601 4781 1800 4845 printed
1890 4779 2150 4830 Edward's
2174 4780 2338 4830 death.

796 4871 943 4917 texts.
1957 4862 1977 4889 ⁸
2001 4860 2260 4925 supposuit
2280 4859 2332 4910 in
2359 4860 2447 4910 the
2469 4860 2668 4924 printed
2693 4866 2841 4910 texts.
