3300 5617
153 1028 329 1081 Rishan

1131 838 1458 891 merom
1499 837 1917 891 mancum„
2484 823 2570 895 79

331 1045 438 1097 ger.
477 1026 780 1092 oestuabat,
827 1025 1190 1098 decessitque
1240 1027 1303 1082 in
1340 1026 1614 1084 Ganciam
1663 1044 1798 1082 cum
1847 1025 2224 1098 optimatibus
2280 1026 2422 1089 suis,
2476 1025 2574 1080 ad·
2600 1028 2736 1079 AJ).
2765 1035 2906 1082 1299.

159 1095 254 1146 MS·
279 1098 416 1151 Bibl·
475 1116 717 1168 ventum
775 1111 992 1166 ibidem
1052 1111 1298 1166 dominae
1351 1112 1814 1183 praestolaturus.
1913 1110 1989 1165 In
2040 1108 2203 1164 nullo
2254 1115 2469 1174 tamen,
2509 1115 2579 1206 ut
2599 1148 2829 1198 me,

159 1164 266 1228 neg.
295 1170 354 1216 ιε

159 1230 298 1284 aix.

475 1196 746 1267 probavit
797 1202 1001 1268 expost
1051 1196 1140 1251 rei
1192 1197 1404 1262 exitus,
1447 1213 1566 1276 §per
1619 1196 1730 1252 hoc
1778 1195 2219 1251 matrimonium
2283 1200 2578 1265 promovit
2601 1215 2709 1264 fio„

475 1297 729 1350 regnum
753 1298 946 1335 suum.
2601 1281 2810 1332 thei-eof.

549 1364 692 1421 Post
739 1381 954 1438 paucos
991 1364 1116 1420 dies
1152 1364 1454 1420 redierunt
1486 1364 1671 1435 legati
1708 1363 1892 1434 Regis
1928 1362 2182 1435 Anglioe,
2224 1361 2576 1418 adducentes

477 1467 736 1506 sororem
772 1449 956 1520 Regis
994 1449 1276 1515 Francius,
1330 1448 1564 1504 nomine
1623 1451 1661 1476 “
1688 1447 2085 1519 Margaretam
2103 1448 2160 1513 ;’'
2215 1464 2392 1518 quam
2444 1464 2575 1502 con-

477 1534 645 1590 duxit
679 1533 814 1590 Dux
836 1533 1215 1606 Burgundiae,
1244 1550 1378 1588 cum
1413 1551 1530 1588 non
1563 1531 1793 1588 modica
1826 1531 2153 1588 multudine
2197 1530 2574 1588 Gallicorum.

479 1616 687 1673 Comes
726 1635 955 1690 quoque
980 1617 1320 1683 Britanniae,
1357 1634 1493 1672 cum
1527 1615 1866 1688 proceribus
1903 1616 2016 1671 sibi
2054 1615 2324 1680 subditis,
2364 1614 2439 1670 ad
2472 1614 2579 1670 has

478 1704 710 1774 nuptias
767 1703 1118 1774 properavit.
1218 1701 1544 1773 Ounctique
1605 1701 1728 1755 fere
1787 1701 2078 1772 principes
2127 1701 2432 1765 nominati,
2476 1700 2579 1770 qui

479 1787 629 1842 citra
686 1786 1072 1858 Hispanniam
1131 1786 1525 1851 morabantur,
1587 1791 1766 1841 tantae
1819 1784 2249 1857 desponsationi
2295 1786 2578 1840 interesse

480 1870 844 1942 gaudebant=
901 1872 1040 1942 quia
1089 1871 1369 1926 nimirum
1420 1870 1604 1942 Regis
1655 1869 1929 1925 Edwardi
1980 1871 2417 1941 magnificentia
2474 1885 2579 1940 per

479 1954 678 2010 orbem
711 1960 902 2010 totum
950 1955 1209 2019 dilatata,
1249 1959 1486 2011 cunctos
1537 1959 1855 2010 attraxerat
1888 1955 1951 2009 in
1985 1954 2414 2009 venerationem
2449 1970 2580 2025 per·
2603 1972 2863 2026 Edward’s

480 2056 635 2096 sonae
670 2040 871 2112 regiae,
918 2045 978 2095 et
1013 2055 1285 2095 amorem.
1394 2039 1609 2109 Igitur,
1651 2039 1748 2093 die
1785 2043 1992 2109 quarto
2026 2043 2161 2109 post
2192 2037 2578 2094 Nativitatem
2602 2041 2851 2108 marriage
2866 2050 2920 2094 to

479 2123 747 2194 Virginis
799 2125 1089 2196 gloriosae,
1132 2127 1342 2195 agente
1391 2122 1797 2180 cantuariensi
1849 2122 2147 2188 Pontifice,
2200 2123 2266 2177 in
2316 2121 2582 2178 Ecclesia
2604 2106 2864 2173 Margaret

479 2207 929 2280 Metropolitana
977 2208 1212 2279 Angliae
1248 2208 1402 2263 inter
1437 2207 1664 2279 Regem
1700 2213 1761 2263 et
1794 2206 2191 2278 Margaretam
2240 2206 2581 2278 praedictam
2605 2174 2911 2293 (1)ξὲἓῇ-

483 2292 818 2348 solemnitas
853 2291 1213 2347 matrimonii
1249 2290 1596 2346 celebratur.
1675 2290 1816 2360 Quae
1841 2291 2023 2346 fuerit
2061 2290 2300 2354 ibidem,
2339 2307 2456 2344 non
2491 2306 2581 2345 so-
2604 2307 2695 2358 ber
2722 2258 2860 2359 1899.

484 2376 607 2430 lum
655 2376 823 2447 regni
875 2374 1170 2439 nobilitas,
1226 2374 1329 2430 sed
1381 2374 1747 2431 diversarum
1794 2375 2103 2445 regionum
2136 2376 2398 2429 virorum
2449 2389 2581 2429 con·

486 2465 730 2531 gregata
787 2459 1135 2523 sublimitaS,
1201 2460 1333 2530 quis
1407 2460 1661 2514 convivii
1722 2465 2053 2530 apparatus,
2128 2475 2259 2529 quoe
2319 2457 2579 2529 profusio

485 2561 883 2616 expensarum,
939 2544 1194 2599 scribere
1232 2542 1598 2614 supersedeO,
1638 2561 1713 2598 ne
1750 2543 1766 2575 ¹
1781 2544 2177 2615 panegyricon
2210 2541 2414 2597 videar
2449 2559 2582 2596 con-

487 2628 808 2700 scripsisse.
915 2627 1168 2683 Duravit
1215 2626 1376 2682 istud
1423 2627 1748 2698 tripudium
1800 2645 1905 2699 per
1955 2626 2079 2682 dies
2132 2631 2411 2698 quatuor;
2450 2633 2583 2696 post

489 2730 631 2783 quos
667 2714 943 2777 extranei,
983 2717 1220 2783 accepta
1253 2712 1606 2783 repatriandi
1640 2711 1893 2775 licentia,
1946 2718 2083 2767 sunt
2118 2711 2366 2776 dimissi,
2404 2711 2583 2766 maxi·

487 2798 598 2852 mis
634 2803 697 2852 et
728 2797 908 2852 variis
945 2796 1281 2851 muneribus
1317 2795 1599 2851 honorati.

559 2880 631 2936 In
666 2882 815 2937 festo
854 2880 1053 2937 Sancti
1092 2880 1336 2935 Martini
1374 2879 1770 2935 Parliamento
1810 2879 2010 2935 habito
2045 2881 2200 2952 apud
2234 2881 2577 2944 Eboracum,
2608 2890 2919 2940 Parliameut

489 2965 614 3020 Rex
672 2965 1036 3022 Berewicum
1093 2963 1485 3036 progreditur,
1548 2963 1851 3019 intendens
1912 2964 2160 3020 ulterius
2220 2964 2583 3036 procedendo
2608 2965 2661 3007 at
2682 2958 2838 3008 York·

490 3066 816 3104 ammovere
875 3049 1233 3104 obsidionem
1286 3046 1609 3112 Scotorum,
1672 3049 1775 3118 qui
1834 3055 2093 3103 castrum
2143 3049 2215 3103 de
2287 3048 2584 3121 Strivelyn

490 3132 848 3197 obsidebant,
877 3139 939 3187 et
971 3134 1344 3188 vehementer
1380 3131 1649 3186 artabant
1685 3131 1968 3187 obsessos.
2048 3131 2182 3196 Sed,
2212 3132 2582 3188 causantibus
2608 3140 2828 3190 Edward

490 3216 825 3287 proceribus
861 3217 990 3270 loca
1024 3215 1325 3287 palustria,
1365 3221 1603 3286 propter
1637 3215 1964 3270 brumalem
2000 3217 2425 3286 intemperiem,
2454 3233 2583 3271 esse
2610 3207 2868 3285 &Qdonss

492 3298 867 3364 inmedibilia,
907 3299 1051 3362 Rex,
1091 3298 1455 3369 praemunitis
1491 3305 1660 3353 caute
1697 3298 1968 3362 obsessis,
1995 3304 2064 3354 ut
2099 3299 2278 3354 salvis
2314 3299 2426 3354 sibi
2461 3301 2587 3356 vita
2611 3272 2692 3350 ΙΨ
2714 3281 2882 3322 mum·

493 3389 552 3437 et
584 3382 865 3437 membris
903 3389 1157 3437 castrum
1195 3380 1522 3447 redderent,
1563 3382 1812 3437 ulterius
1847 3400 1963 3437 non
1996 3383 2298 3455 processit.
2610 3346 2796 3456 {¹322

562 3465 788 3520 Deinde
813 3466 938 3521 Rex
974 3465 1188 3521 direxit
1223 3465 1530 3537 epistolam
1564 3466 2021 3539 Archiepiscopo
2061 3467 2485 3533 Cantuariensi,
2524 3468 2588 3522 in
2612 3471 2830 3537 Stil-ling

493 3550 616 3605 haec
651 3551 830 3606 verba
846 3574 937 3606 :-
2613 3538 2795 3591 Came·

565 3636 603 3664 ‘⁴
630 3634 781 3703 Quia
850 3633 1250 3705 magnificavit
1306 3633 1591 3689 Dominus
1651 3633 2111 3689 misericordiam
2170 3653 2337 3691 suam
2395 3636 2585 3692 facere
2610 3657 2709 3707 Hi,
2732 3658 2876 3708 lette,-

497 3722 534 3745 ‘⁸
571 3718 890 3782 nobiscum,
934 3718 1182 3788 dignum
1216 3723 1325 3795 est,
1370 3716 1421 3772 Ο
1457 3723 1639 3789 pater,
1669 3724 1739 3773 ut
1772 3719 2094 3773 innumeris
2130 3719 2424 3775 beneficiis
2461 3719 2583 3774 suis
2610 3731 2664 3773 to
2685 3723 2770 3774 the

499 3807 533 3828 ‘⁶
572 3803 765 3873 dignis
789 3802 1240 3875 respondeamus
1265 3800 1554 3872 operibus.
1625 3801 1834 3873 Neque
1871 3804 2028 3858 enim
2062 3804 2125 3858 in
2160 3803 2357 3874 gladio
2391 3809 2587 3859 nostro
2612 3790 2781 3869 Atmh·

498 3891 533 3914 ‘⁶
570 3886 932 3958 possidemus
981 3893 1220 3951 terram,
1267 3891 1327 3942 et
1374 3885 1680 3941 brachium
1728 3892 1992 3942 nostrum
2026 3905 2142 3942 non
2174 3888 2427 3943 salvavit
2458 3905 2583 3952 nos,
2611 3857 2872 3976 ἓξὲξ-οἲ

499 3975 533 3997 “
573 3970 674 4026 sed
708 3970 947 4026 dextera
981 3971 1128 4042 ejus,
1176 3975 1238 4025 et
1271 3969 1576 4025 brachium
1626 3976 1890 4026 sanctum
1941 3971 2101 4043 ejus3
2143 3973 2285 4043 quin
2336 3971 2587 4043 compla-
2613 3992 2756 4057 bury,

501 4059 535 4081 ‘⁴
573 4055 695 4110 cuit
727 4054 820 4109 illi
853 4056 917 4109 in
949 4054 1133 4117 nobis,
1176 4059 1245 4108 ut
1277 4054 1580 4124 hucusque
1629 4056 1996 4110 conservavit
2041 4073 2164 4120 nos,
2209 4061 2271 4111 et
2320 4056 2587 4111 inimicos

501 4142 535 4165 ‘⁸
573 4141 799 4193 nostros
870 4138 1244 4209 compescuit.
1346 4137 1386 4191 J
1388 4144 1586 4192 ustum
1649 4138 1890 4209 proinde
1962 4145 2070 4201 est,
2120 4146 2189 4194 ut
2242 4141 2344 4211 qui
2393 4140 2589 4194 omnia

503 4227 537 4249 “
577 4222 823 4293 subjecit
859 4221 967 4277 sub
1002 4221 1247 4293 pedibus
1284 4223 1517 4286 nostris,
1558 4221 1936 4293 subjiciamus
1974 4222 2063 4277 illi
2100 4229 2161 4278 et
2181 4221 2324 4278 'nos
2363 4224 2586 4279 animas

503 4311 537 4333 “
576 4313 832 4370 nostras3
874 4314 934 4361 et
967 4312 1034 4360 ut
1066 4306 1172 4370 hii,
1214 4323 1358 4377 quos
1394 4306 1559 4361 nobis
1597 4306 1874 4368 subdidit,
1919 4307 2046 4379 ejus
2087 4307 2408 4363 subdantur
2442 4308 2588 4379 legi-

504 4394 539 4417 “
576 4390 701 4444 bus.
789 4389 926 4445 Non
973 4390 1128 4443 enim
1180 4391 1440 4460 segniter
1493 4389 1789 4445 elaborare
1827 4391 2103 4446 debemus
2152 4393 2361 4463 punire
2410 4393 2585 4446 sacri-

504 4477 540 4501 “
578 4473 757 4544 legos,
796 4472 1044 4528 rebelles
1081 4474 1482 4546 comprimere,
1521 4475 1748 4545 eripere
1800 4493 2115 4547 pauperem
2152 4477 2225 4532 de
2259 4494 2437 4531 manu
2472 4477 2585 4531 for-

583 4659 840 4666 ---———-
909 4659 1128 4666 0—--—-.-—

568 4787 582 4816 ¹
593 4788 954 4853 pannaqericon
973 4786 1029 4836 in
1041 4787 1168 4853 orig.
1530 4785 1542 4854 Ι
1632 4788 1656 4818 ¹
1672 4787 1896 4840 Omitted
1915 4788 1971 4839 in
1992 4788 2255 4843 camden’a
2275 4796 2400 4842 text.
