3300 5617
765 764 894 828 322
1232 783 1239 791 ·
1425 774 1684 825 ‘monn
1727 771 2194 822 wALsmomu

432 959 568 1011 ΑΙ).
598 961 739 1012 1378.
837 961 967 1017 Hoc
1026 979 1192 1027 anne,
1268 961 1426 1017 eirca
1494 960 1844 1034 principium
1902 960 2131 1017 'mensis
2206 957 2392 1027 Junii,
2467 959 2734 1016 homines
2808 966 2875 1015 et
2897 961 3028 1014 MS.
3054 960 3188 1013 niu.

432 1053 676 1102 Excesses
766 1050 1028 1102 tenentes
1096 1044 1340 1101 Comitis
1416 1045 1489 1101 de
1537 1046 1816 1118 Warwyk
1873 1045 2163 1102 malitiose
2222 1049 2285 1100 et
2349 1045 2618 1115 nequiter
2675 1044 2872 1099 insur-
2897 1031 3046 1146 {⁶8-
3074 1035 3135 1079 ¹³

431 1119 719 1169 committed
766 1136 1044 1187 rexerunt
1113 1136 1314 1186 contra
1376 1128 1664 1186 Abbatem
1730 1135 1792 1185 et
1862 1130 2226 1185 Conventum
2291 1128 2364 1184 de
2429 1129 2740 1193 Evesham,
2811 1133 2876 1183 et
2899 1111 3198 1214 &aff-‘1²0

430 1186 741 1301 bsstgsstffio‘
765 1221 1026 1270 tenentes
1051 1215 1396 1281 eorundem3
1437 1214 1797 1271 elaborantes
1821 1213 2172 1269 Abbathiam
2208 1213 2507 1269 destruere
2543 1232 2676 1269 cum
2713 1213 2876 1268 dicta
2897 1231 3120 1290 fimum,

429 1268 551 1368 ἕλῃ
574 1319 634 1367 of
765 1299 925 1363 villa,
973 1306 1032 1354 et
1078 1317 1279 1353 eorum
1321 1299 1568 1354 famulos
1593 1299 1738 1355 diris
1785 1299 2127 1355 verberibus
2167 1298 2510 1369 affligentes,
2560 1297 2872 1353 nonnullos
2898 1313 2989 1363 pp.
3014 1302 3132 1358 220,
3153 1302 3192 1346 1.

430 1384 691 1435 warwick
764 1399 905 1437 vero
929 1383 1244 1438 crudeliter
1273 1384 1650 1455 jugulantes3
1694 1383 2034 1439 accedentes
2070 1384 2309 1453 insuper
2344 1383 2419 1438 ad
2455 1383 2874 1437 monachorum

430 1451 632 1516 against
654 1451 740 1500 ‘¹²⁰
763 1468 1042 1532 maneria,
1082 1468 1381 1523 clausuras
1416 1485 1727 1538 parcorum
1767 1468 2182 1538 confregerunt
2216 1474 2277 1523 et
2315 1467 2678 1522 incendendo
2716 1484 2873 1521 oom-

428 1521 615 1641 ssbbely
637 1518 699 1568 of
764 1550 1096 1615 busserunt,
1172 1556 1234 1607 et
1308 1551 1646 1607 occiderunt
1716 1552 1889 1617 feras,
1968 1552 2301 1622 ingerentes
2380 1551 2637 1606 finaliter
2695 1568 2870 1606 omne

479 1605 510 1639 v
763 1634 1041 1689 damnum
1088 1635 1245 1707 quod
1291 1652 1493 1690 eorum
1539 1635 1873 1691 crudelitati
1922 1654 2048 1692 sors
2108 1635 2413 1706 ingerebat
2457 1636 2522 1690 in
2564 1635 2671 1690 illa
2715 1635 2875 1689 fur-ia

765 1717 783 1752 ¹
796 1719 1267 1791 perpetrandum.
1364 1719 1493 1777 Neo
1549 1720 1667 1775 hiis
1721 1720 1996 1785 contenti,
2047 1720 2240 1791 capita
2283 1719 2642 1776 vivariorum
2701 1719 2874 1775 dissi·

763 1808 986 1873 panteS,
1038 1821 1219 1875 aquas
1269 1820 1575 1858 excurrere
1634 1803 2045 1875 permiserunt,
2094 1801 2439 1875 ²piscesque
2485 1810 2766 1875 ceperunt
2811 1809 2876 1858 et

763 1903 961 1941 secum
998 1893 1459 1959 asportaverunt,
1502 1893 1565 1942 et
1598 1886 1717 1942 alia
1738 1887 1951 1943 damna
1991 1887 2178 1943 multa
2214 1887 2304 1941 illi
2341 1888 2471 1943 loco
2512 1887 2765 1953 omnino,
2810 1894 2874 1942 et

762 1969 1066 2041 dispendia
1114 1972 1482 2043 gravissima,
1521 1972 1864 2027 intulerunt.
1938 1972 2016 2027 Et
2051 1989 2159 2044 pro
2206 1978 2365 2028 certo
2412 1972 2628 2028 dictam
2675 1972 2873 2028 Abba-

762 2054 966 2121 thiam,
1030 2073 1163 2111 cum
1224 2056 1347 2112 suis
1407 2055 1704 2121 membris,
1757 2056 2078 2112 secundum
2143 2056 2297 2128 quod
2356 2061 2497 2111 tunc
2549 2055 2873 2111 verisimile

762 2138 1087 2204 videbatur,
1131 2139 1557 2195 destruxissent
1602 2140 2139 2205 irrestaurabiliter,
2181 2141 2295 2196 nisi
2344 2140 2471 2195 Rex
2515 2157 2721 2196 manus
2769 2139 2871 2194 ad·

756 2221 1005 2292 jutrices
1039 2224 1406 2296 apposuisset
1441 2224 1635 2289 eitius,
1664 2225 1947 2280 mittendo
1985 2225 2258 2279 mandata
2292 2242 2400 2279 sua
2434 2224 2773 2280 litteraliter
2795 2224 2873 2279 ad

761 2309 1073 2377 praefatum
1112 2308 1417 2373 Comitem,
1458 2315 1519 2363 et
1558 2308 1947 2381 praecipiendo
1971 2309 2174 2373 artius,
2215 2314 2284 2365 ut
2319 2308 2654 2380 hujusmodi
2690 2307 2871 2362 male-

762 2391 1015 2447 factores
1063 2397 1123 2448 et
1181 2393 1341 2465 pacis
1388 2394 1825 2464 perturbatores
1872 2398 2284 2465 compesceret.
2387 2394 2604 2464 Sicque
2651 2392 2865 2447 timore

762 2473 947 2546 Regis
973 2481 1034 2531 et
1057 2476 1375 2532 amicorum
1400 2477 1866 2542 mediationibus,
1910 2495 2023 2550 pax
2060 2478 2212 2533 inter
2237 2495 2336 2533 eos
2370 2478 2688 2532 reformata
2721 2475 2868 2540 fuit3

761 2576 878 2614 non
914 2566 1109 2616 tamen
1140 2561 1315 2632 plena
1350 2562 1671 2618 satisfactio
1708 2562 1862 2617 facta
1896 2562 2050 2633 parti
2086 2561 2278 2628 laesae3
2332 2562 2473 2633 quia
2512 2561 2703 2632 majus
2745 2564 2875 2614 erat
2899 2566 3002 2609 118.
3015 2565 3164 2626 Biha..

763 2641 1042 2699 damnum
1077 2645 1231 2716 quod
1274 2645 1678 2717 irrogaverant
1715 2664 1889 2717 quam
1924 2645 2283 2717 possibilitas
2306 2646 2327 2675 ⁸
2341 2645 2565 2701 dictum
2591 2645 2872 2699 damnum
2899 2618 3016 2669 ¹³³⁸·
3031 2618 3201 2661 ¹³2²

765 2725 1215 2785 ⁴refaciendum.
1293 2729 1518 2785 Ferunt
1564 2730 1804 2802 quidam
1847 2730 2021 2800 quod,
2060 2729 2338 2802 ‘propter
2386 2730 2560 2785 istam
2607 2729 2863 2800 brigam,
2894 2749 3038 2793 eont.
3057 2750 3184 2793 lim-5-

430 2809 545 2861 'l'he
556 2810 707 2863 Duke
765 2809 892 2865 Rex
930 2830 1037 2883 per
1077 2812 1212 2867 illos
1248 2812 1527 2869 Dominos
1570 2814 1632 2869 in
1675 2813 2067 2869 Parliamento
2104 2815 2448 2870 constitutos
2488 2813 2679 2870 noluit
2718 2813 2868 2868 ulte·
2894 2801 3076 2895 ffigffi
3125 2806 3200 2844 ²²¹·

431 2878 496 2928 of
508 2879 726 2931 mm*
764 2895 889 2950 rius
915 2896 1231 2965 gubernari
1263 2918 1277 2962 ς
1328 2897 1482 2952 unde
1527 2898 1715 2952 fllium
1742 2916 1933 2961 suum,
1963 2898 2187 2953 Ducem
2231 2898 2608 2963 Lancastriae,
2650 2897 2726 2953 ad
2774 2897 2870 2953 sui
2897 2902 3201 2955 Bes-ulit

430 2950 742 3078 ξζὶῒὸῗωθε
765 2985 827 3035 et
885 2980 1054 3051 regui
1111 2981 1377 3051 regimen
1422 2983 1837 3053 reassumpsit=
1893 2982 1994 3053 qui
2049 3000 2237 3054 usque
2286 2983 2360 3038 ad
2414 2984 2637 3039 obitum
2685 2982 2872 3053 Regis

429 3088 707 3133 vment,
767 3063 931 3119 stetit
975 3065 1145 3135 regni
1194 3065 1548 3137 gubernator
1588 3071 1650 3121 et
1694 3073 1905 3121 rector.
2000 3065 2115 3136 Qui
2159 3067 2339 3133 illico,
2391 3072 2593 3122 contra
2639 3066 2875 3122 Statuta
2897 3062 3019 3113 MS·
3043 3062 3167 3113 Bibl-

765 3147 1165 3215 Parliamenti,
1205 3150 1474 3221 permisit
1514 3151 1740 3220 Regem
1775 3150 2036 3222 recipere
2059 3151 2123 3206 in
2159 3152 2410 3224 gratiam
2447 3151 2762 3207 Dominum
2797 3150 2873 3206 de
2897 3130 3032 3208 3²3·
3063 3135 3120 3178 ¹³

766 3230 1062 3303 Latymer,
1114 3238 1175 3287 et
1220 3233 1539 3289 Ricardum
1583 3233 1783 3305 Stury,
1835 3240 1897 3290 et
1942 3234 2087 3290 alios
2134 3236 2334 3308 plures
2371 3235 2474 3306 qui
2533 3235 2597 3290 in
2648 3235 2872 3290 Parlia-
2897 3197 2958 3247 Β
2984 3211 3058 3246 ¹¹⁶

766 3322 960 3371 mento
1008 3317 1288 3388 proedicto
1328 3317 1597 3389 judiciali
1647 3319 1936 3374 sententia
1982 3318 2055 3374 ab
2108 3320 2237 3391 ejus
2284 3320 2597 3391 praesentia
2641 3321 2876 3375 fuerant

433 3411 586 3463 Alica
766 3406 1050 3471 perpetuo
1088 3403 1455 3472 sequestrati.
1557 3401 1684 3457 Rex
1730 3402 1972 3474 insuper
2011 3410 2247 3460 revocat
2301 3405 2574 3476 pellicem
2620 3402 2874 3460 Aliciam

433 3480 612 3531 Pel-ers
633 3497 709 3533 re-
768 3483 1052 3540 ⁶Pereres
1100 3486 1175 3540 ad
1224 3504 1395 3541 suum
1445 3487 1909 3549 contubernium,
1979 3505 2111 3558 quae
2159 3488 2274 3543 fuit
2320 3489 2622 3544 eliminata
2665 3488 2876 3559 judici-

434 3547 690 3667 ffiltlfdssg
769 3568 942 3622 aliter
989 3569 1062 3623 ab
1109 3569 1330 3634 eodem,
1395 3578 1635 3642 propter
1684 3571 1956 3626 scandala
2002 3572 2126 3628 sive
2173 3573 2388 3644 probra
2447 3591 2579 3644 quae
2626 3572 2699 3627 de
2746 3572 2875 3644 ejus

432 3632 583 3734 warg-
682 3645 705 3655 “
770 3652 1121 3723 procacitate
1144 3661 1561 3725 provenerant3
1606 3660 1811 3710 contra
1835 3662 2261 3712 sacramentum
2287 3674 2403 3729 quo
2429 3674 2491 3712 se
2528 3657 2878 3712 astrinxerat

769 3736 973 3790 eadem
1010 3736 1220 3803 Alicia,
1274 3738 1428 3809 quod
1474 3744 1534 3794 et
1579 3739 1708 3811 ipse
1756 3738 2042 3796 Dominus
2080 3740 2208 3796 Rex
2243 3741 2666 3806 ratificaverat3
2715 3739 2875 3795 vide·

770 3819 931 3884 licet,
994 3821 1151 3892 quod
1198 3820 1273 3875 ad
1322 3821 1505 3893 Regis
1554 3823 1928 3895 praesentiam
1967 3844 2083 3881 non
2130 3826 2433 3881 accederet
2477 3823 2873 3897 quovismodo.

771 3901 916 3972 Quae
954 3910 1015 3960 et
1056 3904 1377 3976 permansit
1413 3924 1548 3961 cum
1589 3924 1661 3962 eo
1697 3925 1885 3979 usque
1923 3908 1998 3963 ad
2044 3916 2291 3966 mortem
2339 3910 2486 3982 ejus.

436 3986 684 4069 The-Flo·
842 3987 1063 4042 Eodem
1111 4006 1278 4055 anno,
1337 3989 1663 4047 Florentini
1716 3993 2288 4049 excommunicantm·
2327 4013 2365 4049 a
2409 3995 2587 4066 Papa,
2637 3998 2875 4065 propter

435 4064 658 4108 ‘emme'
770 4071 1149 4128 rebellionem
1187 4079 1249 4129 et
1288 4075 1549 4131 enormia
1581 4077 1740 4131 facta
1779 4094 1911 4148 quae
1949 4082 2151 4132 contra
2188 4078 2508 4134 Romanam
2549 4076 2874 4132 Ecclesiam

436 4137 724 4244 ἓξὲῐῗίῗὲωᾱ
769 4162 1214 4226 perpetrat-unm
1259 4158 1381 4229 qui,
1432 4159 1587 4215 inter
1627 4165 1841 4216 caetera
1880 4179 1989 4216 sua
2023 4162 2283 4218 facinora
2321 4167 2382 4219 et
2417 4164 2573 4218 facta
2611 4161 2875 4217 crudelia

433 4254 505 4368 gy
534 4256 622 4309 the
771 4257 902 4310 qum
944 4246 1256 4311 gesserunt
1299 4242 1571 4314 pessime,
1614 4244 1906 4314 quendam
1951 4247 2318 4313 monachum,
2360 4246 2502 4303 illuc
2543 4265 2581 4301 a
2619 4246 2872 4303 Domino

479 4338 587 4386 ope.

832 4476 847 4505 ¹
864 4476 1197 4540 perpetranda
1212 4478 1268 4528 in
1292 4477 1378 4530 the
1399 4480 1597 4545 printed
1620 4487 1767 4535 texts.
1938 4485 1957 4514 ⁴
2000 4483 2355 4537 resarciendum
2414 4486 2470 4536 in
2525 4487 2612 4538 the
2665 4487 2866 4554 printed

830 4589 850 4618 ²
864 4589 1116 4655 pis-sesque
1136 4591 1193 4642 in
1216 4591 1349 4658 orig.
1869 4571 2020 4615 ‘²¹¹³‘

1933 4646 1954 4674 ⁸
1967 4660 2064 4710 per
2083 4642 2139 4694 in
2161 4643 2250 4697 the
2271 4644 2470 4711 printed
2491 4653 2641 4699 texts.

828 4704 849 4735 ⁸
869 4702 941 4754 ad
958 4702 1137 4756 dictum
1158 4704 1212 4757 in
1234 4706 1322 4760 the
1342 4706 1542 4773 printed
1563 4712 1715 4763 texts.
1933 4726 1953 4753 ⁸
1973 4722 2125 4776 Pares
2143 4725 2198 4776 in
2221 4725 2308 4778 the
2329 4726 2532 4793 printed
2553 4734 2709 4780 texts.
