3300 5617
1068 809 1393 862 msroaui
1436 809 1848 863 mancam.
2380 804 2503 868 235

56 998 174 1052 HS.
198 999 365 1054 Harl.
421 997 462 1025 “
499 991 785 1053 decimam
846 995 1091 1070 exigunt
1147 1004 1544 1061 memoratam.
1612 999 1629 1033 ¹
1647 997 1932 1069 Quocirca
1985 1000 2046 1055 in
2100 999 2350 1056 Domino
2400 1020 2506 1058 vos
2532 997 2669 1052 Aa).
2695 1005 2836 1053 1341.

62 1072 181 1118 ⁶⁵⁵·
197 1133 214 1147 ,
421 1083 461 1110 “
496 1077 816 1145 hortamur,
879 1086 942 1138 et
996 1081 1370 1153 requirimus,
1423 1087 1708 1156 quatenus
1762 1099 2036 1157 personas
2086 1085 2394 1156 religiosas
2448 1089 2508 1142 et

58 1133 354 1202 ngb·
422 1167 461 1194 “
499 1165 944 1231 ecclesiasticas,
982 1166 1098 1221 nisi
1135 1167 1453 1222 secundum
1489 1167 1737 1224 formam
1773 1174 1833 1224 et
1867 1170 2296 1225 concessionem
2349 1175 2506 1225 ante-

422 1252 459 1278 “
498 1245 702 1315 dictas,
742 1250 972 1305 onerari
1006 1249 1104 1305 vel
1137 1250 1337 1305 vexari
1371 1251 1706 1307 nullatenus
1741 1253 2113 1323 permittatis,
2169 1271 2278 1308 neo
2328 1254 2505 1308 etiam

418 1336 457 1362 ‘⁸
495 1333 802 1390 consilium
851 1345 955 1389 seu
991 1351 1310 1399 assensum,
1349 1334 1412 1389 in
1446 1334 1618 1391 dictae
1654 1335 1871 1392 chartae
1921 1336 2345 1408 praejudicium,
2400 1356 2506 1394 seu

416 1420 456 1445 “
494 1418 939 1490 privilegiorum
978 1435 1045 1473 ac
1083 1415 1423 1474 libertatum
1466 1418 1996 1476 ecclesiasticarum
2044 1420 2498 1486 subversionem,

415 1506 454 1532 ‘⁴
492 1497 801 1576 praebeatis
840 1498 1279 1574 quoquomod03
1335 1504 1385 1558 si
1424 1519 1565 1558 vero
1604 1504 1802 1568 breve,
1848 1505 2200 1570 commissiO,
2244 1521 2497 1577 praeoep-

414 1589 454 1615 “
494 1593 693 1643 tumve
735 1585 915 1651 aliud,
960 1589 1160 1642 contra
1200 1587 1447 1641 formam
1471 1585 1705 1659 Magnae
1729 1586 1980 1653 Chartae,
2022 1588 2354 1660 privilegia,
2397 1594 2500 1645 ²ac

412 1671 453 1699 ‘⁸
492 1671 791 1726 libertates
851 1670 1189 1734 antedictas,
1230 1687 1267 1726 a
1290 1669 1656 1725 Cancellaria
1693 1670 1999 1742 hucusque
2022 1671 2241 1728 fuerint
2264 1673 2495 1738 emissa,

414 1755 453 1782 '⁴
492 1754 645 1809 infra
681 1753 882 1808 decem
925 1751 1051 1809 dies
1091 1755 1223 1826 post
1256 1753 1470 1809 harum
1512 1755 1905 1825 receptionem
1945 1755 2297 1821 litterarum,
2345 1757 2500 1813 sicut

413 1841 454 1866 “
490 1837 787 1902 tenemini,
829 1835 1092 1892 revocari
1147 1842 1207 1893 et
1252 1836 1542 1892 annullari
1581 1837 1846 1904 faciatis3
1927 1837 2195 1894 voluntas
2242 1838 2265 1871 ³
2284 1842 2499 1896 etenim

414 1924 455 1949 “
492 1919 729 1976 Domini
766 1921 951 1976 nostri
1000 1917 1186 1991 Regis
1212 1919 1490 1976 Chartam
1514 1921 1837 1992 praefatam,
1873 1920 2204 1993 privilegia,
2234 1939 2301 1977 ao
2325 1923 2498 1978 liber-

412 2007 452 2032 “
490 2009 641 2061 tates
684 2002 1132 2068 ecclesiasticas,
1190 2009 1260 2059 ut
1298 2003 1445 2059 certi
1485 2019 1707 2068 sumus,
1762 2005 1960 2060 fovere
2012 2005 2228 2069 existit,
2268 2021 2335 2061 ao
2369 2024 2501 2062 con-

412 2091 451 2117 “
492 2101 756 2144 servare:
819 2103 927 2143 nec
965 2093 1059 2143 est
1098 2087 1389 2159 siquidem
1438 2088 1757 2144 voluntatis
1799 2089 1947 2159 ejus,
1989 2103 2095 2145 nec
2137 2103 2268 2145 esse
2305 2090 2495 2156 debet,

410 2175 451 2200 ‘⁸
491 2169 645 2244 quod
682 2169 873 2227 clerus
896 2169 1055 2227 ultra
1076 2172 1505 2227 concessionem
1539 2190 1706 2228 suam
1731 2178 2123 2244 spontaneam,
2151 2191 2187 2228 a
2211 2192 2502 2245 quoquam

411 2258 452 2285 “
490 2259 761 2311 oneratus
803 2255 898 2319 sit,
926 2251 1023 2310 vel
1062 2261 1376 2326 gravatum
1416 2255 1526 2311 hoc
1565 2256 1722 2311 enim
1755 2257 1818 2311 in
1841 2256 2248 2328 praejudicium
2275 2256 2502 2313 Sancta}

411 2343 452 2368 “
489 2338 788 2405 Ecclesioe,
818 2338 975 2411 quod
996 2338 1245 2395 tolerare
1285 2357 1402 2394 non
1432 2357 1764 2411 possumus,
1823 2357 1940 2396 non
1998 2340 2294 2396 modicum
2336 2341 2499 2396 ⁴ver-

409 2427 450 2453 “
487 2426 727 2489 teretur,
773 2427 834 2478 et
873 2440 1204 2494 gravamen.
1278 2421 1299 2454 ⁸
1321 2422 1386 2479 Si
1424 2428 1637 2489 autem,
1690 2427 1759 2480 ut
1802 2425 2198 2496 praemittitur,
2225 2423 2504 2495 praedicta

411 2509 452 2536 ‘⁸
489 2523 762 2564 revocare
816 2523 1185 2578 nequaquam
1238 2507 1585 2564 curaveritis
1640 2523 1748 2563 nec
1798 2508 2116 2573 annullare,
2155 2508 2497 2572 remedium,

411 2595 450 2620 ‘⁸
490 2587 662 2663 quale
726 2587 941 2648 Sancta
1004 2589 1270 2646 Ecclesia
1334 2591 1676 2662 permittere
1734 2592 1967 2664 poterit,
2038 2607 2324 2664 apponere
2385 2611 2500 2647 non

411 2678 452 2703 ‘⁸
490 2674 843 2730 omittemus.
917 2671 998 2729 Et
1021 2673 1162 2745 quid
1190 2674 1249 2728 in
1273 2674 1593 2746 praemissis
1618 2674 1896 2742 feceritis,
1923 2676 2089 2731 velut
2125 2675 2282 2731 filius
2326 2676 2496 2747 spiri-

410 2761 450 2788 “
486 2759 684 2824 tualis,
725 2755 934 2823 fidelis,
976 2775 1044 2813 ac
1081 2755 1208 2813 Deo
1244 2764 1534 2830 acceptus,
1559 2757 1754 2814 ‘insta
1786 2766 1917 2815 octo
1957 2760 2082 2815 dies
2122 2765 2255 2832 post
2289 2760 2498 2814 harum

411 2845 451 2871 ‘⁸
489 2842 876 2913 receptionem
914 2839 1243 2897 litterarum
1283 2859 1388 2913 per
1448 2842 1678 2898 litteras
1734 2849 1959 2899 vestras
2012 2860 2118 2898 nos
2177 2843 2497 2899 certificare

412 2927 452 2953 ⁸‘
490 2925 725 2980 curetis.
804 2922 1061 2996 Spiritus
1088 2922 1353 2990 Sanctus,
1382 2926 1536 2982 sicut
1551 2926 1816 2998 justitias
1842 2943 1977 2982 suas
2002 2927 2134 2991 sibi,
2173 2927 2196 2965 ⁷
2214 2931 2496 2997 quantum

414 3013 452 3035 “
494 3010 551 3062 in
590 3005 754 3063 vobis
795 3012 903 3072 est,
956 3008 1328 3063 servaveritis
1366 3008 1643 3075 illibatas,
1704 3027 1913 3081 corpus
1951 3016 2213 3066 vestrum
2269 3016 2330 3065 et
2377 3011 2498 3065 ani·

415 3097 454 3119 ‘⁴
494 3107 647 3147 mam
673 3091 899 3147 salvare
943 3091 1235 3162 dignetur,
1278 3097 1338 3147 et
1374 3092 1688 3148 custodire.
1763 3094 1931 3150 Datae
1957 3094 2304 3158 Cantuariae,
2342 3096 2496 3148 vice-

417 3179 456 3203 “
496 3177 642 3231 simo
680 3181 884 3231 octavo
920 3175 1017 3230 die
1054 3176 1270 3231 mensis
1328 3175 1367 3230 J
1370 3177 1615 3242 anuarii,
1658 3191 1805 3233 anno
1842 3184 1913 3234 ut
1952 3193 2147 3250 supra,
2180 3183 2242 3234 et
2275 3178 2500 3234 ‘'trans-

418 3263 457 3286 “
496 3259 728 3316 lationis
765 3265 979 3315 nostrae
1020 3256 1353 3331 septim0.”]

482 3341 652 3399 Misit
697 3360 928 3416 quoque
962 3341 1448 3415 Archiepiscopus
1485 3343 1639 3416 Regi
1675 3359 1745 3400 ac
1778 3344 2038 3401 Consilio
2072 3361 2179 3401 suo
2214 3343 2496 3412 cedulam,

414 3429 539 3485 sive
574 3427 813 3493 bullam,
852 3429 915 3482 in
948 3427 1104 3482 hunc
1138 3427 1375 3482 modum
1410 3429 1799 3483 continentem
1817 3451 1909 3480 :—

84 3519 194 3571 MS.
216 3518 361 3586 Harl.
488 3514 527 3540 ‘⁴
562 3512 813 3567 Domino
864 3517 1063 3568 nostro
1111 3511 1283 3582 Regi,
1340 3510 1715 3584 consilioque
1763 3512 1922 3577 ¹'suo‚
1981 3510 2075 3584 [ac
2122 3514 2389 3569 omnibus
2439 3518 2500 3571 et
2523 3529 2635 3580 The
2667 3527 2833 3579 Amh.

83 3593 193 3637 655.
218 3655 231 3667 ,
413 3598 453 3624 “
493 3595 741 3667 singulis
766 3595 910 3652 dicti
935 3593 1177 3652 Consilii
1203 3596 1295 3651 sui
1330 3596 1611 3667 personis,
1638 3602 2029 3652 monstramus
2051 3614 2156 3653 nos
2181 3596 2221 3652 J
2223 3598 2493 3662 ohannes,
2521 3596 2699 3660 bishop
2721 3596 2782 3646 of

86 3653 329 3722 nemmss‘
417 3682 457 3707 “
494 3680 877 3752 permissione
948 3679 1144 3735 divina
1227 3677 1665 3736 Oantuariensis
1723 3677 2234 3753 Archiepiscopus,
2316 3682 2494 3737 totius
2522 3663 2729 3752 0²⁰3*

82 3722 239 3787 Μὴ
417 3766 454 3791 “
492 3763 727 3836 Angliae
785 3763 1016 3819 Primas
1070 3768 1130 3818 et
1184 3762 1352 3818 Sedis
1400 3761 1753 3835 Apostolicae
1806 3763 2084 3835 Legatus,
2143 3764 2299 3835 quod
2360 3782 2493 3820 cum
2517 3731 2692 3846 &0⁵
2704 3728 2828 3845 {feb

413 3850 453 3877 “
490 3864 689 3903 omnes
723 3845 968 3903 clericos
1002 3846 1312 3918 capientes,
1349 3846 1412 3902 in
1447 3863 1738 3903 carcerem
1773 3847 1956 3904 invite
1978 3848 2294 3914 mittentes,
2334 3848 2376 3881 ¹⁰
2391 3866 2494 3904 seu
2517 3864 2662 3927 King
2678 3864 2780 3914 and

416 3934 454 3961 “
493 3931 836 3996 detinentes,
888 3947 956 3986 ac
1003 3947 1101 3986 eos
1156 3945 1501 4003 quocunque
1549 3931 1843 3989 voluerint
1875 3931 2062 3988 libere
2095 3933 2184 3988 ire
2218 3949 2332 3989 non
2365 3947 2494 4005 per-
2519 3927 2733 3982 Council

2519 4012 2577 4048 as
2596 4001 2651 4047 to
2695 4052 2702 4060 ,

477 4196 491 4226 ¹
523 4195 707 4257 Quare,
730 4195 873 4244 Harl.
901 4197 1013 4244 655.
1562 4195 1581 4221 ”
1606 4195 1736 4247 This
1776 4200 1877 4247 and
1923 4198 2009 4248 the
2053 4197 2190 4247 three
2236 4196 2495 4262 following

476 4278 496 4305 ²
518 4291 618 4334 nec,
642 4275 784 4324 Harl.
816 4279 929 4324 655.
1498 4277 1662 4325 words
1683 4292 1768 4326 are
1788 4277 1996 4326 omitted
2019 4277 2073 4326 in
2093 4277 2234 4326 Harl.
2260 4282 2373 4326 655.

479 4359 498 4383 ³
519 4370 705 4415 revera,
728 4354 855 4403 Harl
882 4359 993 4403 655.
1565 4357 1585 4384 ⁸
1604 4356 1977 4405 consecrationis
1999 4363 2188 4418 ποεῖν-ω,
2210 4356 2355 4405 Harl.
2383 4361 2477 4405 655

484 4437 503 4465 ⁴
528 4440 755 4499 vergeret,
777 4433 923 4487 Harl.
947 4439 1060 4486 655.
1561 4435 1582 4462 ⁹
1606 4434 1832 4485 Omitted
1872 4434 1928 4484 in
1972 4436 2058 4485 the
2095 4435 2330 4486 Arundel
2360 4434 2491 4498 MS„

481 4515 501 4542 ³
522 4510 587 4561 Si
606 4529 718 4562 vero
730 4511 993 4578 predicta,
1012 4507 1155 4562 Harl.
1182 4514 1294 4561 655.
1496 4514 1596 4563 and
1618 4511 1848 4577 supplied
1866 4513 1998 4564 from
2015 4514 2100 4565 the
2121 4519 2237 4565 text
2250 4514 2313 4563 of
2337 4511 2494 4564 IIem—

481 4595 502 4620 ⁶
514 4599 629 4657 post
661 4601 840 4658 tenpus
876 4591 1220 4658 supradictum,
1269 4593 1405 4656 inst-a
1493 4591 1751 4656 ingburgh
1772 4594 1874 4641 and
1895 4591 2007 4644 MS.
2036 4591 2182 4644 Harl.
2207 4598 2319 4644 655.

424 4678 526 4719 octo
554 4670 659 4722 dies
681 4688 774 4737 per
799 4670 985 4722 litteras
1024 4680 1222 4734 vestras,
1260 4671 1404 4721 Harl.
1568 4673 1604 4702 ¹⁰
1625 4672 1741 4732 sive,
1763 4671 1912 4723 Harl.
1937 4677 2048 4724 655.

424 4756 537 4802 655.
