3300 5617
1087 821 1418 873 ms‘ronu
1462 818 1880 873 ANGLICANA.
2399 808 2524 872 401

58 1020 198 1075 MS.
224 1023 364 1079 Bibl.
424 1014 619 1085 tingat
663 1030 762 1069 eos
812 1013 1141 1086 superiores
1180 1013 1447 1078 existere,
1501 1030 1605 1069 seu
1647 1012 1918 1070 victores.
2018 1010 2137 1067 Sed
2173 1010 2316 1083 quid
2361 1013 2534 1083 pauci
2558 1011 2697 1067 ΑΒ.
2726 1016 2869 1070 1379.

55 1088 215 1174 Reg.
246 1098 307 1143 13
424 1104 625 1154 contra
660 1099 897 1161 multos,
938 1098 1079 1153 sessi
1129 1104 1332 1153 contra
1376 1098 1576 1161 fortes,
1618 1095 1926 1153 valerent?
2000 1096 2304 1168 Siquidem
2349 1097 2534 1151 nostri

56 1156 139 1207 Β·
165 1173 246 1209 ¹⁸·
423 1183 650 1238 diutina
711 1182 892 1237 maris
956 1183 1179 1253 experti
1240 1181 1620 1246 incommoda,
1681 1181 1768 1235 eis
1848 1185 2016 1237 erant
2088 1182 2361 1252 impares,
2430 1181 2531 1252 qui

423 1273 485 1324 et
546 1267 745 1338 plures
806 1272 990 1330 erant,
1042 1275 1103 1322 et
1156 1266 1394 1322 minime
1455 1265 1728 1321 fluctibus
1776 1265 2027 1335 fatigati.
2128 1263 2324 1321 Cessit
2388 1282 2533 1336 ergo

422 1351 668 1407 victoria
715 1350 1045 1406 hominibus
1093 1351 1444 1414 inhumanis,
1488 1349 1773 1413 trucibus,
1825 1354 1886 1404 et
1933 1349 2208 1405 cruentis.
2302 1348 2533 1406 Revera
2553 1352 2680 1404 And
2699 1370 2834 1405 mur-

422 1434 689 1507 bargiam
724 1440 1089 1506 occupantes,
1135 1434 1424 1499 occidunt,
1470 1438 1866 1506 prosternunt,
1907 1439 1970 1489 et
2010 1433 2361 1505 demergunt
2394 1450 2526 1489 nos·
2555 1420 2644 1470 ἅθ’·
2665 1422 2727 1471 0f
2751 1423 2836 1500 ΨΘ

425 1525 566 1583 tros,
618 1518 768 1573 nulli
814 1525 1140 1590 parcentem
1186 1518 1335 1573 nulli
1382 1518 1731 1581 deferentes,
1776 1516 2003 1572 nullum
2053 1517 2302 1588 denique
2352 1535 2527 1589 quem
2552 1502 2699 1603 ἕρπ’
2723 1489 2849 1538 ’Μὴ

428 1621 556 1659 sors
595 1621 797 1659 eorum
833 1603 1169 1658 crudelitati
1206 1603 1422 1659 obtulit
1453 1606 1841 1658 reservantes.
1918 1600 2143 1657 Occisis
2178 1603 2431 1668 tandem,
2459 1610 2528 1659 ut
2549 1569 2865 1673 ῑῑέῃεέῗῖρὲθ

422 1687 870 1751 arbitrabantur,
923 1687 1210 1750 omnibus,
1273 1687 1540 1758 bargiam
1575 1685 1866 1758 profundo
1929 1685 2352 1752 commendant,
2417 1686 2434 1719 ¹
2449 1704 2522 1742 ne
2548 1688 2679 1752 boy;
2712 1690 2830 1738 who

421 1770 695 1827 videlicet
753 1788 956 1827 eorum
1014 1770 1386 1826 fraudulenta
1443 1770 1719 1826 dolositas
1774 1776 1835 1826 et
1883 1770 2084 1826 dolosa
2131 1769 2524 1826 fraudulentia
2547 1753 2725 1819 fi¹²⁸¹¹5
2747 1756 2850 1805 ὤθ-

422 1855 690 1926 Anglicis
727 1855 897 1911 fieret
929 1854 1256 1910 manifesta.
2547 1820 2818 1939 ssffi‘he

496 1939 802 2010 Superfuit
846 1946 1042 1995 tamen
1078 1940 1315 2011 quidam
1363 1939 1563 2011 garcio
1599 1957 1670 1994 ex
1706 1938 1907 1994 eadem
1955 1938 2180 2009 bargia,
2231 1939 2333 2010 qui
2383 1939 2524 1994 dum

421 2024 841 2080 instantissime
892 2025 1167 2096 utrinque
1200 2029 1581 2105 pugnaretur,
1622 2040 1864 2078 cernens
1914 2031 2142 2077 nostros
2177 2023 2522 2094 perdendos,

423 2110 734 2164 transierat
770 2108 833 2163 in
865 2126 1074 2164 navem
1122 2108 1589 2173 Flandrensium,
1631 2106 2104 2179 descendensque
2141 2107 2204 2161 in
2239 2108 2525 2164 sentinam

420 2191 638 2248 ibidem
687 2193 879 2256 latuit,
920 2192 1066 2248 nulli
1103 2193 1373 2263 cognitus
1412 2192 1594 2246 donec
1642 2191 1799 2247 idem
1834 2189 1857 2223 ²
1871 2190 2257 2246 Flandrenses
2292 2196 2526 2263 portum

418 2277 737 2347 Anglicum
773 2277 1125 2347 attigissent.
1220 2276 1339 2332 Hic
1385 2293 1528 2346 ergo
1563 2292 1671 2347 per
1714 2280 1839 2331 tres
1876 2275 2003 2331 dies
2040 2275 2166 2331 sine
2199 2275 2362 2331 victu
2398 2294 2528 2348 per·

422 2378 714 2425 severans,
766 2361 908 2416 dum
955 2360 1216 2416 audisset
1256 2359 1644 2415 Flandrenses
1691 2359 1962 2431 Anglicis
2009 2359 2426 2431 colloquenteS,
2468 2366 2530 2415 et

420 2446 636 2501 idioma
671 2462 910 2502 suorum
947 2445 1302 2517 agnovisset,
1341 2448 1580 2516 repente
1617 2444 1873 2500 surrexit
1907 2462 1979 2499 ex
2013 2444 2301 2516 profundo
2335 2444 2523 2508 navis,

422 2530 595 2585 fidem
630 2535 692 2584 et
726 2528 1073 2600 suffragium
1107 2527 1438 2599 Anglorum
1484 2526 1890 2584 ³inclamitans
1927 2546 2143 2600 magna
2177 2546 2337 2585 voce.
2412 2529 2527 2584 Ac—

420 2620 663 2669 currunt
684 2612 944 2684 Anglici,
971 2613 1281 2668 turbantur
1312 2611 1737 2679 Flandrenses3
1775 2612 1926 2667 nulli
1963 2618 2156 2668 tamen
2188 2614 2276 2669 rei
2308 2613 2526 2669 veritas

420 2704 548 2754 erat
578 2704 748 2764 nota3
800 2697 907 2753 sed
953 2697 1188 2752 demum
1224 2696 1615 2753 invalescente
1663 2697 1917 2753 clamore
1968 2699 1989 2731 ⁴
2003 2697 2189 2771 pueri,
2230 2716 2325 2754 res
2361 2699 2524 2754 inno·

418 2783 534 2839 tuit
578 2781 847 2853 Anglicis
899 2781 1054 2836 sicut
1105 2787 1246 2835 erat.
1321 2780 1400 2836 Et
1453 2799 1586 2836 mox
1642 2781 2030 2837 Flandrenses
2077 2783 2232 2854 capti
2281 2789 2420 2838 sunt
2464 2792 2526 2839 et
2549 2774 2663 2855 Τζὶθ
2684 2774 2801 2854 Πθξ

421 2866 752 2921 carceribus
789 2865 1085 2928 destinati,
1138 2865 1429 2936 recepturi
1478 2883 1585 2937 pro
1633 2865 1985 2921 facinoribus
2032 2866 2360 2921 mercedem
2396 2867 2525 2939 dig·
2547 2842 2680 2921 ¹¹¹3&
2704 2842 2817 2906 ’ΒΨ

418 2969 571 3006 nam.
668 2949 854 3006 Navis
903 2955 1100 3005 autem
1143 2954 1204 3005 et
1251 2949 1401 3006 bona
1456 2966 1659 3006 eorum
1706 2950 1891 3021 regiis
1952 2956 2090 3006 sunt
2137 2950 2342 3006 usibus
2392 2970 2525 3008 con·
2545 2909 2861 3027 ῗξῗίᾶῑέζῃᾱ

421 3037 636 3094 fiscata.
2545 3043 2873 3108 imprisoned,

415 3342 477 3410 J
470 3341 772 3410 ohannes
820 3341 1026 3423 Olerk,
1089 3342 1286 3410 ‘miles
1344 3348 1682 3423 strenuus,
1728 3346 1817 3410 in
1846 3342 2105 3433 femore
2159 3366 2527 3433 percussus

1304 3445 1579 3513 commit.

490 3585 607 3640 Sed
656 3584 872 3656 Anglis
921 3583 942 3616 ⁵
957 3601 1256 3657 nunquam
1310 3584 1524 3640 damna
1576 3585 1702 3640 sola
1755 3584 2078 3652 ‘'venirent,
2134 3587 2278 3659 quin
2326 3588 2521 3661 potius

416 3669 807 3741 multiplicata
838 3667 1307 3724 ⁷concurrerent.
1381 3668 1618 3725 Accidit
1651 3668 1866 3740 Anglis
1918 3670 2121 3726 eodem
2157 3689 2305 3727 anno
2340 3690 2522 3744 grave

416 3753 804 3825 dispendium,
844 3759 905 3808 et
938 3754 1045 3808 toti
1094 3753 1303 3808 insuloe
1338 3751 1776 3825 deplorandum.
1847 3753 2004 3809 Nam
2038 3756 2133 3810 vir
2166 3756 2520 3828 armipotens
2545 3768 2630 3818 Sir
2652 3768 2794 3820 John

417 3844 479 3892 et
526 3838 857 3902 bellicosus,
895 3837 1150 3909 prudens
1176 3843 1238 3893 et
1260 3841 1554 3901 strenuus,
1610 3836 1651 3891 J
1653 3837 1908 3893 ohannes
1947 3838 2177 3906 Clerke,
2217 3841 2410 3897 socius
2460 3848 2522 3898 et
2544 3835 2728 3887 Clerke

416 3922 646 3993 collega
697 3920 1089 3977 strenuissimi
1157 3920 1368 3977 militis
1419 3920 1660 3977 Domini
1729 3920 2005 3994 Hugonis
2058 3923 2132 3978 de
2192 3922 2516 3992 Calverlee,
2541 3902 2588 3953 ¹⁸
2604 3905 2853 3955 W⁰¹¹¹³d²d

485 4207 498 4238 ¹
525 4206 653 4256 utin
675 4206 801 4271 orig.
824 4206 926 4258 aud
945 4206 1038 4256 the
1052 4205 1251 4270 printed
1267 4211 1413 4256 texts.
1457 4220 1464 4317 Ι
1516 4207 1640 4270 neg.
1670 4212 1730 4257 13
1752 4207 1813 4258 Ε.
1838 4206 1906 4258 ix.
1922 4210 2025 4259 and
2045 4209 2130 4261 the
2152 4210 2349 4274 printed
2371 4222 2521 4267 texts.

418 4285 691 4337 corrected
712 4286 841 4335 stom
861 4284 999 4335 Bibl.
1023 4285 1148 4350 Reg.
1174 4290 1233 4335 13
1255 4286 1316 4335 Ε.
1340 4285 1414 4335 ix.
1584 4286 1604 4314 ³
1624 4283 1880 4337 clamitans
1896 4286 1952 4336 in
1975 4287 2061 4338 the
2083 4289 2285 4353 printed
2304 4299 2454 4344 texts.

482 4367 505 4396 ²
525 4361 903 4415 flandrensium
924 4365 980 4415 in
995 4363 1150 4429 orig.;
1176 4365 1262 4416 the
1277 4365 1418 4415 three
1583 4364 1602 4392 ⁴
1627 4364 1854 4417 Omitted
1874 4367 1929 4416 in
1943 4365 2030 4416 the
2044 4367 2244 4431 printed
2257 4378 2405 4424 texts.

415 4446 512 4497 last
544 4444 780 4511 syllables
811 4445 875 4495 of
895 4445 984 4496 the
1015 4443 1248 4509 previous
1279 4445 1418 4495 word
1582 4440 1603 4472 ⁶
1632 4459 1840 4507 uuquam
1863 4445 1918 4495 in
1948 4445 2078 4511 orig.
2109 4448 2211 4497 and
2231 4449 2366 4501 Bibl.
2392 4452 2521 4517 Reg.

414 4525 884 4577 “Rammium'’
907 4525 1063 4592 being
1076 4525 1418 4591 immediately
1458 4528 1464 4564 ²
1523 4527 1584 4571 13
1608 4522 1671 4573 E.
1692 4522 1767 4572 ix.
1792 4544 1807 4582 3
1849 4540 2096 4590 nunquam
2127 4525 2182 4575 in
2205 4526 2291 4578 the
2322 4529 2524 4593 printed

415 4608 590 4667 above,
629 4606 686 4656 in
718 4606 853 4656 Bibl.
878 4606 1005 4672 Reg.
1036 4612 1095 4656 13
1119 4606 1179 4655 Ε.
1205 4605 1296 4665 111.,
1319 4606 1420 4654 and
1458 4566 1464 4633 1
1518 4608 1669 4652 texts.

414 4701 485 4745 so,
542 4685 806 4750 probably,
862 4685 1102 4750 catching
1143 4684 1230 4735 the
1282 4690 1418 4733 tran-
1458 4644 1464 4719 1
1586 4679 1607 4713 ⁶
1631 4684 1830 4732 veniunt
1849 4682 1903 4732 in
1920 4683 2007 4735 the
2028 4683 2230 4748 printed
2250 4692 2402 4740 texts.

416 4765 647 4816 scriber’s
669 4780 777 4832 eye.
845 4762 1175 4815 flandrenses
1206 4763 1262 4811 in
1284 4760 1418 4812 Bibl.
1456 4730 1464 4815 1
1588 4765 1605 4793 ⁷
1628 4770 1923 4811 concurrunt
1942 4762 1997 4812 in
2013 4764 2098 4815 the
2109 4763 2311 4828 printed
2334 4775 2484 4820 texts.

2114 4861 2241 4914 OC
