3300 5617
795 809 924 874 358
1455 818 1713 869 τΗωω
1755 815 2220 868 wALsmem

462 1016 599 1069 ΑΒ.
629 1014 770 1064 1378.
800 1010 837 1036 “
876 1005 1156 1068 Ecclesia,
1200 1006 1215 1030 ‘
1237 1002 1361 1057 Deo
1413 1001 1577 1057 Patri
1631 1001 1711 1057 sit
1759 1002 1966 1073 gloria,
2005 1002 2022 1034 ¹
2046 1000 2317 1074 [ejusque
2358 1001 2468 1059 soli
2520 1000 2693 1067 Filio,
2752 1016 2890 1055 cum
2913 1012 3153 1065 namu,

801 1095 839 1119 “
881 1090 1105 1163 Spiritu
1148 1087 1470 1151 Paracleto,
1510 1092 1569 1141 et
1602 1104 1757 1141 nunc
1803 1092 1865 1142 et
1909 1087 1970 1141 in
2016 1084 2431 1160 perpetuum.']
2503 1086 2581 1142 Et
2615 1091 2756 1140 tnnc
2797 1089 2893 1138 est
2913 1080 3035 1156 Reg-
3065 1086 3114 1130 13

802 1180 839 1203 “
878 1173 1170 1230 conclusio
1206 1170 1541 1225 immediata
1561 1171 1865 1242 principiis
1901 1170 2055 1235 fidei,
2083 1189 2216 1226 cum
2250 1189 2366 1226 non
2401 1170 2662 1242 subjacet
2696 1169 2887 1224 homi-
2913 1147 2974 1196 E·
2995 1161 3064 1196 ²¹·

798 1264 812 1287 ‘
825 1263 838 1287 ‘
877 1276 1018 1315 num
1052 1255 1324 1329 potestati
1371 1254 1639 1310 ordinare
1685 1255 2211 1327 peregrinationem
2257 1255 2537 1312 Ecclesiae
2583 1255 2710 1311 sine
2751 1253 2883 1307 fine.

874 1344 912 1371 “
955 1338 1064 1412 [2.]
1104 1340 1263 1395 Deus
1315 1355 1429 1393 non
1482 1342 1674 1410 potest
1723 1337 1860 1393 dare
1897 1337 2135 1402 homini,
2175 1355 2280 1410 pro
2331 1356 2394 1393 se
2444 1344 2505 1394 et
2548 1337 2886 1393 haeredibus

804 1430 841 1453 “
882 1425 1005 1481 suis
1041 1423 1103 1479 in
1124 1426 1488 1495 perpetuum,
1516 1421 1691 1478 civile
1727 1420 2418 1493 dominium—Intelligo
2446 1419 2467 1453 ²
2480 1426 2674 1477 autem
2711 1420 2890 1475 civile

803 1512 840 1537 “
880 1507 1200 1563 dominium
1234 1512 1303 1561 ut
1339 1522 1516 1576 supra
1566 1504 1846 1569 intellexi,
1886 1504 2332 1560 dominationem
2380 1504 2676 1577 politicam
2724 1510 2786 1558 et
2827 1503 2887 1557 in

804 1598 841 1621 ‘⁶
880 1596 1244 1665 perpetuum.
1333 1589 1417 1644 Ut
1451 1606 1646 1660 supra,
1693 1589 1848 1644 sicut
1890 1588 2196 1660 Scriptura
2217 1588 2500 1660 intelligit
2535 1588 2597 1642 in
2636 1587 2882 1643 beatitu-

804 1679 841 1703 “
880 1675 1015 1730 dine
1067 1677 1376 1745 perpetuas
1428 1672 1774 1736 mansiones,
1829 1677 1967 1728 tunc
2014 1671 2158 1727 dixi·
2180 1672 2388 1744 prime,
2428 1671 2583 1743 quod
2617 1670 2777 1726 Deus
2813 1671 2885 1726 de

805 1764 842 1786 ‘⁶
882 1758 1140 1831 potentia
1166 1756 1430 1817 ordinata
1450 1772 1566 1811 non
1593 1760 1786 1828 potest
1821 1755 1960 1811 dare
1995 1755 2215 1811 homini
2249 1757 2312 1811 in
2345 1760 2688 1827 perpetuum
2713 1754 2884 1810 civile

806 1846 843 1870 ‘⁶
883 1841 1221 1896 dominium.
1319 1839 1457 1895 Dixi
1528 1840 1799 1905 secundo,
1863 1838 2019 1910 quod
2087 1839 2384 1911 probabile
2443 1838 2674 1897 videtur
2732 1837 2886 1909 quod

805 1929 842 1953 “
882 1925 1061 1990 Deus,
1091 1924 1163 1978 de
1187 1924 1444 1995 potentia
1479 1941 1585 1979 sua
1604 1922 1626 1954 ³
1649 1921 1984 1994 [absoluta],
2023 1940 2138 1979 non
2172 1928 2365 1996 potest
2397 1922 2537 1979 dare
2572 1921 2789 1977 homini
2825 1921 2886 1976 in

805 2012 843 2036 “
882 2014 1227 2080 perpetuum
1264 2007 1381 2062 tale
1432 2005 1771 2072 dominium,
1810 2023 1879 2063 eo
1916 2007 2071 2078 quod
2118 2025 2234 2062 non
2284 2011 2495 2078 potest,
2533 2012 2602 2063 ut
2633 2005 2881 2068 videtur,

806 2096 842 2118 ‘⁶
883 2110 1111 2163 semper
1146 2091 1506 2146 incarcerare
1555 2107 1826 2163 sponsam
1876 2108 2043 2146 suam
2077 2091 2139 2145 in
2173 2091 2288 2155 via,
2327 2108 2434 2146 nec
2494 2107 2602 2163 pro
2661 2106 2885 2161 semper

809 2179 845 2202 “
885 2175 1121 2230 differre
1172 2174 1447 2230 ultimum
1484 2191 1605 2230 suae
1641 2174 2023 2231 beatitudinis
2059 2174 2563 2247 complementum.

878 2261 915 2285 ‘⁶
946 2255 1055 2329 [3.]
1104 2256 1309 2313 Multae
1364 2258 1581 2314 chartae
1638 2257 1976 2313 humanitus
2035 2257 2361 2313 adinventae
2419 2256 2491 2312 de
2549 2254 2883 2313 haereditate

810 2346 846 2370 “
885 2341 1048 2397 civili
1084 2341 1359 2413 potentia,
1401 2348 1537 2397 sunt
1572 2341 2187 2414 impossibiles—Ista
2215 2342 2431 2398 veritas
2468 2346 2559 2397 est
2593 2339 2879 2405 incidens;

810 2431 847 2453 “
887 2443 1001 2481 non
1038 2426 1194 2481 enim
1219 2429 1451 2497 oportet
1476 2425 1822 2481 catholicare
1859 2444 2058 2482 omnes
2082 2427 2334 2491 chartas,
2374 2431 2392 2460 ⁴
2411 2424 2578 2497 [quia
2599 2430 2737 2480 tnnc
2773 2442 2882 2479 non

811 2513 847 2537 “
887 2510 1094 2565 liceret
1127 2510 1359 2565 auferre
1400 2510 1612 2565 collata
1648 2528 1754 2581 per
1790 2509 2045 2578 chartas]
2086 2529 2122 2565 a
2168 2511 2431 2582 quolibet
2467 2510 2683 2582 injuste
2718 2526 2880 2564 occu·

810 2598 846 2621 ‘⁴
886 2599 1076 2665 pante.
1155 2592 1271 2648 Sed
1306 2593 1413 2647 hoc
1468 2593 1804 2649 confirmato
1840 2594 1952 2649 fide
1995 2594 2295 2661 Ecclesiae,
2341 2595 2580 2650 daretur
2628 2592 2882 2649 caritatis

809 2680 847 2704 “
886 2675 1110 2732 occasio
1181 2676 1506 2731 confidendi
1582 2677 1646 2731 in
1700 2677 2142 2749 temporalibus·
2175 2685 2236 2734 et
2298 2677 2565 2750 ¹⁵petendi
2611 2676 2878 2741 licentia;

809 2765 845 2788 ‘⁶
886 2760 1041 2817 sicut
1073 2758 1229 2814 enim
1264 2777 1431 2819 omne
1467 2777 1673 2816 verum
1714 2767 1806 2816 est
1838 2761 2247 2828 necessarium,
2299 2761 2420 2818 ⁴3sic
2460 2778 2628 2817 omne
2675 2761 2884 2815 falsum

810 2848 846 2872 “
886 2850 977 2900 est
1027 2842 1305 2915 possibile
1360 2861 1431 2898 ex
1485 2843 1901 2915 suppositione,
1966 2850 2036 2901 ut
2089 2850 2253 2918 patet
2306 2845 2638 2902 testimonio
2695 2843 2882 2914 Scrip-

809 2932 846 2958 “
886 2934 1034 2985 turoe
1066 2933 1127 2984 et
1164 2927 1508 2985 Sanctorum
1544 2927 1866 2985 Doctorum
1904 2929 2270 3000 loquentium
2308 2930 2381 2986 de
2419 2929 2763 2985 necessitate
2797 2928 2881 2982 fu-

810 3016 845 3040 “
886 3011 1212 3069 turorumss'

878 3099 916 3124 “
945 3094 1054 3166 [4.]
1094 3095 1354 3164 Quilibet
1387 3095 1639 3151 existens
1674 3095 1737 3151 in
1771 3096 1966 3166 gratia
1987 3096 2349 3169 gratificante
2381 3097 2651 3163 finaliter,
2675 3095 2882 3151 nedum

810 3182 846 3208 ‘⁶
887 3179 1063 3237 habet
1078 3178 1180 3250 jus
1220 3179 1282 3233 in
1316 3195 1460 3244 rem,
1489 3177 1593 3234 sed
1615 3196 1722 3250 pro
1747 3197 1852 3235 suo
1877 3186 2136 3253 tempore
2160 3179 2182 3219 ⁷
2190 3182 2292 3253 jus
2315 3181 2379 3236 in
2408 3199 2475 3237 re
2499 3198 2674 3252 super
2698 3180 2883 3234 omnia

809 3266 845 3289 “
883 3262 1034 3317 bona
1093 3261 1295 3316 Dei.—
1310 3261 1482 3318 Patet
1544 3278 1614 3316 ex
1674 3261 1788 3317 fide
1849 3263 2187 3336 Scripturae,
2237 3264 2504 3320 Matthaei
2560 3263 2882 3320 ⁸Vicesimo

809 3348 845 3372 “
885 3350 1123 3415 quart03
1181 3344 1320 3416 quia
1375 3344 1613 3403 Veritas
1678 3346 1969 3417 promittit
2006 3355 2027 3382 ⁸
2044 3348 2288 3404 cuilibet
2343 3348 2585 3404 intranti
2634 3347 2698 3403 in
2749 3364 2882 3417 gau-

810 3431 846 3456 “
886 3428 1049 3483 dium
1085 3446 1274 3493 suum,
1319 3431 1333 3455 ‘
1350 3428 1541 3484 Amen
1575 3428 1706 3485 dico
1741 3430 1927 3496 vobis,
1967 3449 2141 3503 super
2179 3432 2374 3488 omnia
2408 3432 2558 3487 bona
2580 3430 2884 3487 constituet

810 3514 846 3539 ‘⁴
890 3516 904 3539 ‘
932 3511 1105 3567 eum.’
1171 3511 1282 3567 Jus
1297 3512 1453 3567 enim
1477 3514 1897 3570 communionis
1936 3514 2282 3572 Sanctorum
2305 3517 2368 3571 in
2403 3516 2594 3588 patria
2617 3514 2884 3569 fundatur

809 3598 846 3623 “
884 3595 1170 3665 objective
1206 3613 1381 3666 super
1414 3597 1856 3654 universitatem
1891 3598 2174 3655 donorum
2210 3599 2340 3654 Dei.

876 3682 913 3706 “
947 3675 1055 3749 [5.]
1096 3679 1290 3734 Homo
1306 3686 1500 3751 potest
1512 3681 1702 3737 solum
1724 3682 2139 3739 ministratorie
2164 3684 2322 3750 dare,
2350 3690 2471 3740 tam
2493 3682 2748 3738 naturali
2771 3681 2884 3736 filio

809 3766 846 3791 “
885 3761 924 3794 ¹⁰
942 3763 1144 3833 [quam
1192 3761 1339 3831 filio]
1392 3763 1771 3831 invitationis,
1824 3773 1885 3824 et
1917 3769 2236 3841 temporale
2273 3766 2596 3823 dominium
2633 3774 2695 3822 et
2727 3774 2884 3821 aeter-

806 3849 843 3873 “
880 3845 1288 3902 num—Patet
1327 3863 1414 3911 eo,
1443 3848 1599 3917 quod
1635 3850 1823 3905 omnis
1865 3852 2035 3907 homo
2072 3852 2246 3907 debet
2276 3867 2695 3925 recognoscere
2730 3868 2792 3907 se
2825 3850 2883 3904 in

870 4051 884 4079 ¹
914 4049 1154 4113 Supplied
1210 4049 1341 4099 from
1372 4051 1506 4101 Bibl.
1563 4052 1688 4118 Reg.
1741 4060 1799 4103 13
1898 4061 1956 4105 13
1979 4057 2040 4105 Ε.
2063 4057 2135 4106 ix.
2152 4076 2166 4117 ς
2226 4074 2288 4105 ω·
2323 4057 2653 4121 suppositione
2685 4054 2886 4105 omitted

804 4127 864 4177 E.
886 4128 960 4178 ix.
984 4131 1083 4179 and
1103 4128 1190 4179 the
1211 4129 1409 4193 printed
1432 4138 1581 4182 texta.
1891 4133 1943 4184 in
1967 4134 2052 4185 the
2067 4135 2270 4200 printed
2299 4142 2448 4185 texts.

868 4208 888 4236 ²
908 4207 1222 4274 Apparently
1233 4208 1430 4260 written
1440 4227 1583 4259 unua·
1598 4210 1651 4259 in
1668 4211 1794 4277 orig.
1956 4217 1972 4242 ²
1983 4215 2196 4280 jus-jure
2209 4214 2263 4264 in
2291 4213 2377 4263 the
2398 4213 2599 4278 printed
2621 4219 2768 4263 texts.

868 4286 887 4315 ⁸
909 4284 1151 4349 Supplied
1189 4287 1318 4337 stom
1362 4287 1497 4339 Bibl.
1550 4290 1679 4354 Reg.
1735 4295 1794 4341 13
1955 4296 1975 4323 ·
1997 4292 2152 4343 Man.
2178 4309 2302 4344 xxv.
2328 4299 2411 4343 21.

804 4362 862 4411 Ε.
878 4362 948 4412 ix.
973 4366 1070 4413 and
1092 4364 1177 4415 the
1198 4366 1396 4429 printed
1412 4374 1559 4418 texts.
1954 4374 1974 4402 ⁸
1993 4371 2179 4421 cimba:
2211 4370 2510 4420 ὑιιωιιείῠυ
2545 4370 2602 4420 in
2635 4370 2764 4437 orig.
2791 4370 2890 4420 and

868 4442 887 4471 ⁴
910 4441 1145 4505 Supplied
1188 4444 1317 4494 stom
1364 4445 1501 4497 Bibl.
1557 4448 1682 4513 Reg.
1734 4454 1792 4498 13
1886 4452 1972 4501 the
2016 4452 2217 4514 printed
2255 4458 2426 4511 ωιτη
2463 4452 2720 4500 corrected
2763 4450 2890 4499 from

802 4517 861 4568 E.
881 4517 953 4568 ix.
1020 4519 1130 4569 The
1164 4536 1299 4571 same
1342 4523 1580 4575 omission
1617 4541 1792 4577 occurs
1883 4530 2018 4579 Bibl.
2042 4530 2167 4595 Reg.
2197 4535 2257 4579 13
2271 4531 2332 4579 E.
2349 4530 2420 4579 ix.

804 4596 857 4645 in
881 4595 966 4646 the
982 4597 1177 4661 printed
1199 4608 1345 4652 ταῖς.
1950 4611 1986 4639 ¹·
2001 4609 2240 4673 Supplied
2300 4609 2430 4659 from
2481 4608 2617 4658 Bibl.
2669 4608 2795 4673 Reg.
2832 4613 2890 4656 13

869 4677 1786 4749 ’ρωοσιᾰίἰιιΒίδιΒεςΛδΕἰι
1881 4684 2065 4735 Eia:
2108 4684 2890 4747 omittedintheprintedtexts.

870 4755 891 4783 ⁸
911 4771 970 4805 es:
993 4760 1335 4823 suppo-cittene,
1353 4763 1496 4813 sicin
1511 4763 1644 4815 Bibl.
1659 4765 1786 4829 Reg.
