3300 5617
1074 797 1399 851 ffls'ronu
1442 797 1855 851 ANGLICANA.
2381 787 2505 853 351

61 992 187 1043 MS.
212 992 356 1047 Bibl.
419 986 457 1013 ‘⁶
494 983 860 1043 Vicesimum
910 983 1264 1051 Secundum,
1303 985 1793 1058 praedecessorem
1826 990 2113 1051 nostrum,
2170 985 2517 1057 reprobatus
2542 990 2681 1045 Aa).
2704 996 2845 1046 1377.

58 1058 199 1124 Reg-
230 1066 297 1111 13
421 1072 459 1097 “
498 1069 692 1125 extitit
727 1076 789 1125 et
835 1069 1163 1134 damnatus,
1201 1088 1319 1125 non
1354 1071 1417 1125 in
1450 1076 1692 1126 veretur
1724 1073 1971 1143 proefato
2005 1088 2191 1141 regno
2233 1087 2515 1135 asserere,

62 1127 127 1175 E·
154 1126 236 1180 ix·
420 1157 458 1182 “
496 1153 909 1224 dogmatizare,
951 1160 1013 1210 et
1044 1154 1278 1226 publice
1327 1155 1666 1226 praedicare,
1705 1155 2014 1210 nonnullos
2054 1155 2280 1210 Christi
2315 1154 2520 1210 fideles

421 1242 459 1267 ‘⁴
499 1238 515 1271 ¹
535 1239 620 1293 eis
657 1238 916 1309 maligne
952 1239 1234 1303 inficiens,
1271 1257 1339 1294 ac
1375 1257 1413 1295 a
1446 1239 1561 1294 fide
1599 1238 1921 1303 Catholica,
1963 1240 2089 1294 sine
2127 1257 2245 1310 qua
2278 1257 2394 1294 non
2430 1246 2522 1294 est

422 1325 461 1350 “
499 1322 677 1387 salus,
732 1323 950 1378 faciens
987 1322 1259 1390 deviare3
1315 1323 1388 1378 de
1426 1323 1639 1395 quibus
1679 1324 1765 1378 sic
1802 1324 2058 1379 subortis
2096 1330 2157 1379 et
2192 1340 2307 1378 non
2343 1324 2518 1379 extir-

422 1410 459 1434 “
496 1407 670 1477 patis,
728 1424 833 1463 seu
883 1407 1091 1463 saltem
1129 1407 1215 1462 eis
1262 1407 1426 1462 nulla
1475 1408 1629 1462 facta
1678 1408 2014 1463 resistentia
2049 1425 2227 1478 quam
2281 1409 2518 1471 scimus,

423 1495 460 1518 “
501 1490 605 1546 sed
626 1493 940 1547 transactis
966 1508 1071 1546 seu
1095 1491 1380 1556 toleratis,
1409 1492 1852 1547 conniventibus
1882 1492 2069 1547 oculis
2104 1490 2126 1523 ²
2143 1489 2274 1562 [vos
2303 1492 2522 1563 aliique

420 1579 458 1603 “
498 1576 788 1631 Praesules
812 1575 1068 1646 Angliae,
1097 1593 1233 1631 cum
1269 1575 1531 1632 debeatis
1567 1594 1699 1632 esse
1735 1577 2021 1632 columnas
2058 1577 2362 1641 Ecclesiae,
2403 1576 2523 1632 dic-

422 1664 459 1687 “
497 1666 689 1731 taeque
713 1660 851 1715 fidei
873 1660 1206 1717 defensores
1231 1660 1457 1725 attenti,
1485 1661 1926 1716 conniventibus
1952 1658 2163 1732 oculis]
2188 1667 2312 1716 tam
2334 1662 2521 1732 negli-

422 1747 461 1772 “
499 1750 707 1816 genter
740 1744 1114 1811 transeundO,
1153 1762 1269 1800 non
1304 1745 1600 1799 immerito
1636 1745 1928 1801 deberetis
1978 1745 2192 1800 rubore
2227 1746 2521 1817 perfundi,

423 1833 459 1858 ‘⁶
498 1829 896 1894 verecundari,
939 1834 1000 1885 et
1047 1830 1111 1884 in
1161 1829 1416 1901 propriis
1465 1829 1837 1885 conscientiis
1891 1829 2232 1885 remorderi.
2332 1829 2526 1900 Quare

423 1916 460 1942 “
499 1931 634 1969 cum
668 1920 790 1970 tam
826 1913 1222 1986 perniciosum
1256 1913 1498 1977 malum,
1546 1913 1704 1984 quod
1738 1931 1855 1967 non
1904 1915 2221 1985 praecisum
2276 1932 2382 1970 seu
2434 1934 2526 1970 ra-

422 2001 459 2025 “
497 1998 711 2054 dicitus
748 2000 1119 2069 extirpatum,
1161 2015 1395 2069 serpere
1432 2002 1630 2069 posset
1665 1997 1727 2051 in
1761 1998 2064 2068 plurimos,
2110 1999 2171 2052 in
2224 1998 2527 2054 animabus

421 2086 458 2109 “
498 2100 716 2147 eorum,
747 2082 903 2154 quod
927 2083 1096 2147 absit,
1126 2082 1287 2137 letali
1324 2083 1669 2152 contagione
1704 2081 2013 2146 necandos,
2041 2082 2332 2145 nolumus,
2374 2083 2529 2137 sicut

421 2171 457 2194 “
496 2184 604 2222 uec
640 2166 938 2232 debemuS,
980 2167 1089 2222 sub
1126 2165 1590 2222 dissimulatione
1627 2165 1898 2229 transire,
1939 2166 2290 2220 fraternitati
2316 2172 2526 2221 vestrm

422 2255 459 2278 ‘⁶
498 2268 603 2323 per
636 2251 978 2322 Apostolica
1014 2250 1234 2322 scripta
1268 2249 1689 2305 committimus
1726 2254 1788 2305 et
1821 2249 2166 2304 mandamus
2220 2255 2523 2321 quatenuS,

422 2338 459 2361 “
498 2336 748 2407 receptis
807 2334 1214 2406 proesentibus,
1258 2351 1382 2397 vos,
1427 2333 1525 2388 vel
1575 2333 1726 2388 alter
1775 2339 2058 2396 vestrum,
2111 2332 2183 2388 de
2238 2333 2527 2389 dictarum

422 2422 459 2445 “
499 2418 970 2490 Propositionum
1010 2423 1071 2475 et
1118 2417 1574 2473 Conclusionum
1611 2416 1952 2480 assertione,
1997 2434 2247 2487 quarum
2301 2418 2529 2488 copiam

422 2506 459 2529 “
498 2502 665 2559 vobis
714 2503 1007 2559 mittimus
1056 2501 1166 2556 sub
1214 2499 1393 2555 Bulla
1441 2506 1643 2555 nostra
1692 2499 2146 2565 inclusam,.vos
2184 2508 2406 2557 secrete
2443 2501 2530 2554 in-

421 2590 459 2614 “
501 2587 834 2651 formantes,
875 2587 927 2641 si
964 2585 1310 2643 inveneritis
1348 2585 1433 2640 ita
1483 2601 1631 2648 esse,
1672 2584 1984 2655 praefatum
2022 2583 2061 2638 J
2064 2585 2349 2640 ohannem
2385 2586 2526 2639 faci-

422 2672 459 2698 “
498 2671 612 2726 atis
649 2670 993 2725 auctoritate
1027 2674 1229 2724 nostra
1263 2668 1393 2739 capi
1431 2673 1494 2724 et
1527 2667 1862 2723 carceribus
1898 2668 2237 2739 mancipari,
2283 2668 2528 2738 ejusque

423 2758 460 2782 ‘⁶
500 2755 922 2810 confessionem
956 2751 1201 2825 ³[super
1260 2751 1484 2807 eisdem
1533 2751 2046 2829 Propositionibus
2108 2769 2212 2806 seu
2276 2752 2525 2807 Conclu-

423 2843 459 2865 “
500 2838 758 2893 sionibus
795 2838 1056 2909 recipere
1108 2835 1412 2899 studeatis,
1453 2853 1522 2890 ac
1558 2835 1750 2906 ipsam
1785 2834 2233 2903 confessionem]
2275 2842 2335 2891 et
2371 2854 2527 2907 quaea

422 2926 460 2948 “
500 2939 729 2992 cunque
765 2920 958 2975 dictus
997 2920 1036 2975 J
1040 2919 1295 2974 ohannes
1333 2918 1550 2975 dixerit
1585 2936 1691 2975 seu
1728 2919 2052 2989 scripserit,
2093 2937 2269 2990 super
2321 2937 2526 2974 earun-

422 3009 460 3034 “
500 3004 632 3059 dem
656 3004 1129 3076 Propositionum
1154 3010 1215 3058 et
1238 3001 1692 3058 Conclusionum
1717 3001 2050 3057 inductione
2076 3021 2143 3057 ac
2167 3003 2525 3075 probatione,

423 3092 461 3117 ‘⁶
501 3095 561 3144 et
593 3088 875 3161 quicquid
908 3087 1167 3143 feceritis
1204 3088 1266 3141 in
1300 3087 1642 3159 praemissis,
1685 3087 1794 3141 sub
1819 3087 2034 3142 vestris
2073 3087 2292 3157 sigillis
2331 3087 2531 3143 clausa

424 3175 462 3200 “
502 3180 562 3229 et
595 3172 815 3227 nemini
850 3171 1127 3235 revelata,
1167 3171 1335 3225 nobis
1370 3188 1477 3241 per
1513 3169 1746 3225 fidelem
1780 3170 2061 3224 nuncium
2101 3171 2525 3235 transmissuri,

424 3261 462 3284 “
503 3257 867 3327 eundemque
893 3256 932 3311 J
936 3256 1223 3311 ohannem
1260 3254 1371 3309 sub
1408 3254 1567 3310 fideli
1600 3254 1868 3309 custodia
1895 3255 2143 3309 teneatis
2168 3254 2231 3309 in
2253 3255 2525 3319 vinculis,

424 3344 460 3368 “
501 3341 682 3396 donec
731 3358 768 3395 a
814 3339 982 3395 nobis
1033 3356 1211 3410 super
1268 3338 1379 3393 hoc
1440 3337 1605 3393 aliud
1663 3338 2005 3409 receperitis
2085 3339 2149 3393 in
2215 3338 2525 3393 mandatis.

426 3428 466 3451 “
507 3423 1002 3486 contradictores,
1044 3428 1155 3477 etc.
1232 3422 1530 3487 InvocatO,
1572 3430 1683 3476 etc.
1763 3421 1899 3477 Non
1936 3421 2301 3481 obstantibus
2338 3421 2531 3477 felicis

423 3513 460 3536 “
498 3507 916 3564 recordationis
967 3506 1271 3563 Bonefacii
1324 3505 1502 3577 Papae
1552 3503 1781 3571 Octavi,
1821 3505 2270 3577 praedecessoris
2321 3509 2527 3571 nostri,

423 3596 461 3620 ‘⁶
502 3591 1050 3655 Constitutionibus,
1108 3590 1172 3645 in
1223 3589 1438 3661 quibus
1493 3594 1735 3644 cavetur
1769 3606 1843 3643 ne
1879 3589 2096 3660 aliquis
2146 3595 2311 3645 extra
2364 3608 2531 3645 suam

424 3681 460 3704 “
499 3677 798 3731 civitatem
832 3675 929 3731 vel
965 3674 1302 3740 Dioecesim,
1341 3673 1459 3729 nisi
1484 3675 1547 3729 in
1570 3674 1750 3730 certis
1790 3675 2048 3746 exceptis
2089 3675 2343 3739 casibuS‚
2373 3681 2433 3730 et
2468 3676 2532 3729 in

411 3764 463 3794 ·“
502 3760 625 3815 illis
672 3758 832 3814 ultra
882 3776 1060 3813 unam
1114 3757 1333 3813 dietam
1370 3775 1406 3813 a
1440 3757 1555 3813 fine
1592 3776 1715 3813 suae
1766 3756 2056 3813 Dioecesis
2111 3757 2188 3813 ad
2233 3757 2530 3829 judicium

425 3848 463 3870 “
504 3850 815 3908 evocetur;
856 3859 963 3898 seu
997 3859 1071 3897 ne
1100 3842 1334 3914 judices
1372 3859 1408 3897 a
1429 3841 1580 3896 Sede
1615 3841 1959 3913 Apostolica
1994 3842 2260 3914 deputati
2297 3842 2529 3912 aliquos

425 3931 463 3956 “
504 3927 660 3982 ultra
694 3944 870 3981 unam
906 3925 1127 3981 dietam
1162 3944 1197 3980 a
1233 3925 1347 3980 fine
1385 3944 1507 3980 suae
1544 3924 1834 3981 Dioecesis
1879 3943 2121 3983 evocare
2153 3932 2526 3997 praesumant,

426 4016 463 4039 “
504 4017 564 4066 et
612 4010 684 4065 de
723 4009 950 4067 duabus
987 4010 1162 4066 dietis
1199 4011 1262 4065 in
1298 4009 1558 4066 Consilio
1596 4009 1889 4076 Generali,
1942 4027 2011 4065 ac
2060 4009 2081 4041 ⁴
2100 4009 2522 4080 exemptioni33

428 4100 464 4122 ‘⁶
506 4102 565 4149 et
617 4094 751 4149 aliis
801 4094 1158 4165 privilegiis,
1212 4094 1748 4157 constitutionibus,
1794 4099 1855 4148 et
1903 4093 2118 4148 litteris
2168 4092 2526 4163 Apostolicis

428 4184 464 4205 ‘⁶
504 4177 983 4241 Praedicatorum,
1021 4178 1338 4240 Minorum,
1367 4183 1428 4232 et
1461 4177 1906 4232 Heremitarum
1945 4175 2144 4231 Sancti
2178 4174 2522 4246 Augustini,

429 4266 467 4290 “
507 4270 567 4317 ct
619 4263 845 4317 Sancta}
882 4262 1089 4315 Marioe
1126 4261 1198 4314 de
1234 4261 1435 4314 Monte
1473 4260 1751 4323 Carmeli,
1801 4266 1861 4313 et
1896 4258 2028 4314 aliis
2079 4260 2523 4330 quibuscunque

430 4352 467 4376 “
506 4345 982 4409 Mendicantium,
1024 4344 1121 4401 vel
1176 4344 1309 4399 aliis
1348 4342 1665 4399 Ordinibus
1718 4348 1778 4398 et
1828 4343 1994 4409 locis,
2034 4350 2136 4399 aut
2171 4344 2522 4417 specialibus

960 4522 1073 4527 --—
1172 4522 1195 4526 υ
1250 4522 1285 4525 —7
1352 4522 1397 4526 -—
1420 4520 2514 4528 -·--————-————-———————-————-—

492 4648 505 4675 ¹
531 4645 635 4711 ejus
654 4643 712 4693 in
734 4641 880 4709 orig„
896 4643 967 4707 by
988 4642 1356 4693 inadvertence.
1512 4642 1574 4694 E.
1597 4641 1673 4694 ix.
1696 4643 1798 4693 and
1820 4642 1906 4693 the
1926 4642 2125 4707 printed
2153 4649 2301 4695 texts.

490 4727 512 4755 ²
535 4725 776 4789 Supplied
797 4725 928 4773 from
951 4724 1085 4775 Bibl.
1105 4723 1233 4789 Reg.
1264 4729 1324 4772 13
1364 4722 1425 4774 Ε.
1576 4722 1593 4751 ⁴
1616 4721 1922 4784 espen-sionis
1966 4720 2023 4770 in
2069 4722 2194 4787 orig.
2269 4724 2368 4773 and
2438 4724 2524 4773 the

424 4805 497 4855 ix.
567 4804 791 4854 Omitted
812 4803 867 4852 iu
890 4803 974 4852 the
997 4802 1199 4867 printed
1216 4808 1366 4854 texts.
1515 4801 1714 4866 printed
1737 4806 1906 4860 texts;
1936 4803 2189 4857 corrected
2221 4800 2351 4854 from
2386 4803 2521 4853 Bibl.

492 4886 513 4913 ⁸
536 4883 778 4947 Supplied
822 4882 954 4933 from
1000 4882 1135 4934 Bibl.
1188 4882 1316 4947 Reg.
1372 4888 1430 4933 13
1516 4881 1643 4946 Reg.
1673 4886 1732 4933 13
1753 4879 1816 4933 E.
1833 4880 1905 4932 ix.
