3300 5617
1148 806 1480 858 maror-m
1509 779 1926 860 ANG‘LIOANA.
2501 793 2586 860 29

144 989 455 1061 Riflhmger.
493 998 842 1060 moraretur,
919 993 1091 1052 miles
1188 994 1205 1027 ¹
1222 993 1460 1067 quidam
1535 995 1828 1068 Anglicus
1922 996 2235 1068 quemdam
2295 995 2336 1051 J
2335 994 2590 1062 udoeum,
2705 1001 2844 1053 A.D.

146 1057 259 1111 HS·
282 1060 427 1116 Bm
494 1097 674 1152 super
708 1078 1040 1136 detentione
1091 1078 1354 1136 indebita
1388 1080 1697 1151 cujusdam
1749 1081 1998 1137 manerii
2035 1081 2148 1136 sibi
2192 1081 2590 1152 impignorati,
2629 1072 2936 1121 ¹²⁸⁷-¹2⁸⁸·

144 1124 289 1246 ἓξὲξ
302 1134 367 1181 ¹³
494 1181 692 1220 coram
719 1162 1022 1236 judicibus
1057 1164 1368 1221 convenire
1404 1164 1682 1222 decrevit.
1794 1165 1912 1222 Sed
1966 1165 2213 1221 Judaeus
2262 1163 2594 1235 versipellis
2622 1174 2869 1240 Dealings

494 1246 845 1319 respondere
870 1249 1084 1315 renuit,
1112 1248 1476 1322 praetendens
1502 1250 1764 1306 chartam
1800 1250 1985 1322 Regis
2012 1250 2302 1321 quondam
2325 1248 2591 1314 Henrici,
2623 1242 2683 1292 Of
2710 1240 2812 1320 ²3¹².

496 1351 617 1403 qua
662 1332 776 1388 sibi
827 1333 1122 1390 indultum
1176 1334 1291 1390 fuit.
1330 1351 1403 1390 ne
1439 1351 1637 1390 coram
1679 1335 1882 1406 judice
1932 1335 2149 1406 aliquo,
2193 1334 2316 1390 eolo
2353 1350 2594 1405 corpore
2624 1293 2906 1425 ewa

496 1417 658 1488 regis
681 1425 939 1490 excepto,
960 1418 1023 1474 in
1033 1418 1326 1490 judicium
1344 1419 1500 1474 trahi
1524 1426 1740 1490 posset.
1817 1420 2013 1486 Miles,
2036 1437 2213 1492 super
2230 1419 2340 1474 hoo
2365 1419 2591 1484 anxius,
2623 1390 2779 1494 ἔζη,
2827 1390 2855 1424 e

496 1501 865 1558 wasconiam
900 1502 1064 1568 adiit,
1110 1507 1180 1558 ut
1213 1520 1390 1575 super
1426 1503 1537 1558 hoc
1572 1521 1608 1558 a
1645 1503 1811 1575 Rege
1852 1504 2181 1560 remedium
2215 1503 2456 1575 aliquod
2487 1503 2597 1558 im·

496 1592 771 1659 petraret.
868 1585 1056 1655 Quem
1108 1605 1244 1644 cum
1294 1586 1421 1642 Rex
1474 1586 1871 1653 audisset,-“
1894 1587 2032 1644 Non
2079 1588 2308 1654 decet,”
2349 1584 2592 1660 [inquit]

500 1673 538 1698 ‘⁸
575 1670 810 1726 irritare
846 1671 1001 1727 facta
1035 1678 1360 1743 parentum,
1404 1671 1618 1742 quibus
1668 1672 1803 1743 lege
1858 1672 2057 1730 divina
2101 1673 2386 1745 jubentur
2431 1689 2596 1729 reve-

500 1757 538 1783 “
575 1753 826 1809 rentiam
866 1754 1157 1810 exhibere.
1253 1754 1502 1827 Propter
1540 1755 1713 1827 quod,
1772 1756 1991 1813 factum
2039 1758 2224 1828 patris
2277 1758 2397 1813 mei
2432 1774 2599 1813 revo-

499 1842 538 1869 ‘⁸
576 1856 710 1895 care
745 1856 860 1895 non
895 1838 1169 1907 decrevi,
1226 1839 1332 1898 sed
1366 1840 1478 1895 tibi
1513 1839 1861 1911 oaeterisque
1897 1841 2068 1912 regni
2102 1842 2222 1897 mei
2257 1857 2427 1913 aequa
2460 1842 2597 1914 lege

500 1926 538 1952 “
576 1924 672 1992 (ne
708 1924 901 1996 potior
949 1923 1220 1980 videatur
1258 1923 1297 1978 J
1300 1923 1502 1980 udoeus
1540 1942 1717 1996 quam
1754 1924 2148 1994 Christianus)
2184 1925 2483 1998 indulgen,
2523 1943 2597 1983 ne

500 2011 538 2037 “
575 2026 681 2080 pro
718 2025 1064 2081 quacunque
1100 2008 1320 2081 injuria
1352 2009 1444 2064 illi
1482 2009 1521 2064 J
1523 2008 1692 2065 udaeo
1726 2009 1909 2075 illata,
1939 2009 2221 2082 quamdiu
2256 2011 2459 2067 charta
2492 2029 2601 2068 sua

500 2095 538 2121 ‘⁸
577 2092 835 2164 gaudere
859 2092 1132 2158 voluerit,
1160 2109 1357 2148 coram
1384 2092 1587 2165 judice
1623 2093 1843 2165 aliquo,
1883 2111 1978 2148 mo
2015 2101 2273 2166 excepto,
2300 2096 2601 2152 conveniri

501 2180 540 2206 “
576 2176 876 2248 possitis.·’
972 2176 1330 2234 Revertente
1367 2194 1502 2232 cum
1538 2176 1649 2232 hoc
1685 2177 2003 2249 privilegio
2038 2178 2248 2246 milite,
2293 2178 2597 2235 attendens

499 2260 539 2316 J
541 2260 743 2316 udaeus
779 2260 895 2316 eibi
930 2261 1237 2317 imminere
1273 2260 1550 2316 damnum
1586 2266 1647 2320 et
1680 2262 2027 2333 periculum,
2056 2268 2368 2334 spontanee
2393 2280 2602 2319 renun-

497 2345 615 2400 ciat
636 2362 759 2402 suae
784 2344 1023 2409 ohartae,
1052 2350 1257 2416 optans
1285 2342 1390 2400 ’ut
1413 2351 1696 2403 evacuata
1730 2345 2063 2402 conditione
2098 2345 2422 2419 privilegii,
2461 2365 2599 2420 pars

496 2437 744 2500 utraque
780 2429 904 2500 legi
940 2429 1235 2486 communi
1269 2430 1467 2486 valeat
1502 2429 1824 2501 subjacere.

566 2512 654 2568 Eo
707 2519 989 2585 tempore,
1035 2512 1132 2568 die
1186 2512 1437 2584 quadam
1484 2530 1620 2569 cum
1671 2513 1799 2570 Rex
1853 2519 1912 2571 et
1964 2514 2214 2586 Regina,
2267 2515 2332 2571 in
2368 2534 2600 2573 camera
2626 2537 2821 2603 &0290

498 2596 749 2669 quadam
782 2597 1213 2661 convenientes,
1253 2615 1431 2669 super
1466 2598 1688 2655 lectum
1724 2597 2037 2670 quemdam
2065 2599 2595 2666 confabularentur,
2628 2605 2758 2655 from
2789 2605 2941 2670 light·

499 2682 651 2737 ictus
702 2681 968 2737 fulminis
1016 2698 1123 2753 per
1160 2681 1494 2747 fenestram,
1543 2700 1675 2754 quae
1711 2683 1797 2738 eis
1835 2687 1961 2738 erat
1995 2702 2032 2738 a
2066 2683 2259 2749 dorso,
2297 2685 2600 2755 ingressus
2626 2673 2874 2803 ῗζέκῗξε

499 2771 608 2829 est,
649 2771 711 2820 et
745 2764 901 2820 inter
948 2782 1049 2820 eos
1098 2765 1410 2829 transiens,
1468 2766 1615 2837 ipsis
1665 2766 1901 2837 penitus
1951 2766 2178 2832 illaesis,
2221 2768 2368 2825 duos
2415 2768 2600 2824 domi-
2630 2806 2732 2856 πᾶ
2747 2804 2941 2867 Quem·

499 2849 698 2914 cellos,
740 2849 843 2920 qui
879 2849 944 2905 in
978 2865 1183 2904 eorum
1219 2849 1451 2906 stabant
1485 2849 1817 2921 praesentia,
1856 2851 2170 2908 interfecit.
2274 2852 2600 2925 Stupefacti

500 2932 815 2990 admodum
851 2932 1051 2990 caeteri
1086 2949 1289 2988 omnes
1331 2933 1434 3004 qui
1471 2933 1733 2998 aderant,
1791 2952 1861 2989 ex
1898 2934 2177 3002 evidenti,
2223 2937 2380 3007 quod
2415 2938 2599 2993 conti·

502 3023 688 3089 gerat,
718 3016 1156 3089 perpendebant
1178 3016 1480 3082 miraculo,
1509 3016 1696 3073 divini
1717 3016 1738 3049 ³
1754 3019 2103 3089 protectioni
2130 3020 2388 3077 numinis
2425 3021 2603 3079 saluti

499 3102 522 3134 ⁴
539 3101 722 3172 regiae
757 3119 876 3157 non
910 3100 1133 3157 deesse.

575 3184 699 3240 Sub
737 3185 942 3242 eodem
976 3191 1240 3258 tempore
1267 3184 1394 3262 Rex
1431 3185 1615 3257 Cypri
1649 3184 1809 3257 apud
1843 3183 2043 3243 Acoon
2077 3187 2142 3244 in
2176 3187 2403 3260 Regem
2438 3189 2604 3245 Ieru-
2628 3213 2738 3265 The
2754 3213 2898 3279 Κίος

501 3270 686 3326 salem
744 3275 1089 3326 coronatur:
1129 3269 1302 3342 ‚quod
1337 3269 1548 3325 Comes
1601 3270 2034 3332 Atwabatensis
2087 3272 2150 3328 in
2195 3274 2602 3345 praejudicium
2627 3281 2689 3331 of
2713 3281 2912 3346 Cyprus

502 3354 688 3426 Regis
715 3353 955 3420 Siciliae,
985 3354 1087 3426 qui
1124 3371 1376 3424 regnum
1410 3354 1562 3409 illud
1584 3354 1947 3421 vendicabat,
1989 3357 2207 3413 factum
2243 3359 2599 3426 existimans,
2627 3348 2861 3426 “P'ned

501 3437 653 3493 bona
674 3438 1141 3509 Templariorum
1166 3444 1227 3493 et
1248 3437 1801 3509 Hospitalariorum,
1831 3440 1971 3511 quia
2005 3441 2159 3497 facto
2193 3440 2332 3497 huic
2367 3458 2606 3499 consen·
2626 3413 2908 3534 §3²³3th

502 3529 718 3586 serant,
758 3522 981 3600 ubique
1015 3538 1124 3593 per
1147 3519 1430 3592 Apuliam
1465 3521 1822 3580 confiscavit.
2913 3518 2926 3535 ’

576 3606 692 3661 Per
727 3604 886 3660 idem
922 3611 1154 3676 tempus
1189 3604 1491 3670 Alfonsus,
1549 3605 1676 3660 Rex
1725 3605 2089 3678 Asi-agoniae,
2143 3607 2342 3665 missis
2378 3609 2454 3665 ad
2490 3611 2604 3667 Gu-

505 3690 659 3745 riam
692 3688 1017 3746 Romanam
1050 3688 1305 3753 nunciis,
1343 3688 1364 3719 ⁵
1382 3689 1754 3748 reconciliari
1804 3691 2017 3762 petivit
2050 3690 2352 3760 Ecclesiae,
2380 3693 2454 3749 de
2489 3694 2606 3752 hiis

510 3791 641 3844 quae
677 3789 784 3844 per
817 3778 1046 3844 patrem
1083 3789 1250 3827 suam
1288 3773 1445 3828 facta
1476 3773 1709 3831 fuerant
1743 3791 1806 3829 se
1844 3791 2144 3833 excusans,

581 3857 817 3912 Transit
850 3873 1035 3911 annus
1071 3856 1186 3912 iste
1232 3856 1487 3928 frugifer
1522 3862 1583 3912 et
1616 3857 1887 3914 fructifer
1935 3859 2092 3914 omni
2144 3860 2303 3932 plebi
2322 3883 2338 3929 3
2381 3861 2607 3920 Judaeis

509 3959 617 4014 per
639 3940 920 4012 Angliam
961 3940 1174 4007 tristis,
1202 3946 1265 3998 et
1298 3940 1587 3998 malorum
1624 3942 2026 4011 inchoativum
2065 3943 2326 4012 Francis,
2370 3946 2609 4018 Anglis-

511 4043 625 4096 que
661 4026 916 4094 quietum
1624 4093 1635 4100 ὁ

166 4112 279 4165 ΜΒ.
304 4115 444 4170 Bibl.
580 4109 751 4164 Anno
803 4109 1013 4180 gratiae
1061 4109 1375 4172 millesimo
1427 4109 1826 4166 ducentesimo
1875 4113 2229 4183 octogesimo
2280 4132 2448 4180 nono,
2507 4116 2608 4187 qui

165 4180 293 4260 ¹3⁶ss·
323 4188 387 4233 13
511 4198 607 4250 est
643 4210 827 4249 annus
881 4193 1054 4265 regni
1095 4192 1282 4265 Regis
1329 4192 1620 4259 Edwardi,
1677 4213 1713 4250 a
1748 4194 2104 4272 Conquaestu
2141 4197 2348 4263 Primi,
2408 4207 2609 4255 sextus

584 4531 805 4598 ῑφιίάαιι
827 4532 884 4584 in
905 4533 1033 4600 orig.
1610 4534 1698 4585 the
1720 4534 1918 4598 printed
1943 4542 2095 4589 textu.

582 4613 603 4642 ²
623 4620 672 4662 ee
703 4615 959 4665 corrected
1010 4622 1064 4665 to
1107 4621 1165 4664 ut
1212 4612 1267 4665 in
1313 4628 1345 4665 a
1387 4614 1518 4666 later
1679 4616 1697 4645 ⁴
1713 4615 1840 4680 regis
1861 4615 1916 4665 in
1939 4615 2026 4667 the
2048 4617 2244 4679 printed
2265 4626 2413 4670 texts.

518 4690 685 4751 band3
721 4699 771 4742 ee
791 4691 848 4742 in
869 4692 957 4743 the
977 4692 1180 4759 printed
1194 4701 1343 4744 texts.
1677 4695 1697 4723 ⁵
1714 4692 2020 4746 reconsiliari
2039 4695 2095 4745 in
2116 4696 2243 4762 orig.

586 4771 606 4801 ⁸
622 4770 712 4820 An
752 4786 890 4822 error
910 4771 989 4823 for
1005 4773 1358 4838 protectionem,
1382 4787 1438 4824 a·
1458 4772 1514 4823 in
