3300 5617
51 973 200 1026 MS,
232 977 399 1037 Bibl.

57 1042 220 1107 ΗΘΒ.
261 1053 341 1099 13

57 1109 130 1157 Ε.
165 1109 259 1164 ix.

125 3526 237 3579 MS.
267 3527 403 3579 Bibl.

126 3596 258 3660 Beg.
287 3600 348 3646 13

129 3661 281 3712 Cont.

127 3727 427 3790 Mur-imum,

129 3810 174 3859 p.
199 3801 316 3847 221.

1130 800 1459 851 msronu
1500 800 1921 852 mumolum.
2433 792 2562 856 323

459 982 622 1055 Papa
659 984 909 1042 missum
955 1003 1091 1043 cum
1138 989 1427 1046 mandatis
1453 989 1791 1062 Papalibus,
1832 988 2214 1046 candentibus
2251 989 2559 1045 fuscinulis
2587 1001 2722 1054 AD,
2754 1007 2896 1057 1876.

458 1068 667 1125 ferreis
713 1071 918 1126 vivum
966 1074 1535 1141 excarnificaverunt,
1587 1082 1648 1131 et
1691 1075 1950 1131 nondum
1995 1080 2293 1131 mortuum
2339 1074 2402 1128 in
2448 1080 2563 1130 ter-
2589 1094 2735 1160 They
2758 1102 2898 1146 ente.-

455 1170 584 1207 ram
621 1154 912 1211 foderunt.
989 1156 1248 1225 Quorum
1286 1159 1524 1230 quidam
1569 1165 1772 1231 postea
1808 1160 2107 1217 venientes
2150 1159 2213 1214 in
2259 1157 2557 1229 Angliam,
2588 1161 2673 1211 the
2690 1162 2881 1239 service

455 1243 519 1294 et
551 1237 735 1310 Regis
759 1258 962 1311 paoem
997 1241 1211 1299 habere
1234 1250 1529 1315 rogantes,
1564 1251 1907 1301 manserunt
1935 1244 2155 1299 ibidem
2192 1244 2374 1300 donec
2402 1244 2564 1315 Papa
2588 1228 2741 1277 ΟΜΝ
2758 1229 2898 1295 ng

454 1339 562 1394 per
598 1341 732 1381 suas
774 1325 979 1382 Bullas
1017 1327 1374 1385 declarasset
1421 1330 1654 1401 quantis
1691 1336 1889 1387 essent
1924 1330 2243 1385 sceleribus
2290 1328 2557 1384 involuti.
2588 1295 2812 1412 ᾖξ’-ΠΨ

456 1407 684 1462 Extunc
745 1425 887 1465 vero
951 1411 1275 1468 Florentini
1341 1414 1702 1470 devenerunt
1773 1414 1931 1472 servi
2004 1414 2208 1485 Regis,
2287 1420 2564 1485 tanquam

454 1492 658 1556 nativi,
686 1510 820 1548 cum
849 1495 1116 1551 omnibus
1139 1497 1305 1553 bonis
1330 1503 1391 1554 et
1413 1498 1639 1554 catallis
1677 1515 1915 1565 eorum;
1953 1498 2272 1554 secundum
2303 1504 2564 1553 tenorem

457 1574 789 1631 litterarum
842 1578 1170 1651 Papalimn,
1213 1581 1368 1653 quod
1415 1589 1520 1639 aut
1575 1583 1661 1639 ita
1707 1584 1981 1649 facerent,
2033 1589 2137 1641 aut
2194 1582 2269 1638 ad
2323 1582 2562 1637 Curiam

459 1660 818 1727 festinarent,
872 1663 1222 1721 submissuri
1282 1665 1301 1697 ¹
1321 1683 1384 1721 se
1444 1666 1655 1737 gratiae
1715 1665 1952 1721 Domini
2012 1665 2189 1737 Papae
2248 1672 2309 1721 et
2368 1665 2563 1720 Curiae

458 1745 826 1816 supradictae.
901 1747 1225 1805 Florentini
1263 1749 1450 1821 igitur
1488 1749 1812 1821 elegerunt,
1855 1756 1924 1805 ut
1962 1749 2074 1807 sibi
2111 1750 2439 1816 videbatur,
2491 1750 2564 1804 de

455 1830 682 1889 duobus
706 1832 879 1889 malis
907 1834 1101 1893 minus
1137 1834 1377 1901 malum,
1423 1837 1643 1892 servire
1682 1836 1974 1902 videlicet,
2016 1854 2176 1892 more
2212 1837 2561 1900 nativorum,

457 1915 612 1986 Regi
647 1914 902 1988 Angliae,
943 1936 1120 1990 quam
1156 1917 1366 1976 'subdi
1402 1920 1644 1975 arbitrio
1684 1919 2097 1976 Romanorum.

527 1996 826 2057 Vicesimo
884 2002 1135 2059 secundo
1191 2003 1287 2059 die
1336 2003 1486 2059 Julii
1546 2003 1695 2060 obiit
1755 2003 1956 2063 Simon
2002 2004 2374 2076 'Langham,*
2423 2002 2563 2060 Car·

458 2084 671 2141 dinalis
706 2085 1016 2159 Anglicus.

527 2168 699 2227 Anno
746 2173 955 2244 gratiae
1003 2172 1317 2229 millesimo
1367 2172 1778 2231 trecentesimo
1816 2172 2248 2246 septuagesimo
2296 2172 2561 2245 septimo,
2588 2173 2901 2224 A.D.137⁷.

458 2258 561 2329 qui
597 2264 689 2314 est
723 2277 907 2316 annus
931 2262 1101 2332 regni
1140 2261 1324 2333 Regis
1362 2261 1657 2327 Edwardi‚
1699 2279 1737 2317 a
1758 2260 2113 2334 Conquaestu
2149 2261 2354 2325 Tertii,
2398 2262 2564 2332 quin·
2590 2241 2909 2357 Afbnssdanoe

458 2343 835 2413 quagesimus
871 2345 1116 2416 primuS,
1166 2352 1330 2401 tanta
1387 2346 1630 2401 advecta
1689 2352 1780 2401 est
1839 2346 1902 2400 in
1958 2345 2240 2417 Angliam
2298 2345 2565 2401 vinorum
2590 2323 2809 2438 gngffi
2830 2381 2883 2424 to

457 2426 829 2494 abundantia,
870 2435 1088 2500 quanta
1122 2429 1313 2484 multa
1352 2434 1646 2485 transacta
1685 2436 1950 2501 tempora
1988 2448 2103 2484 non
2140 2429 2431 2487 viderunt.
2591 2442 2845 2506 England.

528 2510 702 2567 circa
731 2512 945 2568 Natale
967 2531 1108 2569 vero
1132 2513 1504 2569 Dominicnm
1540 2519 1704 2569 tanta
1728 2514 1987 2569 excrevit
2010 2532 2163 2585 aqua
2200 2514 2261 2567 in
2299 2512 2565 2585 partibus
2594 2522 2752 2571 Great

454 2593 1009 2663 Northumbrornm,
1037 2597 1110 2652 de
1142 2597 1494 2653 resolutione
1535 2598 1763 2654 nivium
1796 2616 1926 2669 quae
1960 2616 2064 2669 per
2088 2603 2219 2652 ante
2259 2598 2321 2652 in
2355 2615 2570 2667 magna
2592 2588 2755 2637 fl⁰⁰d⁸
2783 2586 2836 2636 5¹¹

456 2680 742 2735 densitate
789 2686 1007 2737 terram
1055 2687 1417 2754 operuerant,
1468 2688 1536 2738 ut
1583 2700 1737 2753 aqua
1795 2681 1868 2736 de
1917 2681 2246 2753 superciliis
2284 2683 2569 2735 montium
2592 2655 2871 2772 {gffiz‘m'

458 2763 874 2831 descendendO,
907 2765 1078 2835 juxta
1118 2784 1253 2821 cum
1287 2765 1492 2823 frustis
1529 2764 1761 2837 glaciei,
1812 2763 2012 2821 domos
2061 2765 2397 2820 colonorum
2436 2764 2569 2821 snb·
2637 2834 2645 2839 .

457 2854 732 2915 verteret,
776 2849 929 2905 bona
967 2867 1098 2921 quse
1135 2867 1312 2923 super
1346 2857 1568 2906 terram
1590 2849 2060 2913 ⁴accruaverant,
2104 2855 2247 2920 puta
2270 2848 2569 2917 carbones,

461 2931 712 2987 molares
759 2932 1003 3005 lapides,
1055 2932 1236 3005 ligna,
1289 2951 1425 2989 cum
1472 2933 1792 3004 segetibus,
1845 2933 2103 2988 auferret
2151 2950 2256 2987 suo
2309 2932 2571 3002 impetu;

462 3014 719 3087 insuper,
761 3017 824 3071 in
860 3033 1022 3072 mare
1060 3016 1434 3083 descendens,
1479 3034 1586 3089 per
1622 3016 1747 3073 vim
1785 3023 1846 3072 et
1881 3015 2241 3071 collisionem
2284 3015 2573 3070 dictarum

460 3098 836 3167 ‘frustarum,
877 3118 1056 3157 naves
1083 3102 1364 3174 quasdam
1401 3107 1522 3157 tam
1554 3099 1797 3156 violenti
1834 3100 2183 3175 impulsione
2221 3098 2435 3171 glaciei
2471 3105 2576 3154 aut

461 3183 700 3240 inutiles
740 3183 1000 3241 reddidit
1039 3191 1143 3242 aut
1178 3186 1410 3241 omnino
1453 3185 1754 3241 demersit.

536 3268 710 3325 Circa
751 3269 966 3324 festum
1004 3268 1435 3325 Purificationis
1471 3268 1672 3324 Beatae
1707 3266 1996 3338 Virginis,
2041 3266 2261 3323 factum
2300 3271 2392 3322 est
2431 3265 2573 3320 Par·
2597 3250 2908 3367 Ptafssafffflt

462 3352 807 3409 liamentum
847 3352 1183 3420 Londoniis,
1224 3360 1468 3426 cogente
1510 3352 1695 3418 Duce,
1742 3353 1845 3424 qui
1880 3352 2039 3407 vices
2082 3351 2325 3422 gerebat
2365 3350 2568 3421 Regis,
2598 3334 2628 3367 ⁸
2739 3333 2772 3366 ¹¹
2810 3333 2892 3369 ⁰¹¹⁶

464 3436 593 3508 ipso
641 3437 1209 3511 ‘irrecuperabiliter
1257 3438 1566 3494 infirmate.
1661 3436 1735 3492 In
1782 3454 1917 3508 qu0,
1963 3453 2034 3490 ex
2074 3442 2241 3507 parte
2289 3434 2310 3472 ⁷
2329 3433 2568 3505 [Regis]

462 3521 825 3593 postulatum
862 3528 955 3579 est
994 3523 1319 3580 subsidium
1358 3541 1396 3577 a
1431 3522 1588 3577 clero
1627 3526 1690 3577 ct
1729 3519 1944 3592 populo
1982 3519 2196 3575 laicali.
2274 3518 2388 3574 cni
2438 3525 2573 3574 taxa
2600 3507 2863 3557 Unhfflffi·

464 3606 819 3672 conceditur,
858 3607 1139 3663 hactenus
1181 3606 1460 3672 inaudita,
1500 3605 1794 3670 videlicet,
1848 3603 2003 3677 quod
2045 3622 2081 3661 a
2121 3602 2384 3675 qualibet
2424 3603 2576 3657 laica
2599 3573 2662 3623 ⁰f
2676 3582 2820 3690 ‘1²:¹53

465 3708 713 3762 persona
749 3709 921 3747 sexus
962 3692 1288 3764 utriusque,
1332 3707 1510 3746 annos
1554 3689 1865 3745 excedente
1909 3687 2369 3760 quatuordecim,
2411 3686 2574 3757 ⁸per-
2598 3655 2691 3705 gra
2813 3677 2825 3689 ⁹

465 3775 689 3846 ciperet
723 3793 901 3831 unam
941 3793 1228 3847 grossam,
1270 3775 1366 3832 vel
1414 3780 1667 3847 quatuor
1705 3773 1990 3838 denarios,
2034 3772 2289 3844 exceptis
2330 3770 2574 3825 notoriis

465 3859 820 3931 pauperibus
865 3860 968 3931 qui
1014 3859 1246 3932 publice
1293 3860 1736 3925 mendicabant3
1779 3863 1840 3914 et
1887 3857 1959 3912 de
2007 3857 2232 3912 cunctis
2279 3852 2575 3925 religiosis

465 3943 775 4014 utriusque
838 3960 1030 4009 sexus,
1100 3950 1163 4001 et
1227 3942 1491 4015 qualibet
1536 3941 1937 3998 ecclesiastica
1982 3956 2230 4012 persona
2288 3943 2572 4013 promota,

464 4025 771 4083 duodecim
814 4026 1121 4095 denariosg
1172 4033 1235 4084 et
1275 4026 1347 4083 de
1390 4026 1641 4099 singulis
1684 4026 1836 4092 aliis,
1887 4043 2002 4081 non
2050 4022 2350 4095 promotis,
2401 4038 2577 4075 unam

533 4311 619 4362 ‘et
652 4313 828 4379 qratia
876 4310 932 4362 in
990 4310 1160 4378 orig.;
1217 4311 1474 4363 corrected
1559 4309 1614 4361 in
1667 4309 1802 4362 Bibl.
1842 4308 1970 4374 Reg.
2022 4312 2081 4357 13
2134 4306 2197 4357 E.
2248 4304 2307 4355 ix
2354 4305 2455 4355 and
2489 4304 2577 4355 the

464 4392 599 4442 stom
623 4393 709 4443 the
731 4392 935 4457 printed
955 4398 1109 4443 texts.
1559 4389 1766 4456 printed
1791 4395 1940 4439 texts.

531 4474 552 4503 ²
572 4471 758 4521 subditi
775 4471 834 4522 in
856 4470 945 4522 the
964 4470 1169 4535 printed
1189 4475 1341 4522 texts.
1626 4472 1647 4500 ⁸
1670 4465 2069 4519 irrecuciabiliter
2130 4466 2185 4515 in
2231 4463 2359 4530 orig.
2389 4484 2404 4525 ς
2465 4479 2575 4514 cor-

532 4552 553 4583 ⁸
575 4550 828 4618 Lonqluam
872 4550 928 4601 in
974 4550 1104 4616 orig.
1128 4571 1143 4612 ς
1222 4547 1479 4601 corrected
1563 4551 1736 4601 rected
1756 4548 1889 4599 from
1909 4547 1998 4597 the
2020 4545 2220 4611 printed
2242 4552 2395 4596 texts.

468 4630 601 4681 from
623 4631 710 4682 the
733 4630 931 4695 printed
951 4636 1106 4682 texts.
1631 4631 1649 4658 ⁷
1674 4626 1920 4692 Supplied
1944 4626 2077 4676 from
2099 4625 2185 4674 the
2208 4622 2414 4690 printed
2436 4628 2574 4672 texts

537 4712 554 4741 ⁴
576 4718 891 4761 accreverunt
909 4709 964 4760 in
989 4684 1259 4763 oamdmi’s
1280 4713 1408 4760 text.
1569 4709 1674 4759 and
1696 4706 1832 4757 sim.
1856 4706 1985 4769 seg.
2014 4710 2076 4754 13
2095 4703 2157 4753 E.
2179 4700 2252 4753 ix.

537 4791 877 4855 ‘fraso-arum
912 4791 969 4844 in
1003 4790 1134 4858 orig.
1159 4811 1176 4853 ς
1199 4791 1484 4856 statatum
1636 4788 1659 4815 ⁸
1678 4786 1913 4852 reciperet
1935 4784 1991 4835 in
2014 4781 2103 4834 the
2122 4781 2325 4848 printed
2344 4785 2494 4831 texts.

2168 4879 2220 4927 x
2266 4865 2309 4927 2
