3300 5617
1125 759 1449 812 msa-oms
1478 759 1899 812 mouens.
2446 748 2569 821 173

23 948 446 1017 Rhoetei-«10,
469 947 753 1003 remansit
785 946 895 1002 sub
930 947 1116 1003 tutela
1150 946 1584 1006 Cantuariensis
1607 945 2071 1020 Archiepiscopi,
2110 945 2365 1017 gratiam
2385 945 2570 1017 Regis
2593 949 2731 1002 A.D.
2765 958 2908 1003 1324.

34 1024 794 1141 &effligi‘211’00m-
1086 1115 1098 1128 .
1417 1116 1430 1128 .
1610 1116 1624 1129 .
1738 1116 1751 1129 .
1824 1076 1835 1093 ι·
1934 1115 1947 1128 .
2363 1114 2375 1127 .
2767 1123 2780 1135 ,

386 1131 401 1143 ·
535 1115 624 1170 Eo
657 1122 938 1187 tempore,
989 1115 1315 1187 Eplscopus
1362 1115 1808 1181 Lmeolmensis,
1853 1134 2024 1187 cujus
2071 1114 2420 1185 temporalia
2464 1130 2569 1184 per
2592 1122 2704 1173 The
2718 1123 2907 1189 Bmhop

39 1149 290 1273 {effi-¹
304 1164 340 1206 3
462 1198 765 1254 biennium
800 1200 862 1253 in
897 1216 1074 1254 manu
1112 1197 1129 1231 ¹
1143 1199 1327 1270 Regis
1362 1200 1598 1256 detenta
1637 1200 1888 1266 fuerant,
1930 1199 2139 1272 adepta
2175 1198 2362 1269 Regis
2396 1198 2567 1253 bene·
2593 1189 2654 1238 ΟΥ
2668 1188 2884 1239 Lincolu

463 1282 737 1348 volentia,
767 1284 890 1340 suis
915 1289 1009 1339 est
1027 1284 1492 1356 possessionibus
1516 1285 1846 1341 restitutus.
1923 1284 2012 1339 De
2049 1284 2264 1356 quibus
2298 1283 2571 1339 omnibus
2593 1258 2887 1386 {3202ae

466 1367 707 1437 quidam
745 1367 1050 1439 Satyrione
1073 1367 1238 1423 illius
1260 1369 1546 1441 temporis
1571 1369 1658 1427 ita
1680 1368 1928 1424 dictavit
1943 1391 2038 1423 2—
2596 1388 2748 1441 sione.

690 1498 697 1506 ·
788 1470 827 1495 “
850 1467 1059 1524 Nostri
1083 1469 1312 1525 cornuti
1338 1474 1477 1524 sunt
1510 1469 1754 1525 consilio
1780 1471 1948 1541 quasi
1985 1470 2157 1536 muti,

788 1554 827 1579 “
851 1551 932 1607 Et
965 1551 1107 1623 quia
1138 1570 1255 1608 non
1288 1552 1425 1617 tuti,
1462 1559 1762 1623 nequeunt
1797 1553 2163 1609 sermonibus
2188 1553 2298 1609 uti.

788 1638 829 1664 ‘⁶
858 1636 1010 1692 Sunt
1037 1636 1205 1708 quasi
1241 1637 1490 1702 confusi,
1529 1636 1764 1693 decreto
1799 1637 1953 1708 legis
1990 1638 2176 1693 abusi.

787 1722 826 1748 ‘⁴
854 1720 955 1777 Sic
988 1721 1146 1792 perit
1177 1720 1464 1786 Ecclesia,
1495 1720 1654 1792 juris
1690 1727 1752 1776 et
1785 1722 1917 1793 ipsa
1949 1720 2110 1777 via.”

535 1817 610 1873 In
669 1818 871 1874 eodem
942 1818 1353 1884 ParliamentO,
1410 1824 1603 1884 terrae,
1679 1819 2091 1892 possessiones,
2166 1826 2227 1875 et
2296 1818 2568 1884 dominia,
2595 1822 2691 1865 'rho
2707 1834 2877 1875 pos-os·

467 1901 757 1974 quondam
792 1902 1276 1974 Templariorum,
1305 1920 1548 1959 assensu
1573 1903 1866 1958 communi
1891 1903 2070 1959 totius
2096 1904 2238 1958 cleri
2265 1910 2325 1959 et
2346 1903 2567 1975 populi,
2593 1873 2871 2016 ᾖᾞέᾱᾞο

463 1986 880 2058 Hospitalariis
939 1986 1351 2053 conceduntur,
1418 1985 1557 2058 jure
1616 1994 1897 2059 perpetuo
1967 2004 2073 2058 per
2143 2005 2341 2042 omnes
2400 1987 2570 2057 regni
2592 1977 2862 2077 ξζῇἶωιξξζ

462 2071 791 2141 provincias
826 2068 1230 2142 'possidenda
2596 2074 2767 2142 tallere.

531 2153 605 2208 In
641 2153 844 2208 eodem
867 2152 1260 2207 Parliamento
1285 2152 1458 2208 electi
1483 2157 1621 2208 sunt
1644 2151 1759 2207 viri
1784 2152 2028 2219 nobiles,
2060 2152 2270 2209 Come's
2293 2152 2572 2209 videlicet
2594 2151 2803 2218 Envoys

460 2237 704 2303 Cantiae,
768 2254 1080 2308 germanus
1128 2235 1334 2308 Regis,
1393 2242 1453 2292 et
1490 2234 1985 2310 Archiepiscopus
2034 2237 2432 2304 Dublinensis,
2495 2237 2572 2292 ad
2593 2227 2708 2333 {4⁶3st
2727 2220 2886 2334 mifhe

459 2320 850 2376 excusandum
873 2337 1051 2391 penes
1076 2319 1303 2390 Regem
1326 2320 1591 2375 Franciae
1615 2320 1843 2392 Regem
1866 2327 2151 2388 nostrum,
2181 2323 2321 2393 quia
2354 2322 2568 2376 citatus
2592 2300 2803 2403 Εζὲἕοὲ.

458 2423 576 2461 non
615 2405 942 2477 comparuit
987 2420 1182 2458 coram
1235 2403 1402 2474 Rege
1454 2403 1739 2469 Francioe,
1797 2410 1867 2460 ut
1914 2407 2185 2478 superius
2222 2406 2567 2461 memoravi.

461 2488 575 2559 Qui
601 2507 736 2544 cum
759 2489 1253 2551 transfretassent,
1273 2488 1487 2558 aRege
1503 2488 1768 2543 Franciae
1791 2488 2106 2546 honorifice
2132 2496 2269 2545 sunt
2292 2489 2568 2561 suscepti.

458 2573 595 2628 Non
665 2578 863 2628 tamen
921 2572 1191 2627 effectum
1247 2572 1471 2642 negotii
1530 2578 1850 2643 potuerunt
1907 2576 2207 2645 consequi,
2259 2574 2441 2630 donec
2501 2574 2573 2628 de

422 2656 428 2661 ⁷
461 2656 714 2727 quadam
761 2656 1211 2726 trangressione,
1262 2672 1449 2726 nuper
1497 2656 1654 2710 facta
1690 2656 1753 2711 in
1801 2655 2165 2727 Aquitannia
2205 2658 2268 2713 in
2319 2657 2572 2713 dedecus

460 2741 646 2812 Regis
682 2739 964 2804 Franciae,
994 2740 1108 2795 sibi
1131 2740 1283 2794 foret
1305 2738 1535 2810 plenius
1556 2740 1940 2795 satisfactum.
2016 2741 2343 2813 Acceperat
2363 2758 2572 2813 nempe

464 2825 589 2880 Rex
660 2825 923 2880 Franciae
996 2821 1308 2894 quamdam
1365 2827 1541 2877 terrae
1599 2822 1953 2894 particulam
2023 2824 2242 2880 ibidem
2299 2842 2406 2897 per
2475 2842 2571 2878 ex-

462 2908 773 2974 cambium,
824 2908 886 2962 in
945 2925 1064 2978 qua
1109 2905 1496 2977 municipium
1547 2912 1966 2972 construxerat,
2021 2914 2262 2980 propter
2331 2908 2571 2963 amoeni-

459 2998 643 3048 tatem
667 2992 798 3055 loci,
827 2995 888 3046 et
907 2989 1113 3045 villam
1147 2991 1211 3043 in
1243 2989 1494 3045 circuitu
1517 3007 1653 3045 cum
1678 2988 1941 3045 aedifieiis
1969 2992 2359 3062 sumptuosis;
2399 2992 2569 3061 cujus

459 3076 835 3140 habitatores,
877 3074 1058 3129 erecti
1092 3074 1156 3127 in
1203 3072 1557 3145 superbiam,
1596 3073 1735 3127 freti
1772 3072 2028 3128 dominio
2064 3073 2247 3145 Regis
2285 3074 2568 3138 Franciae,

462 3178 578 3216 non
624 3160 815 3215 solum
863 3158 1028 3228 leges
1088 3163 1151 3212 et
1219 3156 1456 3212 decreta
1513 3157 1716 3228 populi
1763 3156 2165 3228 Aquitannici,
2230 3158 2334 3214 sed
2393 3158 2572 3213 etiam

465 3243 865 3299 Senescallum
936 3242 1121 3312 Regis
1179 3240 1435 3311 Angliae,
1498 3239 1723 3295 dictum
1785 3244 1825 3269 ‘⁶
1862 3241 2239 3314 Radulphum
2298 3241 2570 3308 Basset,''

464 3332 827 3399 spreverunt,
868 3331 929 3382 et
963 3323 1479 3396 contemptibiliter
1513 3324 1965 3395 vilipenderant.
2042 3326 2121 3381 Et
2156 3344 2290 3382 cum
2338 3326 2570 3397 legibus

462 3411 802 3468 debuissent
834 3410 1100 3483 paruisse
1135 3407 1298 3463 illius
1333 3414 1507 3463 terrae
1543 3409 1969 3475 communibus,
2009 3409 2166 3465 idem
2202 3411 2566 3482 Radulphus,

461 3496 703 3552 collecto
754 3495 1030 3558 exercitu,
1085 3492 1250 3549 venit
1288 3490 1365 3546 ad
1413 3490 1626 3558 locum,
1682 3497 1744 3547 et
1783 3509 1983 3548 omnes
2032 3498 2137 3549 aut
2182 3495 2203 3524 ⁸
2218 3496 2419 3559 vertit,
2470 3501 2572 3549 aut

461 3579 660 3650 gladio
694 3578 1007 3642 interfecit,
1034 3583 1096 3632 et
1116 3575 1393 3631 universa
1427 3574 1675 3630 aedificia
1708 3576 2119 3648 complanavit.
2183 3577 2569 3646 Quamobrem

460 3665 654 3720 dictus
705 3662 1070 3734 Radulphus,
1126 3666 1366 3716 vocatus
1420 3659 1495 3714 ad
1546 3658 1789 3715 Curiam
1825 3660 2009 3731 Regis
2046 3661 2330 3728 Franciae,
2368 3661 2570 3717 venire

460 3748 841 3819 contempsit;
898 3746 1003 3801 sed
1047 3762 1155 3817 pro
1203 3743 1470 3798 omnibus
1507 3742 1781 3815 allegatis
1815 3745 2120 3817 respondit
2164 3745 2460 3811 audacter,
2506 3762 2571 3799 se

459 3832 610 3887 nihil
645 3832 809 3887 aliud
842 3831 905 3886 in
939 3830 1048 3885 hac
1083 3834 1249 3900 parte
1285 3828 1513 3893 fecisse,
1555 3846 1733 3899 quam
1770 3829 1928 3899 quod
1965 3830 2057 3884 sui
2094 3829 2269 3885 officii
2304 3828 2569 3885 debitum

460 3915 748 3988 exigebat.
827 3914 1016 3985 Super
1063 3930 1179 3984 quo
1230 3930 1508 3983 responso
1556 3914 1832 3968 commoti
1881 3913 2110 3978 Franci,
2168 3913 2567 3968 Senescallum

460 4000 771 4071 praefatum
806 3997 989 4069 Regis
1013 3996 1269 4068 Angliae,
1297 4014 1432 4052 cum
1468 3995 1592 4051 suis
1627 4003 1899 4053 vocatum
1937 3996 2317 4069 complicibus
2356 3996 2566 4052 iterato

461 4089 524 4139 et
544 4101 659 4139 non
681 4088 1130 4155 comparentem,
1157 4080 1644 4154 proscripserunt.
1719 4080 2009 4136 Praefatus
2032 4097 2173 4135 vero
2197 4080 2562 4152 Radulphus,.

461 4169 698 4239 cognito
732 4167 1090 4222 Francorum
1143 4166 1394 4229 decretO,
1451 4164 1526 4218 ad
1578 4170 1836 4219 castrum
1882 4163 1956 4219 de
2002 4164 2375 4236 Monpesade,
2420 4166 2566 4220 bene

462 4252 772 4315 munitum,
811 4267 877 4306 se
911 4249 1178 4314 contulit,
1204 4248 1307 4304 ubi
1343 4247 1536 4320 potuit
1569 4265 1606 4302 a
1639 4247 1999 4303 Francorum
2033 4248 2365 4305 incursibus
2402 4255 2566 4307 tutus

460 4352 610 4392 esse.
683 4334 862 4391 Hunc
897 4349 1040 4405 ergo
1075 4350 1112 4388 a
1144 4331 1439 4403 praedictis
1473 4331 1703 4387 nunciis
1744 4331 1918 4403 petiit
1962 4331 2089 4387 Rex
2134 4332 2399 4389 Franciae
2452 4333 2566 4391 sibi

526 4605 541 4637 ¹
567 4604 792 4658 Omitted
811 4604 866 4654 in
889 4602 978 4655 the
999 4602 1198 4668 printed
1219 4606 1365 4652 texts.
1501 4602 1519 4733 Ι
1630 4600 1651 4630 ⁸
1673 4598 1725 4647 in
1734 4598 1914 4665 fhqam
1934 4600 2550 4659 convertit-manorum.

531 4686 552 4715 ²
562 4683 869 4752 possidenda
890 4683 947 4733 in
971 4681 1102 4747 orig.
