3300 5617
1152 792 1482 846 msronm
1525 795 1937 846 Ancum-Nn
2466 789 2594 851 325

112 995 264 1049 us,
287 999 423 1050 Bm,
483 979 631 1034 libet
682 977 1027 1049 delinquens
1074 978 1263 1050 possit
1321 979 1523 1045 libere,
1578 997 1924 1053 quocunque
1965 981 2164 1047 vellet,
2217 983 2487 1049 transire,
2539 992 2600 1043 et
2620 1003 2927 1058 A.D.1377.

113 1061 278 1143 Reg.
309 1071 367 1115 13
482 1064 676 1118 facere
716 1080 849 1133 quoe
888 1062 1003 1118 sibi
1044 1062 1320 1134 placeret.
1420 1063 1549 1120 Ista
1582 1070 1645 1120 et
1678 1065 1851 1137 plura
1885 1065 2021 1131 alia,
2059 1065 2123 1121 in
2159 1067 2595 1124 subversionem

111 1129 197 1181 E·
227 1147 308 1184 ¹¹·
484 1149 499 1179 ¹
517 1152 734 1202 nostrae
769 1146 924 1210 fidei,
953 1153 1333 1203 asseruerunt
1366 1145 1389 1179 ²
1406 1144 1494 1219 [et
1528 1147 1991 1220 affirmaverunt]
2025 1149 2171 1205 dicti
2219 1150 2589 1219 seductores3

107 1196 424 1316 goffimuth
481 1230 545 1285 in
567 1235 814 1294 tantum,
843 1229 999 1301 quod
1022 1229 1241 1285 domini
1277 1236 1338 1287 et
1370 1237 1675 1302 magnates
1707 1237 1899 1298 terroe,
1927 1233 2215 1304 multique
2248 1233 2320 1289 de
2356 1236 2590 1307 popu10,
2615 1244 2834 1309 Support

119 1345 226 1397 pp,
251 1301 442 1384 222-45
482 1313 642 1385 ipsos
676 1314 740 1368 in
775 1313 899 1369 suis
935 1313 1448 1385 proedicationibus
1501 1316 1903 1382 confoverunt,
1944 1322 2005 1373 et
2050 1317 2323 1374 faverunt
2380 1320 2590 1390 praedi-
2615 1311 2767 1391 8ῑῖθῦ
2792 1319 2844 1390 3³0

481 1396 749 1453 cantibus
792 1396 898 1453 hos
937 1414 1202 1464 errores3
1243 1414 1311 1452 eo
1347 1416 1557 1470 nempe
1592 1398 1613 1431 ⁸
1627 1401 1899 1465 maxime,
1929 1401 2072 1472 quia
2104 1400 2125 1433 ⁴
2141 1406 2365 1458 tantam
2400 1409 2593 1475 potes·
2615 1378 2892 1429 Wffikhff&

480 1486 661 1537 tatem
695 1480 1032 1537 tribuerunt
1064 1481 1233 1536 laicis
1271 1482 1396 1538 suis
1433 1483 1875 1549 assertionibus,
1919 1484 1994 1539 ad
2028 1485 2409 1541 auferendum
2444 1493 2589 1543 tem·

480 1565 704 1637 poralia
743 1581 780 1619 a
815 1564 964 1620 viris
1001 1564 1415 1621 ecclesiasticis
1453 1572 1514 1623 et
1548 1566 1864 1638 religiosis.

551 1648 702 1705 cum
739 1653 937 1703 autem
985 1647 1403 1705 conclusiones
1464 1650 1595 1705 istae
1634 1657 1697 1707 et
1743 1652 2130 1708 deliramenta
2187 1653 2438 1710 fuissent
2496 1673 2590 1710 ex·
2614 1676 2727 1727 The
2748 1676 2885 1742 Pope

477 1734 666 1789 hibita
711 1738 773 1788 et
811 1732 1072 1805 perlecta
1117 1751 1313 1788 coram
1357 1734 1539 1806 Papa,
1589 1735 1807 1806 viginti
1855 1741 1977 1792 tres
2023 1740 2045 1770 ⁸
2062 1754 2265 1793 earum
2310 1744 2589 1809 tanquam
2612 1744 2755 1794 takes
2777 1760 2895 1810 eog-

477 1817 782 1873 haereticas
855 1822 916 1872 et
985 1834 1165 1872 vanas
1232 1817 1358 1888 ipse
1431 1818 1748 1882 damnavit,
1835 1819 2098 1891 dirigens
2174 1821 2379 1877 Bullas
2452 1841 2588 1879 suas
2613 1811 2825 1889 ”iffaflqe
2848 1812 2912 1860 ⁰f

475 1901 931 1972 Archiepiscopo
1008 1903 1028 1931 ⁸
1043 1899 1451 1956 cantuariensi
1542 1907 1604 1957 et
1675 1902 1966 1974 Episcopo
2037 1903 2449 1970 Londoniensi,
2522 1912 2592 1962 ut
2613 1877 2918 1994 gmklhffe’*

479 1988 742 2058 ipsarum
778 1985 1124 2040 auctoritate
1148 1983 1373 2040 dictum
1410 1983 1450 2039 J
1451 1985 1739 2040 ohannem
1763 1986 2023 2042 facerent
2039 1988 2469 2059 comprehendi,
2520 2007 2589 2045 ac
2614 1958 2810 2061 ,ῑοὲἓη

478 2087 656 2141 supra
703 2068 877 2124 dictis
916 2067 1402 2124 conclusionibus
1439 2068 1759 2140 diligenter
1820 2071 2161 2125 examinari.
2238 2070 2364 2140 Quo
2412 2072 2585 2138 facto,

478 2161 653 2226 atque
702 2153 904 2208 habita
963 2151 1352 2208 declaratione
1414 2170 1591 2225 super
1649 2154 1803 2217 istis,
1866 2153 2010 2209 licet
2066 2158 2084 2186 ⁷
2099 2153 2255 2210 facta
2313 2161 2374 2210 et
2417 2173 2586 2221 vana,

478 2239 671 2294 dictus
713 2236 999 2292 Dominus
1037 2236 1529 2309 Archiepiscopus
1563 2237 1676 2292 sibi
1720 2243 1781 2293 et
1821 2238 2090 2293 omnibus
2115 2238 2246 2293 aliis
2287 2256 2463 2310 super
2486 2239 2593 2295 illa

476 2322 740 2386 materia,
801 2326 1071 2392 presente
1141 2320 1306 2376 Duce
1377 2321 1752 2385 Lancastriae,
1804 2338 1939 2376 cum
2009 2321 2260 2377 Domino
2331 2322 2590 2378 Henrico
2615 2329 2813 2382 Silence
2835 2347 2922 2382 en-

475 2424 496 2453 a
511 2407 720 2478 Percy,
784 2406 995 2461 indixit
1076 2405 1394 2470 silentium,
1481 2405 1795 2477 prohibens
1870 2423 1945 2460 ne
2006 2405 2078 2460 de
2138 2412 2350 2461 caetero
2425 2407 2588 2462 illam
2605 2396 2925 2476 ἒῡὶξῑθᾶΡΡθῦ

476 2491 782 2546 materiam
866 2490 1247 2561 quovismodo
1306 2495 1583 2562 tangeret
1644 2495 1750 2545 aut
1812 2494 2113 2555 tractaret,
2166 2495 2227 2546 et
2288 2507 2362 2545 ne
2423 2490 2588 2546 illam
2610 2463 2874 2580 gvusshffe

476 2575 842 2647 permitteret
901 2573 1047 2629 alios
1094 2573 1398 2629 ventilare.
1473 2573 1691 2644 Igitur,
1748 2578 1871 2629 tam
1909 2574 2034 2645 ipse
2084 2591 2261 2644 quam
2309 2591 2586 2645 sequaces
2609 2546 2791 2646 Αζοὴῗ

477 2660 571 2715 sui
617 2658 961 2730 aliquandiu
1009 2658 1317 2714 siluerunt.
1396 2657 1513 2713 Sed
1551 2657 1809 2722 tandem,
1863 2657 2351 2728 contemplatione
2387 2657 2588 2713 Domi·
2609 2662 2788 2727 bishop
2811 2664 2873 2714 ot·

475 2761 683 2798 norum
718 2741 1146 2815 temporalium,
1190 2742 1424 2797 easdem
1465 2741 1784 2813 opiniones,
1836 2746 1897 2796 et
1943 2740 2089 2795 alias
2136 2741 2323 2796 multo
2357 2742 2586 2813 pejores
2613 2728 2822 2779 canter·

477 2827 616 2891 illis,
689 2826 1059 2900 postmodum
1120 2827 1250 2881 ausi
1312 2831 1450 2882 sunt
1509 2842 1871 2881 reassumere
1938 2830 1999 2879 et
2057 2825 2223 2880 laicis
2284 2843 2579 2896 spargere,
2645 2810 2754 2861 ¹¹¹7·

472 2913 493 2939 ⁹
509 2928 686 2982 quam
726 2927 991 2982 sparsere
1031 2910 1216 2982 prius.
1291 2913 1328 2943 ¹⁰
1344 2910 1432 2965 Eo
1468 2927 1608 2965 vero
1632 2909 1747 2973 die,
1776 2926 1892 2980 quo
1927 2910 2232 2980 praemissa
2265 2909 2582 2965 Londoniis
2612 2912 2723 2963 The
2737 2913 2871 2964 Lon-

478 3000 644 3051 erant
665 3001 920 3067 peracta,
947 3000 1185 3066 propter
1206 2994 1455 3049 verbum
1481 2993 1774 3065 quoddam
1798 2993 2148 3063 injuriosum
2185 2999 2247 3049 et
2266 2993 2521 3049 insolens
2547 3011 2584 3047 a
2609 2981 2790 3029 dmm

479 3078 644 3134 Duce
710 3078 1063 3133 Lancastriae
1124 3078 1414 3150 Episcopo
1474 3077 1864 3132 Londoniensi
1912 3077 2224 3148 prolatum,
2276 3077 2581 3133 confestim
2609 3045 2747 3160 {Rev
2769 3046 2887 3096 ¹¹⁰⁸*

478 3162 909 3218 Londonienses
969 3161 1322 3217 unanimiter
1369 3162 1762 3232 insurgentes,
1827 3161 2077 3233 arreptis
2126 3161 2325 3225 armis,
2389 3162 2584 3232 ipsum
2611 3119 2813 3243 agaza
2834 3180 2920 3230 the

479 3246 740 3302 occidere
801 3246 1211 3318 proponebant.
1302 3245 1420 3301 Sed
1479 3246 1672 3300 dictus
1733 3244 2059 3316 Episcopus
2118 3262 2192 3299 ne
2251 3245 2361 3301 hoc
2419 3245 2587 3301 fieret
2610 3245 2760 3296 Duke
2776 3247 2838 3296 of

478 3330 710 3385 omnino
733 3330 1062 3400 prohibuit;
1102 3336 1162 3385 et
1184 3329 1300 3384 nisi
1322 3336 1462 3384 tunc
1487 3329 1812 3401 Episcopus
1838 3346 1900 3384 se
1927 3328 1963 3361 ¹¹
1983 3329 2350 3400 opposuisset
2384 3346 2586 3384 eorum
2610 3312 2898 3366 Lfflcffioer·

479 3414 800 3477 conatibus,
851 3413 1170 3485 hospitium
1231 3413 1372 3469 dicti
1410 3412 1611 3477 Ducis,
1677 3412 1749 3467 de
1813 3412 2022 3484 Savey,
2087 3429 2156 3467 eo
2215 3413 2431 3468 furoris
2493 3414 2586 3468 sui

479 3504 739 3569 tempore
806 3498 1280 3561 combussissent,
1332 3497 1434 3568 qui
1480 3497 1582 3552 vix
1640 3496 1714 3551 ab
1779 3496 1883 3551 illo
1943 3497 2241 3568 proposito
2279 3497 2587 3553 Antistitis

124 3602 252 3653 ms,
275 3602 415 3652 Bibl,
480 3582 814 3637 interventu
835 3582 1128 3637 resi-senati
1153 3586 1306 3636 sunt.
1381 3580 1639 3635 Tandem
1664 3580 1739 3635 ad
1772 3587 1981 3636 nutum
2016 3581 2316 3637 Pontificis
2354 3583 2588 3653 quieve-

121 3670 262 3753 Rpg.
293 3674 353 3720 13
483 3672 638 3723 runt.
713 3666 879 3722 Inter
925 3671 1137 3721 caetera
1193 3682 1334 3720 vero
1390 3665 1606 3736 probra
1665 3682 1794 3736 quae
1854 3665 2008 3721 Duci
2065 3666 2362 3730 intulerat,
2426 3685 2589 3722 arma

127 3737 195 3786 Β·
222 3751 299 3786 ¹¹·
484 3751 612 3822 ejus
649 3751 712 3806 in
746 3750 900 3807 Foro
935 3756 1073 3806 sunt
1105 3750 1341 3822 publico
1376 3755 1690 3805 reversata.
1768 3749 1903 3805 Dux
1944 3756 2140 3806 autem
2183 3757 2243 3807 et
2288 3752 2583 3807 Henricus

551 4099 571 4128 ²
594 4096 838 4161 Supplied
861 4097 994 4148 stom
1011 4097 1097 4147 the
1119 4097 1321 4161 printed
1342 4104 1481 4148 texts
1576 4102 1607 4125 ‘⁴
1631 4100 1645 4123 ‘
1664 4094 1827 4157 lardi,’
1869 4095 2135 4145 incedentes
2166 4094 2309 4144 nudis
2354 4094 2579 4160 podibus,

484 4177 586 4226 and
603 4175 740 4226 Bibl.
765 4176 893 4242 Reg.
918 4181 976 4225 13
1001 4177 1063 4226 E.
1085 4176 1157 4226 ix.

545 4256 566 4285 ⁸
586 4256 791 4304 maximo
811 4254 869 4304 in
891 4254 1155 4305 camden's
1177 4259 1299 4303 text.

550 4020 564 4048 ¹
589 4018 744 4067 nostri
763 4017 818 4067 in
843 4018 971 4083 orig.
1520 4020 1527 4171 Ι
1645 4019 1682 4047 ¹⁰
1705 4020 1736 4045 “
1754 4016 1836 4067 Hi
1855 4016 2156 4067 vocabantur
2186 4033 2221 4066 a
2256 4015 2397 4082 vulgo
2431 4015 2579 4067 ‘Lol-

1577 4179 1609 4202 “
1633 4174 1795 4224 vestiti
1832 4176 2020 4240 pannis
2064 4173 2256 4234 vilibus,
2299 4174 2483 4224 scilicet
2520 4175 2579 4226 de

1577 4258 1606 4281 “
1632 4260 1830 4312 rus-veto,
1886 4260 1944 4301 ut
1989 4269 2085 4319 per
2139 4254 2289 4301 vitam
2342 4252 2579 4318 poenalem

545 4336 564 4365 ⁴
588 4333 812 4385 Omitted
833 4333 888 4381 in
911 4332 999 4383 the
1020 4332 1219 4398 printed
1242 4338 1390 4381 texts.
1576 4335 1606 4358 “
1617 4328 1832 4394 facilius
1853 4331 2075 4380 incautos
2104 4329 2349 4380 haherent
2375 4331 2446 4381 ad
2476 4349 2579 4382 sec-

545 4415 566 4444 *
587 4430 743 4463 eorum
769 4414 821 4461 in
844 4412 970 4477 orig.
1578 4414 1607 4437 ‘⁴
1634 4416 1730 4457 tam
1742 4409 1932 4460 ειιαηι.”
1999 4410 2104 4459 Not
2136 4410 2192 4458 in
2226 4411 2314 4461 the
2342 4411 2577 4476 original,

547 4494 568 4522 ⁶
591 4491 815 4542 Omitted
830 4491 885 4540 in
907 4491 992 4541 the
1013 4489 1213 4554 printed
1232 4494 1379 4538 texts.
1578 4503 1636 4537 or
1674 4487 1731 4536 in
1754 4488 1891 4538 Bibl.
1915 4491 2042 4553 Reg.
2086 4495 2145 4539 13
2179 4490 2240 4540 E.
2281 4490 2384 4548 ix.;
2422 4492 2514 4540 but
2546 4508 2579 4541 a

553 4574 572 4600 '¹
581 4570 714 4633 ficta
736 4568 792 4619 in
815 4569 902 4619 the
924 4568 1124 4633 printed
1145 4574 1293 4618 texts.
1578 4567 1716 4632 gloss
1748 4567 1970 4617 inserted
2001 4568 2134 4628 here,
2170 4568 2224 4618 in
2258 4569 2344 4619 the
2377 4570 2578 4634 printed

548 4650 569 4677 ⁸
589 4649 753 4712 Percy
771 4648 816 4697 is
837 4655 927 4698 not
946 4644 1237 4697 mentioned
1255 4644 1311 4694 in
1335 4644 1482 4696 Cont.
1578 4653 1726 4697 texts.

486 4726 787 4778 Murimuth.
1646 4737 1681 4771 ¹¹
1705 4739 2013 4805 apposuisset
2030 4739 2086 4789 in
2108 4740 2235 4806 orig.
2260 4761 2276 4803 ς
2323 4743 2577 4793 corrected

550 4809 571 4837 ⁹
593 4806 721 4857 This
766 4821 976 4871 passage
1015 4806 1060 4857 is
1103 4812 1193 4857 not
1235 4805 1391 4856 found
1425 4804 1481 4854 in
1523 4780 1530 4851 Ι
1580 4818 1712 4871 from
1734 4818 1820 4869 the
1836 4817 2035 4883 printed
2056 4825 2203 4870 texts,

486 4886 631 4939 Cont.
657 4885 957 4937 Murimuth.
1523 4860 1534 4923 l
