<?xml version="1.0" encoding="UTF-8"?>
<!DOCTYPE html PUBLIC "-//W3C//DTD XHTML 1.0 Transitional//EN"
    "http://www.w3.org/TR/xhtml1/DTD/xhtml1-transitional.dtd">
<html xmlns="http://www.w3.org/1999/xhtml" xml:lang="en" lang="en">
 <head>
  <title>
</title>
<meta http-equiv="Content-Type" content="text/html;charset=utf-8" />
  <meta name='ocr-system' content='tesseract 3.04.00' />
  <meta name='ocr-capabilities' content='ocr_page ocr_carea ocr_par ocr_line ocrx_word'/>
</head>
<body>
  <div class='ocr_page' id='page_1' title='image "./thomaewalsingha00unkngoog_0075.png"; bbox 0 0 3300 5617; ppageno 0'>
   <div class='ocr_carea' id='block_1_1' title="bbox 1062 822 2492 896">
    <p class='ocr_par' dir='ltr' id='par_1_1' title="bbox 1062 822 2492 896">
     <span class='ocr_line' id='line_1_1' title="bbox 1062 822 2492 896; baseline 0.006 -11"><span class='ocrx_word' id='word_1_1' title='bbox 1062 831 1394 888; x_wconf 76' lang='lat' dir='ltr'><strong>HISTORIA</strong></span> <span class='ocrx_word' id='word_1_2' title='bbox 1422 833 1836 889; x_wconf 66' lang='lat' dir='ltr'>Ancmcms.</span> <span class='ocrx_word' id='word_1_3' title='bbox 2400 822 2492 896; x_wconf 78' lang='lat'>:37</span> 
     </span>
    </p>
   </div>
   <div class='ocr_carea' id='block_1_2' title="bbox 41 1021 2822 3454">
    <p class='ocr_par' dir='ltr' id='par_1_2' title="bbox 41 1021 2822 3454">
     <span class='ocr_line' id='line_1_2' title="bbox 334 1021 2822 1099; baseline 0.003 -22"><span class='ocrx_word' id='word_1_4' title='bbox 334 1053 355 1070; x_wconf 67' lang='grc' dir='ltr'><strong><em>ο</em></strong></span> <span class='ocrx_word' id='word_1_5' title='bbox 395 1022 434 1047; x_wconf 85' lang='grc'>“</span> <span class='ocrx_word' id='word_1_6' title='bbox 475 1021 628 1077; x_wconf 84' lang='lat' dir='ltr'>Cum</span> <span class='ocrx_word' id='word_1_7' title='bbox 681 1029 879 1079; x_wconf 79' lang='lat' dir='ltr'>autem</span> <span class='ocrx_word' id='word_1_8' title='bbox 940 1042 1055 1080; x_wconf 89' lang='lat' dir='ltr'>non</span> <span class='ocrx_word' id='word_1_9' title='bbox 1103 1025 1290 1097; x_wconf 77' lang='lat' dir='ltr'>possit.</span> <span class='ocrx_word' id='word_1_10' title='bbox 1336 1027 1615 1099; x_wconf 79' lang='lat' dir='ltr'>proefatus</span> <span class='ocrx_word' id='word_1_11' title='bbox 1671 1027 1799 1084; x_wconf 81' lang='lat' dir='ltr'>Rex</span> <span class='ocrx_word' id='word_1_12' title='bbox 1845 1026 2080 1098; x_wconf 77' lang='lat' dir='ltr'>Angliae</span> <span class='ocrx_word' id='word_1_13' title='bbox 2134 1026 2251 1083; x_wconf 90' lang='lat' dir='ltr'>isto</span> <span class='ocrx_word' id='word_1_14' title='bbox 2317 1028 2489 1085; x_wconf 93' lang='lat' dir='ltr'>modo</span> <span class='ocrx_word' id='word_1_15' title='bbox 2514 1030 2822 1084; x_wconf 78' lang='lat' dir='ltr'><strong>A.D.1291.</strong></span> 
     </span>
     <span class='ocr_line' id='line_1_3' title="bbox 391 1105 2490 1183; baseline 0.003 -23"><span class='ocrx_word' id='word_1_16' title='bbox 391 1107 431 1130; x_wconf 89' lang='lat'><strong>“</strong></span> <span class='ocrx_word' id='word_1_17' title='bbox 470 1105 862 1178; x_wconf 85' lang='lat' dir='ltr'>cognitionem</span> <span class='ocrx_word' id='word_1_18' title='bbox 898 1108 1107 1174; x_wconf 81' lang='lat' dir='ltr'>facere,</span> <span class='ocrx_word' id='word_1_19' title='bbox 1135 1127 1245 1165; x_wconf 87' lang='lat' dir='ltr'>nec</span> <span class='ocrx_word' id='word_1_20' title='bbox 1268 1110 1577 1183; x_wconf 88' lang='lat' dir='ltr'>complere,</span> <span class='ocrx_word' id='word_1_21' title='bbox 1605 1110 1731 1166; x_wconf 89' lang='lat' dir='ltr'>sine</span> <span class='ocrx_word' id='word_1_22' title='bbox 1760 1110 2022 1182; x_wconf 85' lang='lat' dir='ltr'>judicio;</span> <span class='ocrx_word' id='word_1_23' title='bbox 2061 1127 2168 1165; x_wconf 89' lang='lat' dir='ltr'>nec</span> <span class='ocrx_word' id='word_1_24' title='bbox 2196 1110 2490 1182; x_wconf 86' lang='lat' dir='ltr'>judicium</span> 
     </span>
     <span class='ocr_line' id='line_1_4' title="bbox 50 1183 2489 1265; baseline 0.003 -22"><span class='ocrx_word' id='word_1_25' title='bbox 50 1212 105 1262; x_wconf 62' lang='lat' dir='ltr'>R</span> <span class='ocrx_word' id='word_1_26' title='bbox 152 1183 166 1195; x_wconf 81' lang='grc'><strong><em>’</em></strong></span> <span class='ocrx_word' id='word_1_27' title='bbox 388 1190 428 1214; x_wconf 86' lang='grc'><em>“</em></span> <span class='ocrx_word' id='word_1_28' title='bbox 469 1188 680 1246; x_wconf 86' lang='lat' dir='ltr'>debeat</span> <span class='ocrx_word' id='word_1_29' title='bbox 713 1208 843 1247; x_wconf 89' lang='lat' dir='ltr'>esse</span> <span class='ocrx_word' id='word_1_30' title='bbox 879 1191 1005 1248; x_wconf 90' lang='lat' dir='ltr'>sine</span> <span class='ocrx_word' id='word_1_31' title='bbox 1056 1193 1435 1260; x_wconf 81' lang='lat' dir='ltr'>executione;</span> <span class='ocrx_word' id='word_1_32' title='bbox 1484 1211 1591 1249; x_wconf 89' lang='lat' dir='ltr'>nec</span> <span class='ocrx_word' id='word_1_33' title='bbox 1627 1194 2027 1251; x_wconf 79' lang='lat' dir='ltr'>executionem</span> <span class='ocrx_word' id='word_1_34' title='bbox 2063 1195 2257 1265; x_wconf 89' lang='lat' dir='ltr'>possit</span> <span class='ocrx_word' id='word_1_35' title='bbox 2291 1193 2489 1250; x_wconf 90' lang='lat' dir='ltr'>debito</span> 
     </span>
     <span class='ocr_line' id='line_1_5' title="bbox 52 1273 2485 1351; baseline 0.004 -25"><span class='ocrx_word' id='word_1_36' title='bbox 52 1279 165 1327; x_wconf 69' lang='lat' dir='ltr'>Nev</span> <span class='ocrx_word' id='word_1_37' title='bbox 388 1276 428 1300; x_wconf 80' lang='lat'>⁸⁸</span> <span class='ocrx_word' id='word_1_38' title='bbox 468 1273 639 1330; x_wconf 89' lang='lat' dir='ltr'>modo</span> <span class='ocrx_word' id='word_1_39' title='bbox 686 1276 879 1332; x_wconf 80' lang='lat' dir='ltr'>facere</span> <span class='ocrx_word' id='word_1_40' title='bbox 927 1276 1052 1333; x_wconf 90' lang='lat' dir='ltr'>sine</span> <span class='ocrx_word' id='word_1_41' title='bbox 1099 1278 1464 1348; x_wconf 77' lang='lat' dir='ltr'>possessione</span> <span class='ocrx_word' id='word_1_42' title='bbox 1513 1284 1574 1334; x_wconf 89' lang='lat' dir='ltr'>et</span> <span class='ocrx_word' id='word_1_43' title='bbox 1609 1280 1845 1350; x_wconf 84' lang='lat' dir='ltr'>seysina</span> <span class='ocrx_word' id='word_1_44' title='bbox 1890 1278 2156 1351; x_wconf 88' lang='lat' dir='ltr'>ejusdem</span> <span class='ocrx_word' id='word_1_45' title='bbox 2202 1285 2381 1334; x_wconf 80' lang='lat' dir='ltr'>terrae</span> <span class='ocrx_word' id='word_1_46' title='bbox 2423 1286 2485 1335; x_wconf 89' lang='lat' dir='ltr'>et</span> 
     </span>
     <span class='ocr_line' id='line_1_6' title="bbox 56 1344 2488 1433; baseline 0.002 -22"><span class='ocrx_word' id='word_1_47' title='bbox 56 1344 254 1411; x_wconf 59' lang='lat' dir='ltr'>“Wr-</span> <span class='ocrx_word' id='word_1_48' title='bbox 389 1360 428 1384; x_wconf 83' lang='lat'>‘⁸</span> <span class='ocrx_word' id='word_1_49' title='bbox 468 1364 793 1414; x_wconf 84' lang='lat' dir='ltr'>castrorum</span> <span class='ocrx_word' id='word_1_50' title='bbox 840 1359 1008 1431; x_wconf 85' lang='lat' dir='ltr'>ejus;</span> <span class='ocrx_word' id='word_1_51' title='bbox 1077 1361 1364 1428; x_wconf 82' lang='lat' dir='ltr'>volumus,</span> <span class='ocrx_word' id='word_1_52' title='bbox 1405 1363 1733 1429; x_wconf 85' lang='lat' dir='ltr'>annuimus,</span> <span class='ocrx_word' id='word_1_53' title='bbox 1786 1368 1847 1418; x_wconf 88' lang='lat' dir='ltr'>et</span> <span class='ocrx_word' id='word_1_54' title='bbox 1893 1362 2280 1426; x_wconf 80' lang='lat' dir='ltr'>concedimus,</span> <span class='ocrx_word' id='word_1_55' title='bbox 2333 1363 2488 1433; x_wconf 89' lang='lat' dir='ltr'>quod</span> 
     </span>
     <span class='ocr_line' id='line_1_7' title="bbox 389 1442 2492 1518; baseline 0.002 -21"><span class='ocrx_word' id='word_1_56' title='bbox 389 1444 429 1468; x_wconf 81' lang='lat'>‘⁸</span> <span class='ocrx_word' id='word_1_57' title='bbox 468 1442 612 1515; x_wconf 88' lang='lat' dir='ltr'>ipse,</span> <span class='ocrx_word' id='word_1_58' title='bbox 655 1448 931 1515; x_wconf 87' lang='lat' dir='ltr'>tauquam</span> <span class='ocrx_word' id='word_1_59' title='bbox 982 1443 1249 1501; x_wconf 88' lang='lat' dir='ltr'>dominus</span> <span class='ocrx_word' id='word_1_60' title='bbox 1304 1445 1589 1517; x_wconf 82' lang='lat' dir='ltr'>superior,</span> <span class='ocrx_word' id='word_1_61' title='bbox 1632 1445 1709 1501; x_wconf 85' lang='lat' dir='ltr'>ad</span> <span class='ocrx_word' id='word_1_62' title='bbox 1760 1445 2175 1518; x_wconf 84' lang='lat' dir='ltr'>perficiendum</span> <span class='ocrx_word' id='word_1_63' title='bbox 2210 1445 2492 1518; x_wconf 84' lang='lat' dir='ltr'>praedicta</span> 
     </span>
     <span class='ocr_line' id='line_1_8' title="bbox 389 1527 2482 1601; baseline 0 -19"><span class='ocrx_word' id='word_1_64' title='bbox 389 1529 428 1554; x_wconf 77' lang='lat'>‘⁶</span> <span class='ocrx_word' id='word_1_65' title='bbox 467 1527 678 1583; x_wconf 85' lang='lat' dir='ltr'>habeat</span> <span class='ocrx_word' id='word_1_66' title='bbox 734 1529 1025 1600; x_wconf 79' lang='lat' dir='ltr'>seysinam</span> <span class='ocrx_word' id='word_1_67' title='bbox 1083 1529 1265 1585; x_wconf 86' lang='lat' dir='ltr'>totius</span> <span class='ocrx_word' id='word_1_68' title='bbox 1324 1536 1497 1585; x_wconf 81' lang='lat' dir='ltr'>terrae</span> <span class='ocrx_word' id='word_1_69' title='bbox 1560 1528 1771 1585; x_wconf 82' lang='lat' dir='ltr'>Scotiae</span> <span class='ocrx_word' id='word_1_70' title='bbox 1831 1536 1894 1587; x_wconf 91' lang='lat' dir='ltr'>et</span> <span class='ocrx_word' id='word_1_71' title='bbox 1950 1536 2274 1586; x_wconf 77' lang='lat' dir='ltr'>castrorum</span> <span class='ocrx_word' id='word_1_72' title='bbox 2333 1530 2482 1601; x_wconf 86' lang='lat' dir='ltr'>ejus,</span> 
     </span>
     <span class='ocr_line' id='line_1_9' title="bbox 387 1611 2488 1684; baseline 0 -18"><span class='ocrx_word' id='word_1_73' title='bbox 387 1614 427 1638; x_wconf 81' lang='lat'>⁸⁸</span> <span class='ocrx_word' id='word_1_74' title='bbox 468 1629 770 1683; x_wconf 85' lang='lat' dir='ltr'>quousque</span> <span class='ocrx_word' id='word_1_75' title='bbox 813 1611 916 1683; x_wconf 88' lang='lat' dir='ltr'>jus</span> <span class='ocrx_word' id='word_1_76' title='bbox 952 1612 1015 1666; x_wconf 93' lang='lat' dir='ltr'>in</span> <span class='ocrx_word' id='word_1_77' title='bbox 1047 1630 1299 1684; x_wconf 86' lang='lat' dir='ltr'>regnum</span> <span class='ocrx_word' id='word_1_78' title='bbox 1332 1612 1664 1684; x_wconf 87' lang='lat' dir='ltr'>petentibus</span> <span class='ocrx_word' id='word_1_79' title='bbox 1701 1613 1881 1669; x_wconf 88' lang='lat' dir='ltr'>fuerit</span> <span class='ocrx_word' id='word_1_80' title='bbox 1933 1614 2314 1669; x_wconf 81' lang='lat' dir='ltr'>satisfactum.</span> <span class='ocrx_word' id='word_1_81' title='bbox 2390 1612 2488 1668; x_wconf 83' lang='lat' dir='ltr'>Ita</span> 
     </span>
     <span class='ocr_line' id='line_1_10' title="bbox 388 1694 2484 1767; baseline 0.001 -18"><span class='ocrx_word' id='word_1_82' title='bbox 388 1696 429 1722; x_wconf 76' lang='lat'>‘⁸</span> <span class='ocrx_word' id='word_1_83' title='bbox 466 1700 679 1760; x_wconf 88' lang='lat' dir='ltr'>tamen,</span> <span class='ocrx_word' id='word_1_84' title='bbox 732 1694 890 1767; x_wconf 87' lang='lat' dir='ltr'>quod</span> <span class='ocrx_word' id='word_1_85' title='bbox 936 1701 1247 1767; x_wconf 85' lang='lat' dir='ltr'>antequam</span> <span class='ocrx_word' id='word_1_86' title='bbox 1289 1695 1503 1752; x_wconf 87' lang='lat' dir='ltr'>habeat</span> <span class='ocrx_word' id='word_1_87' title='bbox 1555 1696 1866 1767; x_wconf 84' lang='lat' dir='ltr'>seysinam‚</span> <span class='ocrx_word' id='word_1_88' title='bbox 1917 1695 2128 1752; x_wconf 88' lang='lat' dir='ltr'>bonam</span> <span class='ocrx_word' id='word_1_89' title='bbox 2163 1703 2224 1751; x_wconf 89' lang='lat' dir='ltr'>et</span> <span class='ocrx_word' id='word_1_90' title='bbox 2271 1697 2484 1752; x_wconf 85' lang='lat' dir='ltr'>suffici-</span> 
     </span>
     <span class='ocr_line' id='line_1_11' title="bbox 389 1778 2485 1852; baseline 0.002 -19"><span class='ocrx_word' id='word_1_91' title='bbox 389 1781 429 1805; x_wconf 88' lang='lat'><em>“</em></span> <span class='ocrx_word' id='word_1_92' title='bbox 467 1785 662 1834; x_wconf 84' lang='lat' dir='ltr'>entem</span> <span class='ocrx_word' id='word_1_93' title='bbox 737 1778 1109 1835; x_wconf 73' lang='lat' dir='ltr'>securitatem</span> <span class='ocrx_word' id='word_1_94' title='bbox 1171 1779 1348 1836; x_wconf 82' lang='lat' dir='ltr'>faciat</span> <span class='ocrx_word' id='word_1_95' title='bbox 1417 1780 1785 1852; x_wconf 70' lang='lat' dir='ltr'>petitoribus,</span> <span class='ocrx_word' id='word_1_96' title='bbox 1848 1785 1909 1835; x_wconf 87' lang='lat' dir='ltr'>et</span> <span class='ocrx_word' id='word_1_97' title='bbox 1965 1780 2325 1845; x_wconf 83' lang='lat' dir='ltr'>custodibus,</span> <span class='ocrx_word' id='word_1_98' title='bbox 2391 1780 2485 1837; x_wconf 88' lang='lat' dir='ltr'>¹et</span> 
     </span>
     <span class='ocr_line' id='line_1_12' title="bbox 387 1861 2483 1937; baseline 0.001 -20"><span class='ocrx_word' id='word_1_99' title='bbox 387 1865 427 1889; x_wconf 75' lang='lat'>‘⁸</span> <span class='ocrx_word' id='word_1_100' title='bbox 464 1861 903 1919; x_wconf 82' lang='lat' dir='ltr'>²communitati</span> <span class='ocrx_word' id='word_1_101' title='bbox 938 1864 1109 1935; x_wconf 87' lang='lat' dir='ltr'>regni</span> <span class='ocrx_word' id='word_1_102' title='bbox 1147 1862 1378 1930; x_wconf 79' lang='lat' dir='ltr'>Scotiae,</span> <span class='ocrx_word' id='word_1_103' title='bbox 1417 1863 1763 1921; x_wconf 86' lang='lat' dir='ltr'>restituendi</span> <span class='ocrx_word' id='word_1_104' title='bbox 1816 1863 1838 1898; x_wconf 82' lang='lat'><strong>³</strong></span> <span class='ocrx_word' id='word_1_105' title='bbox 1854 1863 2012 1920; x_wconf 88' lang='lat' dir='ltr'>idem</span> <span class='ocrx_word' id='word_1_106' title='bbox 2047 1882 2298 1937; x_wconf 86' lang='lat' dir='ltr'>regnum</span> <span class='ocrx_word' id='word_1_107' title='bbox 2345 1882 2483 1920; x_wconf 88' lang='lat' dir='ltr'>cum</span> 
     </span>
     <span class='ocr_line' id='line_1_13' title="bbox 386 1947 2484 2019; baseline 0.001 -17"><span class='ocrx_word' id='word_1_108' title='bbox 386 1950 426 1974; x_wconf 80' lang='lat'>⁸‘</span> <span class='ocrx_word' id='word_1_109' title='bbox 464 1953 588 2002; x_wconf 84' lang='lat' dir='ltr'>tota</span> <span class='ocrx_word' id='word_1_110' title='bbox 620 1947 948 2019; x_wconf 73' lang='lat' dir='ltr'>regalitate,</span> <span class='ocrx_word' id='word_1_111' title='bbox 988 1947 1295 2019; x_wconf 82' lang='lat' dir='ltr'>dignitate,</span> <span class='ocrx_word' id='word_1_112' title='bbox 1322 1948 1596 2014; x_wconf 88' lang='lat' dir='ltr'>dominio,</span> <span class='ocrx_word' id='word_1_113' title='bbox 1624 1948 2012 2014; x_wconf 84' lang='lat' dir='ltr'>libertatibus,</span> <span class='ocrx_word' id='word_1_114' title='bbox 2053 1948 2484 2004; x_wconf 87' lang='lat' dir='ltr'>consuetudini·</span> 
     </span>
     <span class='ocr_line' id='line_1_14' title="bbox 386 2029 2483 2104; baseline 0.001 -18"><span class='ocrx_word' id='word_1_115' title='bbox 386 2032 426 2058; x_wconf 76' lang='lat'>‘⁸</span> <span class='ocrx_word' id='word_1_116' title='bbox 464 2029 593 2096; x_wconf 74' lang='lat' dir='ltr'>bu8‚</span> <span class='ocrx_word' id='word_1_117' title='bbox 631 2031 652 2064; x_wconf 83' lang='lat'>⁴</span> <span class='ocrx_word' id='word_1_118' title='bbox 659 2031 1029 2103; x_wconf 85' lang='lat' dir='ltr'>justiciariis,</span> <span class='ocrx_word' id='word_1_119' title='bbox 1068 2031 1323 2104; x_wconf 90' lang='lat' dir='ltr'>legibus,</span> <span class='ocrx_word' id='word_1_120' title='bbox 1360 2033 1587 2098; x_wconf 90' lang='lat' dir='ltr'>usibus,</span> <span class='ocrx_word' id='word_1_121' title='bbox 1627 2033 2111 2104; x_wconf 86' lang='lat' dir='ltr'>possessionibus,</span> <span class='ocrx_word' id='word_1_122' title='bbox 2159 2037 2223 2088; x_wconf 87' lang='lat' dir='ltr'>et</span> <span class='ocrx_word' id='word_1_123' title='bbox 2245 2032 2483 2104; x_wconf 88' lang='lat' dir='ltr'>quibus-</span> 
     </span>
     <span class='ocr_line' id='line_1_15' title="bbox 384 2116 2484 2189; baseline 0 -19"><span class='ocrx_word' id='word_1_124' title='bbox 384 2118 425 2142; x_wconf 89' lang='lat'>“</span> <span class='ocrx_word' id='word_1_125' title='bbox 462 2133 713 2187; x_wconf 89' lang='lat' dir='ltr'>cumque</span> <span class='ocrx_word' id='word_1_126' title='bbox 770 2116 1160 2189; x_wconf 87' lang='lat' dir='ltr'>pertinentiis,</span> <span class='ocrx_word' id='word_1_127' title='bbox 1223 2117 1285 2171; x_wconf 91' lang='lat' dir='ltr'>in</span> <span class='ocrx_word' id='word_1_128' title='bbox 1325 2116 1529 2172; x_wconf 90' lang='lat' dir='ltr'>eodem</span> <span class='ocrx_word' id='word_1_129' title='bbox 1588 2123 1747 2173; x_wconf 89' lang='lat' dir='ltr'>statu</span> <span class='ocrx_word' id='word_1_130' title='bbox 1803 2117 1867 2172; x_wconf 90' lang='lat' dir='ltr'>in</span> <span class='ocrx_word' id='word_1_131' title='bbox 1938 2134 2054 2188; x_wconf 89' lang='lat' dir='ltr'>quo</span> <span class='ocrx_word' id='word_1_132' title='bbox 2114 2121 2280 2172; x_wconf 87' lang='lat' dir='ltr'>erant</span> <span class='ocrx_word' id='word_1_133' title='bbox 2350 2122 2484 2172; x_wconf 88' lang='lat' dir='ltr'>ante</span> 
     </span>
     <span class='ocr_line' id='line_1_16' title="bbox 384 2199 2485 2272; baseline 0 -17"><span class='ocrx_word' id='word_1_134' title='bbox 384 2203 425 2226; x_wconf 78' lang='lat'>‘⁴</span> <span class='ocrx_word' id='word_1_135' title='bbox 464 2200 755 2271; x_wconf 76' lang='lat' dir='ltr'>seysinam</span> <span class='ocrx_word' id='word_1_136' title='bbox 792 2199 906 2256; x_wconf 89' lang='lat' dir='ltr'>sibi</span> <span class='ocrx_word' id='word_1_137' title='bbox 946 2200 1258 2266; x_wconf 82' lang='lat' dir='ltr'>traditam3</span> <span class='ocrx_word' id='word_1_138' title='bbox 1311 2200 1332 2232; x_wconf 75' lang='lat'><strong>⁸</strong></span> <span class='ocrx_word' id='word_1_139' title='bbox 1348 2207 1409 2256; x_wconf 91' lang='lat' dir='ltr'>et</span> <span class='ocrx_word' id='word_1_140' title='bbox 1446 2201 1722 2258; x_wconf 82' lang='lat' dir='ltr'>liberabit</span> <span class='ocrx_word' id='word_1_141' title='bbox 1757 2200 1865 2266; x_wconf 86' lang='lat' dir='ltr'>illi,</span> <span class='ocrx_word' id='word_1_142' title='bbox 1906 2202 2002 2256; x_wconf 91' lang='lat' dir='ltr'>cui</span> <span class='ocrx_word' id='word_1_143' title='bbox 2049 2200 2187 2272; x_wconf 84' lang='lat' dir='ltr'>jure</span> <span class='ocrx_word' id='word_1_144' title='bbox 2239 2199 2485 2256; x_wconf 85' lang='lat' dir='ltr'>debetur</span> 
     </span>
     <span class='ocr_line' id='line_1_17' title="bbox 383 2281 2484 2356; baseline -0.001 -17"><span class='ocrx_word' id='word_1_145' title='bbox 383 2285 424 2310; x_wconf 79' lang='lat'>‘⁸</span> <span class='ocrx_word' id='word_1_146' title='bbox 464 2281 781 2339; x_wconf 89' lang='lat' dir='ltr'>secundum</span> <span class='ocrx_word' id='word_1_147' title='bbox 810 2283 1104 2355; x_wconf 85' lang='lat' dir='ltr'>judicium</span> <span class='ocrx_word' id='word_1_148' title='bbox 1137 2283 1484 2355; x_wconf 76' lang='lat' dir='ltr'>regalitatis,</span> <span class='ocrx_word' id='word_1_149' title='bbox 1536 2284 1700 2339; x_wconf 82' lang='lat' dir='ltr'>salvo</span> <span class='ocrx_word' id='word_1_150' title='bbox 1734 2283 1888 2355; x_wconf 85' lang='lat' dir='ltr'>Regi</span> <span class='ocrx_word' id='word_1_151' title='bbox 1924 2283 2160 2356; x_wconf 78' lang='lat' dir='ltr'>Angliae</span> <span class='ocrx_word' id='word_1_152' title='bbox 2210 2283 2484 2354; x_wconf 87' lang='lat' dir='ltr'>homagio</span> 
     </span>
     <span class='ocr_line' id='line_1_18' title="bbox 383 2365 2485 2439; baseline -0.001 -16"><span class='ocrx_word' id='word_1_153' title='bbox 383 2369 425 2394; x_wconf 88' lang='lat'><strong>“</strong></span> <span class='ocrx_word' id='word_1_154' title='bbox 462 2366 625 2423; x_wconf 90' lang='lat' dir='ltr'>illius</span> <span class='ocrx_word' id='word_1_155' title='bbox 663 2367 766 2439; x_wconf 92' lang='lat' dir='ltr'>qui</span> <span class='ocrx_word' id='word_1_156' title='bbox 802 2368 929 2424; x_wconf 81' lang='lat' dir='ltr'>Rex</span> <span class='ocrx_word' id='word_1_157' title='bbox 963 2368 1092 2423; x_wconf 89' lang='lat' dir='ltr'>erit.</span> <span class='ocrx_word' id='word_1_158' title='bbox 1163 2367 1243 2423; x_wconf 83' lang='lat' dir='ltr'>Et</span> <span class='ocrx_word' id='word_1_159' title='bbox 1277 2367 1452 2424; x_wconf 89' lang='lat' dir='ltr'>debet</span> <span class='ocrx_word' id='word_1_160' title='bbox 1484 2367 1610 2424; x_wconf 82' lang='lat' dir='ltr'>hoec</span> <span class='ocrx_word' id='word_1_161' title='bbox 1646 2368 1941 2424; x_wconf 81' lang='lat' dir='ltr'>restitutio</span> <span class='ocrx_word' id='word_1_162' title='bbox 1964 2368 2092 2423; x_wconf 87' lang='lat' dir='ltr'>fieri</span> <span class='ocrx_word' id='word_1_163' title='bbox 2145 2367 2301 2421; x_wconf 84' lang='lat' dir='ltr'>infra</span> <span class='ocrx_word' id='word_1_164' title='bbox 2337 2365 2485 2421; x_wconf 90' lang='lat' dir='ltr'>duos</span> 
     </span>
     <span class='ocr_line' id='line_1_19' title="bbox 383 2451 2480 2524; baseline -0 -18"><span class='ocrx_word' id='word_1_165' title='bbox 383 2454 424 2479; x_wconf 86' lang='lat'><strong>“</strong></span> <span class='ocrx_word' id='word_1_166' title='bbox 460 2469 691 2508; x_wconf 87' lang='lat' dir='ltr'>menses</span> <span class='ocrx_word' id='word_1_167' title='bbox 727 2470 764 2507; x_wconf 84' lang='lat' dir='ltr'>a</span> <span class='ocrx_word' id='word_1_168' title='bbox 798 2451 893 2507; x_wconf 89' lang='lat' dir='ltr'>die</span> <span class='ocrx_word' id='word_1_169' title='bbox 931 2469 1047 2523; x_wconf 90' lang='lat' dir='ltr'>quo</span> <span class='ocrx_word' id='word_1_170' title='bbox 1095 2451 1275 2507; x_wconf 85' lang='lat' dir='ltr'>fuerit</span> <span class='ocrx_word' id='word_1_171' title='bbox 1307 2452 1419 2507; x_wconf 89' lang='lat' dir='ltr'>hoc</span> <span class='ocrx_word' id='word_1_172' title='bbox 1459 2452 1560 2524; x_wconf 87' lang='lat' dir='ltr'>jus</span> <span class='ocrx_word' id='word_1_173' title='bbox 1601 2451 1936 2507; x_wconf 88' lang='lat' dir='ltr'>discussum</span> <span class='ocrx_word' id='word_1_174' title='bbox 1959 2457 2135 2522; x_wconf 88' lang='lat' dir='ltr'>atque</span> <span class='ocrx_word' id='word_1_175' title='bbox 2159 2451 2480 2505; x_wconf 88' lang='lat' dir='ltr'>firmatum.</span> 
     </span>
     <span class='ocr_line' id='line_1_20' title="bbox 383 2533 2487 2608; baseline -0 -18"><span class='ocrx_word' id='word_1_176' title='bbox 383 2537 425 2563; x_wconf 78' lang='lat'>‘⁴</span> <span class='ocrx_word' id='word_1_177' title='bbox 464 2535 672 2592; x_wconf 85' lang='lat' dir='ltr'>Exitus</span> <span class='ocrx_word' id='word_1_178' title='bbox 709 2536 881 2592; x_wconf 81' lang='lat' dir='ltr'>dictae</span> <span class='ocrx_word' id='word_1_179' title='bbox 927 2542 1100 2592; x_wconf 81' lang='lat' dir='ltr'>terroe</span> <span class='ocrx_word' id='word_1_180' title='bbox 1146 2535 1338 2591; x_wconf 87' lang='lat' dir='ltr'>medio</span> <span class='ocrx_word' id='word_1_181' title='bbox 1384 2542 1645 2608; x_wconf 88' lang='lat' dir='ltr'>tempore</span> <span class='ocrx_word' id='word_1_182' title='bbox 1693 2535 2067 2608; x_wconf 87' lang='lat' dir='ltr'>recipiantur,</span> <span class='ocrx_word' id='word_1_183' title='bbox 2119 2539 2181 2590; x_wconf 91' lang='lat' dir='ltr'>et</span> <span class='ocrx_word' id='word_1_184' title='bbox 2224 2533 2288 2589; x_wconf 91' lang='lat' dir='ltr'>in</span> <span class='ocrx_word' id='word_1_185' title='bbox 2323 2533 2487 2590; x_wconf 83' lang='lat' dir='ltr'>salvo</span> 
     </span>
     <span class='ocr_line' id='line_1_21' title="bbox 382 2618 2488 2692; baseline -0.001 -18"><span class='ocrx_word' id='word_1_186' title='bbox 382 2622 424 2647; x_wconf 77' lang='lat'>⁸⁴</span> <span class='ocrx_word' id='word_1_187' title='bbox 462 2619 723 2692; x_wconf 89' lang='lat' dir='ltr'>deposito</span> <span class='ocrx_word' id='word_1_188' title='bbox 746 2625 1116 2692; x_wconf 86' lang='lat' dir='ltr'>reponantur,</span> <span class='ocrx_word' id='word_1_189' title='bbox 1144 2625 1206 2676; x_wconf 89' lang='lat' dir='ltr'>et</span> <span class='ocrx_word' id='word_1_190' title='bbox 1246 2620 1389 2675; x_wconf 89' lang='lat' dir='ltr'>bene</span> <span class='ocrx_word' id='word_1_191' title='bbox 1429 2620 1849 2686; x_wconf 81' lang='lat' dir='ltr'>custodiantur,</span> <span class='ocrx_word' id='word_1_192' title='bbox 1876 2637 1982 2692; x_wconf 88' lang='lat' dir='ltr'>per</span> <span class='ocrx_word' id='word_1_193' title='bbox 2017 2635 2257 2674; x_wconf 81' lang='lat' dir='ltr'>manum</span> <span class='ocrx_word' id='word_1_194' title='bbox 2281 2618 2488 2674; x_wconf 84' lang='lat' dir='ltr'>Game-</span> 
     </span>
     <span class='ocr_line' id='line_1_22' title="bbox 382 2699 2487 2776; baseline -0.002 -18"><span class='ocrx_word' id='word_1_195' title='bbox 382 2707 424 2731; x_wconf 86' lang='lat'><strong>“</strong></span> <span class='ocrx_word' id='word_1_196' title='bbox 462 2704 605 2759; x_wconf 88' lang='lat' dir='ltr'>rarii</span> <span class='ocrx_word' id='word_1_197' title='bbox 643 2702 874 2769; x_wconf 79' lang='lat' dir='ltr'>Scotioe,</span> <span class='ocrx_word' id='word_1_198' title='bbox 914 2704 1019 2776; x_wconf 88' lang='lat' dir='ltr'>qui</span> <span class='ocrx_word' id='word_1_199' title='bbox 1054 2721 1210 2760; x_wconf 90' lang='lat' dir='ltr'>nunc</span> <span class='ocrx_word' id='word_1_200' title='bbox 1243 2710 1353 2769; x_wconf 88' lang='lat' dir='ltr'>est,</span> <span class='ocrx_word' id='word_1_201' title='bbox 1393 2708 1454 2759; x_wconf 88' lang='lat' dir='ltr'>et</span> <span class='ocrx_word' id='word_1_202' title='bbox 1487 2704 1651 2760; x_wconf 87' lang='lat' dir='ltr'>illius</span> <span class='ocrx_word' id='word_1_203' title='bbox 1690 2721 1866 2775; x_wconf 89' lang='lat' dir='ltr'>quem</span> <span class='ocrx_word' id='word_1_204' title='bbox 1901 2701 2228 2774; x_wconf 80' lang='lat' dir='ltr'>assignabit</span> <span class='ocrx_word' id='word_1_205' title='bbox 2262 2699 2338 2755; x_wconf 90' lang='lat' dir='ltr'>ad</span> <span class='ocrx_word' id='word_1_206' title='bbox 2374 2700 2487 2755; x_wconf 88' lang='lat' dir='ltr'>hoc</span> 
     </span>
     <span class='ocr_line' id='line_1_23' title="bbox 383 2782 2486 2860; baseline -0.002 -18"><span class='ocrx_word' id='word_1_207' title='bbox 383 2788 425 2815; x_wconf 77' lang='lat'>‘⁴</span> <span class='ocrx_word' id='word_1_208' title='bbox 463 2787 591 2843; x_wconf 77' lang='lat' dir='ltr'>Rex</span> <span class='ocrx_word' id='word_1_209' title='bbox 638 2786 911 2860; x_wconf 75' lang='lat' dir='ltr'>Angliae3</span> <span class='ocrx_word' id='word_1_210' title='bbox 974 2792 1035 2844; x_wconf 90' lang='lat' dir='ltr'>et</span> <span class='ocrx_word' id='word_1_211' title='bbox 1079 2788 1208 2854; x_wconf 88' lang='lat' dir='ltr'>hoc,</span> <span class='ocrx_word' id='word_1_212' title='bbox 1272 2787 1382 2844; x_wconf 90' lang='lat' dir='ltr'>sub</span> <span class='ocrx_word' id='word_1_213' title='bbox 1424 2787 1641 2858; x_wconf 79' lang='lat' dir='ltr'>sigillis</span> <span class='ocrx_word' id='word_1_214' title='bbox 1680 2804 1901 2853; x_wconf 89' lang='lat' dir='ltr'>eorum,</span> <span class='ocrx_word' id='word_1_215' title='bbox 1953 2786 2117 2842; x_wconf 82' lang='lat' dir='ltr'>salva</span> <span class='ocrx_word' id='word_1_216' title='bbox 2149 2782 2486 2839; x_wconf 85' lang='lat' dir='ltr'>rationabili</span> 
     </span>
     <span class='ocr_line' id='line_1_24' title="bbox 383 2866 2478 2940; baseline -0.002 -14"><span class='ocrx_word' id='word_1_217' title='bbox 383 2872 424 2898; x_wconf 79' lang='lat'>‘⁸</span> <span class='ocrx_word' id='word_1_218' title='bbox 463 2872 880 2927; x_wconf 87' lang='lat' dir='ltr'>sustentatione</span> <span class='ocrx_word' id='word_1_219' title='bbox 941 2877 1114 2927; x_wconf 81' lang='lat' dir='ltr'>terrae</span> <span class='ocrx_word' id='word_1_220' title='bbox 1191 2876 1253 2928; x_wconf 90' lang='lat' dir='ltr'>et</span> <span class='ocrx_word' id='word_1_221' title='bbox 1309 2877 1654 2937; x_wconf 85' lang='lat' dir='ltr'>castrorum,</span> <span class='ocrx_word' id='word_1_222' title='bbox 1711 2870 2229 2940; x_wconf 86' lang='lat' dir='ltr'>ministrorumque</span> <span class='ocrx_word' id='word_1_223' title='bbox 2287 2866 2478 2938; x_wconf 86' lang='lat' dir='ltr'>regni.</span> 
     </span>
     <span class='ocr_line' id='line_1_25' title="bbox 384 2952 2484 3026; baseline -0.003 -15"><span class='ocrx_word' id='word_1_224' title='bbox 384 2956 425 2983; x_wconf 74' lang='lat'>‘⁸</span> <span class='ocrx_word' id='word_1_225' title='bbox 462 2954 535 3010; x_wconf 91' lang='lat' dir='ltr'>In</span> <span class='ocrx_word' id='word_1_226' title='bbox 558 2956 960 3011; x_wconf 88' lang='lat' dir='ltr'>testimonium</span> <span class='ocrx_word' id='word_1_227' title='bbox 1010 2956 1257 3011; x_wconf 87' lang='lat' dir='ltr'>istorum</span> <span class='ocrx_word' id='word_1_228' title='bbox 1313 2955 1571 3011; x_wconf 90' lang='lat' dir='ltr'>omnium</span> <span class='ocrx_word' id='word_1_229' title='bbox 1622 2954 2054 3026; x_wconf 60' lang='lat' dir='ltr'>praedictorum,</span> <span class='ocrx_word' id='word_1_230' title='bbox 2106 2952 2484 3024; x_wconf 88' lang='lat' dir='ltr'>apposuimus</span> 
     </span>
     <span class='ocr_line' id='line_1_26' title="bbox 384 3033 2483 3111; baseline -0.003 -16"><span class='ocrx_word' id='word_1_231' title='bbox 384 3041 425 3067; x_wconf 79' lang='lat'>‘⁸</span> <span class='ocrx_word' id='word_1_232' title='bbox 461 3038 537 3095; x_wconf 82' lang='lat' dir='ltr'>ad</span> <span class='ocrx_word' id='word_1_233' title='bbox 595 3039 701 3095; x_wconf 90' lang='lat' dir='ltr'>has</span> <span class='ocrx_word' id='word_1_234' title='bbox 749 3039 977 3095; x_wconf 84' lang='lat' dir='ltr'>litteras</span> <span class='ocrx_word' id='word_1_235' title='bbox 1020 3039 1219 3111; x_wconf 84' lang='lat' dir='ltr'>sigilla</span> <span class='ocrx_word' id='word_1_236' title='bbox 1265 3046 1480 3096; x_wconf 85' lang='lat' dir='ltr'>nostra.</span> <span class='ocrx_word' id='word_1_237' title='bbox 1551 3038 1573 3072; x_wconf 79' lang='lat'><strong>⁸</strong></span> <span class='ocrx_word' id='word_1_238' title='bbox 1591 3039 1745 3095; x_wconf 83' lang='lat' dir='ltr'>Data</span> <span class='ocrx_word' id='word_1_239' title='bbox 1791 3038 1947 3111; x_wconf 87' lang='lat' dir='ltr'>apud</span> <span class='ocrx_word' id='word_1_240' title='bbox 1993 3035 2336 3100; x_wconf 80' lang='lat' dir='ltr'>⁷Northam,</span> <span class='ocrx_word' id='word_1_241' title='bbox 2387 3033 2483 3090; x_wconf 90' lang='lat' dir='ltr'>die</span> 
     </span>
     <span class='ocr_line' id='line_1_27' title="bbox 384 3116 2409 3196; baseline -0.003 -17"><span class='ocrx_word' id='word_1_242' title='bbox 384 3124 425 3151; x_wconf 79' lang='lat'>‘⁸</span> <span class='ocrx_word' id='word_1_243' title='bbox 460 3122 744 3179; x_wconf 82' lang='lat' dir='ltr'>Mercurii</span> <span class='ocrx_word' id='word_1_244' title='bbox 789 3124 1054 3196; x_wconf 82' lang='lat' dir='ltr'>proxima</span> <span class='ocrx_word' id='word_1_245' title='bbox 1087 3129 1222 3195; x_wconf 84' lang='lat' dir='ltr'>post</span> <span class='ocrx_word' id='word_1_246' title='bbox 1262 3122 1682 3179; x_wconf 86' lang='lat' dir='ltr'>Ascensionem</span> <span class='ocrx_word' id='word_1_247' title='bbox 1731 3121 1987 3185; x_wconf 83' lang='lat' dir='ltr'>Domini,</span> <span class='ocrx_word' id='word_1_248' title='bbox 2039 3137 2208 3185; x_wconf 79' lang='lat' dir='ltr'>annu,</span> <span class='ocrx_word' id='word_1_249' title='bbox 2259 3116 2409 3174; x_wconf 86' lang='lat' dir='ltr'>etc.&#39;&#39;</span> 
     </span>
     <span class='ocr_line' id='line_1_28' title="bbox 234 3201 2479 3282; baseline -0.004 -18"><span class='ocrx_word' id='word_1_250' title='bbox 234 3271 246 3282; x_wconf 51' lang='lat'>‚</span> <span class='ocrx_word' id='word_1_251' title='bbox 329 3240 345 3256; x_wconf 87' lang='lat'><strong>·</strong></span> <span class='ocrx_word' id='word_1_252' title='bbox 453 3207 580 3263; x_wconf 88' lang='lat' dir='ltr'>Has</span> <span class='ocrx_word' id='word_1_253' title='bbox 622 3207 767 3263; x_wconf 89' lang='lat' dir='ltr'>duas</span> <span class='ocrx_word' id='word_1_254' title='bbox 802 3206 1028 3263; x_wconf 86' lang='lat' dir='ltr'>litteras</span> <span class='ocrx_word' id='word_1_255' title='bbox 1069 3207 1234 3263; x_wconf 87' lang='lat' dir='ltr'>misit</span> <span class='ocrx_word' id='word_1_256' title='bbox 1267 3206 1393 3261; x_wconf 83' lang='lat' dir='ltr'>Rex</span> <span class='ocrx_word' id='word_1_257' title='bbox 1428 3205 1686 3277; x_wconf 81' lang='lat' dir='ltr'>Angliae,</span> <span class='ocrx_word' id='word_1_258' title='bbox 1725 3206 1834 3261; x_wconf 89' lang='lat' dir='ltr'>sub</span> <span class='ocrx_word' id='word_1_259' title='bbox 1864 3202 2064 3275; x_wconf 87' lang='lat' dir='ltr'>sigillo</span> <span class='ocrx_word' id='word_1_260' title='bbox 2088 3219 2195 3258; x_wconf 91' lang='lat' dir='ltr'>suo</span> <span class='ocrx_word' id='word_1_261' title='bbox 2231 3201 2479 3273; x_wconf 83' lang='lat' dir='ltr'>privato,</span> 
     </span>
     <span class='ocr_line' id='line_1_29' title="bbox 44 3265 2482 3364; baseline -0.004 -16"><span class='ocrx_word' id='word_1_262' title='bbox 44 3265 157 3319; x_wconf 68' lang='lat' dir='ltr'>MS·</span> <span class='ocrx_word' id='word_1_263' title='bbox 182 3271 320 3322; x_wconf 55' lang='grc' dir='ltr'><strong>Βῑω·</strong></span> <span class='ocrx_word' id='word_1_264' title='bbox 382 3291 458 3348; x_wconf 88' lang='lat' dir='ltr'>ad</span> <span class='ocrx_word' id='word_1_265' title='bbox 493 3291 726 3347; x_wconf 82' lang='lat' dir='ltr'>diversa</span> <span class='ocrx_word' id='word_1_266' title='bbox 782 3291 1136 3364; x_wconf 81' lang='lat' dir='ltr'>monasteria</span> <span class='ocrx_word' id='word_1_267' title='bbox 1180 3290 1352 3362; x_wconf 87' lang='lat' dir='ltr'>regni</span> <span class='ocrx_word' id='word_1_268' title='bbox 1400 3289 1511 3355; x_wconf 90' lang='lat' dir='ltr'>sui,</span> <span class='ocrx_word' id='word_1_269' title='bbox 1572 3294 1640 3346; x_wconf 91' lang='lat' dir='ltr'>ut</span> <span class='ocrx_word' id='word_1_270' title='bbox 1678 3288 1753 3344; x_wconf 81' lang='lat' dir='ltr'>ad</span> <span class='ocrx_word' id='word_1_271' title='bbox 1790 3295 2132 3360; x_wconf 85' lang='lat' dir='ltr'>perpetuam</span> <span class='ocrx_word' id='word_1_272' title='bbox 2166 3284 2256 3341; x_wconf 86' lang='lat' dir='ltr'>rei</span> <span class='ocrx_word' id='word_1_273' title='bbox 2298 3289 2482 3356; x_wconf 74' lang='lat' dir='ltr'>gestae</span> 
     </span>
     <span class='ocr_line' id='line_1_30' title="bbox 41 3334 1569 3454; baseline -0.001 -25"><span class='ocrx_word' id='word_1_274' title='bbox 41 3334 259 3454; x_wconf 44' lang='lat' dir='ltr'>{effi-¹3</span> <span class='ocrx_word' id='word_1_275' title='bbox 382 3376 720 3438; x_wconf 82' lang='lat' dir='ltr'>memoriam</span> <span class='ocrx_word' id='word_1_276' title='bbox 765 3375 829 3430; x_wconf 89' lang='lat' dir='ltr'>in</span> <span class='ocrx_word' id='word_1_277' title='bbox 859 3374 1165 3431; x_wconf 84' lang='lat' dir='ltr'>Chronicis</span> <span class='ocrx_word' id='word_1_278' title='bbox 1198 3380 1569 3446; x_wconf 87' lang='lat' dir='ltr'>ponerentur.</span> 
     </span>
    </p>
   </div>
   <div class='ocr_carea' id='block_1_3' title="bbox 453 3573 2401 3670">
    <p class='ocr_par' dir='ltr' id='par_1_3' title="bbox 453 3573 2401 3670">
     <span class='ocr_line' id='line_1_31' title="bbox 453 3573 2401 3670; baseline -0.006 -18"><span class='ocrx_word' id='word_1_279' title='bbox 453 3583 597 3652; x_wconf 74' lang='lat' dir='ltr'>Rea:</span> <span class='ocrx_word' id='word_1_280' title='bbox 640 3590 981 3651; x_wconf 74' lang='lat' dir='ltr'>assecumt</span> <span class='ocrx_word' id='word_1_281' title='bbox 1024 3583 1294 3651; x_wconf 66' lang='lat' dir='ltr'>reddere</span> <span class='ocrx_word' id='word_1_282' title='bbox 1337 3603 1499 3670; x_wconf 65' lang='lat' dir='ltr'>remi</span> <span class='ocrx_word' id='word_1_283' title='bbox 1508 3602 1630 3649; x_wconf 80' lang='lat' dir='ltr'>um</span> <span class='ocrx_word' id='word_1_284' title='bbox 1679 3578 1914 3648; x_wconf 79' lang='lat' dir='ltr'>Scotice</span> <span class='ocrx_word' id='word_1_285' title='bbox 1958 3575 2074 3645; x_wconf 76' lang='lat' dir='ltr'>cui</span> <span class='ocrx_word' id='word_1_286' title='bbox 2121 3573 2401 3643; x_wconf 78' lang='lat' dir='ltr'>debetur.</span> 
     </span>
    </p>
   </div>
   <div class='ocr_carea' id='block_1_4' title="bbox 377 3726 2810 4062">
    <p class='ocr_par' dir='ltr' id='par_1_4' title="bbox 377 3726 2810 4062">
     <span class='ocr_line' id='line_1_32' title="bbox 448 3726 2685 3808; baseline -0.005 -16"><span class='ocrx_word' id='word_1_287' title='bbox 448 3735 678 3793; x_wconf 87' lang='lat' dir='ltr'>Idcirco</span> <span class='ocrx_word' id='word_1_288' title='bbox 713 3738 867 3794; x_wconf 80' lang='lat' dir='ltr'>sacta</span> <span class='ocrx_word' id='word_1_289' title='bbox 914 3736 1105 3793; x_wconf 85' lang='lat' dir='ltr'>Scotis</span> <span class='ocrx_word' id='word_1_290' title='bbox 1153 3736 1464 3792; x_wconf 86' lang='lat' dir='ltr'>securitate</span> <span class='ocrx_word' id='word_1_291' title='bbox 1497 3734 1640 3807; x_wconf 70' lang='lat' dir='ltr'>⁸pro</span> <span class='ocrx_word' id='word_1_292' title='bbox 1675 3738 1840 3805; x_wconf 80' lang='lat' dir='ltr'>parte</span> <span class='ocrx_word' id='word_1_293' title='bbox 1880 3730 2065 3802; x_wconf 87' lang='lat' dir='ltr'>Regis</span> <span class='ocrx_word' id='word_1_294' title='bbox 2100 3728 2355 3802; x_wconf 83' lang='lat' dir='ltr'>Angliae,</span> <span class='ocrx_word' id='word_1_295' title='bbox 2402 3726 2475 3783; x_wconf 89' lang='lat' dir='ltr'>de</span> <span class='ocrx_word' id='word_1_296' title='bbox 2502 3727 2685 3808; x_wconf 71' lang='lat' dir='ltr'>Surety</span> 
     </span>
     <span class='ocr_line' id='line_1_33' title="bbox 377 3798 2749 3915; baseline -0.006 -38"><span class='ocrx_word' id='word_1_297' title='bbox 377 3821 755 3888; x_wconf 81' lang='lat' dir='ltr'>restituendO,</span> <span class='ocrx_word' id='word_1_298' title='bbox 805 3827 980 3894; x_wconf 87' lang='lat' dir='ltr'>prout</span> <span class='ocrx_word' id='word_1_299' title='bbox 1024 3822 1351 3894; x_wconf 80' lang='lat' dir='ltr'>praesertur‚</span> <span class='ocrx_word' id='word_1_300' title='bbox 1390 3837 1573 3892; x_wconf 88' lang='lat' dir='ltr'>regno</span> <span class='ocrx_word' id='word_1_301' title='bbox 1617 3818 1828 3874; x_wconf 82' lang='lat' dir='ltr'>Scotiae</span> <span class='ocrx_word' id='word_1_302' title='bbox 1875 3817 2029 3871; x_wconf 70' lang='lat' dir='ltr'>intra</span> <span class='ocrx_word' id='word_1_303' title='bbox 2063 3814 2209 3870; x_wconf 89' lang='lat' dir='ltr'>duos</span> <span class='ocrx_word' id='word_1_304' title='bbox 2244 3830 2474 3868; x_wconf 87' lang='lat' dir='ltr'>menses</span> <span class='ocrx_word' id='word_1_305' title='bbox 2499 3798 2749 3915; x_wconf 45' lang='grc' dir='ltr'>ἒῗξῐὲῐῖἆῖ</span> 
     </span>
     <span class='ocr_line' id='line_1_34' title="bbox 378 3898 2810 3981; baseline -0.005 -19"><span class='ocrx_word' id='word_1_306' title='bbox 378 3906 468 3962; x_wconf 87' lang='lat' dir='ltr'>illi</span> <span class='ocrx_word' id='word_1_307' title='bbox 527 3908 623 3964; x_wconf 90' lang='lat' dir='ltr'>cui</span> <span class='ocrx_word' id='word_1_308' title='bbox 670 3907 742 3963; x_wconf 92' lang='lat' dir='ltr'>de</span> <span class='ocrx_word' id='word_1_309' title='bbox 786 3907 925 3980; x_wconf 90' lang='lat' dir='ltr'>jure</span> <span class='ocrx_word' id='word_1_310' title='bbox 973 3906 1083 3962; x_wconf 88' lang='lat' dir='ltr'>hoc</span> <span class='ocrx_word' id='word_1_311' title='bbox 1130 3912 1502 3978; x_wconf 78' lang='lat' dir='ltr'>competeret,</span> <span class='ocrx_word' id='word_1_312' title='bbox 1555 3902 1667 3959; x_wconf 90' lang='lat' dir='ltr'>sub</span> <span class='ocrx_word' id='word_1_313' title='bbox 1713 3919 1886 3973; x_wconf 83' lang='lat' dir='ltr'>poena</span> <span class='ocrx_word' id='word_1_314' title='bbox 1936 3907 2170 3956; x_wconf 90' lang='lat' dir='ltr'>centum</span> <span class='ocrx_word' id='word_1_315' title='bbox 2216 3898 2472 3953; x_wconf 88' lang='lat' dir='ltr'>millium</span> <span class='ocrx_word' id='word_1_316' title='bbox 2499 3929 2609 3979; x_wconf 75' lang='lat' dir='ltr'>that</span> <span class='ocrx_word' id='word_1_317' title='bbox 2624 3930 2689 3980; x_wconf 63' lang='lat' dir='ltr'>he</span> <span class='ocrx_word' id='word_1_318' title='bbox 2706 3929 2810 3981; x_wconf 56' lang='lat' dir='ltr'>&#39;m</span> 
     </span>
     <span class='ocr_line' id='line_1_35' title="bbox 378 3981 2791 4062; baseline -0.005 -18"><span class='ocrx_word' id='word_1_319' title='bbox 378 3990 659 4047; x_wconf 84' lang='lat' dir='ltr'>librarum</span> <span class='ocrx_word' id='word_1_320' title='bbox 719 3991 1154 4062; x_wconf 84' lang='lat' dir='ltr'>sterlingorum,</span> <span class='ocrx_word' id='word_1_321' title='bbox 1215 3989 1418 4045; x_wconf 82' lang='lat' dir='ltr'>Romae</span> <span class='ocrx_word' id='word_1_322' title='bbox 1477 3988 1542 4043; x_wconf 90' lang='lat' dir='ltr'>in</span> <span class='ocrx_word' id='word_1_323' title='bbox 1599 3984 1926 4042; x_wconf 87' lang='lat' dir='ltr'>subsidium</span> <span class='ocrx_word' id='word_1_324' title='bbox 1985 3984 2182 4038; x_wconf 72' lang='lat' dir='ltr'>Terrae</span> <span class='ocrx_word' id='word_1_325' title='bbox 2245 3981 2473 4038; x_wconf 84' lang='lat' dir='ltr'>Sanctae</span> <span class='ocrx_word' id='word_1_326' title='bbox 2496 4004 2683 4047; x_wconf 56' lang='lat' dir='ltr'>restore</span> <span class='ocrx_word' id='word_1_327' title='bbox 2705 3999 2791 4048; x_wconf 78' lang='lat' dir='ltr'>the</span> 
     </span>
    </p>
   </div>
   <div class='ocr_carea' id='block_1_5' title="bbox 379 4065 2650 4145">
    <p class='ocr_par' dir='ltr' id='par_1_5' title="bbox 379 4065 2650 4145">
     <span class='ocr_line' id='line_1_36' title="bbox 379 4065 2650 4145; baseline -0.007 -15"><span class='ocrx_word' id='word_1_328' title='bbox 379 4075 803 4141; x_wconf 72' lang='lat' dir='ltr'>solvendorum,</span> <span class='ocrx_word' id='word_1_329' title='bbox 855 4094 923 4132; x_wconf 83' lang='lat' dir='ltr'>ao</span> <span class='ocrx_word' id='word_1_330' title='bbox 969 4076 1147 4131; x_wconf 84' lang='lat' dir='ltr'>etiam</span> <span class='ocrx_word' id='word_1_331' title='bbox 1183 4074 1292 4131; x_wconf 89' lang='lat' dir='ltr'>sub</span> <span class='ocrx_word' id='word_1_332' title='bbox 1338 4090 1512 4145; x_wconf 82' lang='lat' dir='ltr'>poena</span> <span class='ocrx_word' id='word_1_333' title='bbox 1556 4066 2165 4125; x_wconf 83' lang='lat' dir='ltr'>excommunicationis</span> <span class='ocrx_word' id='word_1_334' title='bbox 2202 4070 2263 4121; x_wconf 89' lang='lat' dir='ltr'>et</span> <span class='ocrx_word' id='word_1_335' title='bbox 2296 4065 2472 4120; x_wconf 89' lang='lat' dir='ltr'>inter-</span> <span class='ocrx_word' id='word_1_336' title='bbox 2498 4077 2650 4115; x_wconf 78' lang='lat' dir='ltr'>same.</span> 
     </span>
    </p>
   </div>
   <div class='ocr_carea' id='block_1_6' title="bbox 376 4247 556 4261">
    <p class='ocr_par' dir='ltr' id='par_1_6' title="bbox 376 4247 556 4261">
     <span class='ocr_line' id='line_1_37' title="bbox 376 4247 556 4261; baseline 0 1356"><span class='ocrx_word' id='word_1_337' title='bbox 376 4247 556 4261; x_wconf 95' lang='lat' dir='ltr'> </span> 
     </span>
    </p>
   </div>
   <div class='ocr_carea' id='block_1_7' title="bbox 445 4348 2477 4509">
    <p class='ocr_par' dir='ltr' id='par_1_7' title="bbox 445 4348 2477 4509">
     <span class='ocr_line' id='line_1_38' title="bbox 447 4348 2477 4429; baseline -0.009 -11"><span class='ocrx_word' id='word_1_338' title='bbox 447 4363 461 4398; x_wconf 86' lang='lat'><strong>¹</strong></span> <span class='ocrx_word' id='word_1_339' title='bbox 483 4365 704 4419; x_wconf 78' lang='lat' dir='ltr'>Omitted</span> <span class='ocrx_word' id='word_1_340' title='bbox 724 4364 779 4416; x_wconf 87' lang='lat' dir='ltr'>in</span> <span class='ocrx_word' id='word_1_341' title='bbox 800 4364 888 4415; x_wconf 81' lang='lat' dir='ltr'>the</span> <span class='ocrx_word' id='word_1_342' title='bbox 907 4362 1108 4429; x_wconf 67' lang='lat' dir='ltr'>prinoed</span> <span class='ocrx_word' id='word_1_343' title='bbox 1129 4368 1280 4415; x_wconf 82' lang='lat' dir='ltr'>texts.</span> <span class='ocrx_word' id='word_1_344' title='bbox 1477 4366 1509 4391; x_wconf 81' lang='lat'>‘⁴</span> <span class='ocrx_word' id='word_1_345' title='bbox 1532 4358 1596 4425; x_wconf 73' lang='lat' dir='ltr'>«ly</span> <span class='ocrx_word' id='word_1_346' title='bbox 1615 4374 1764 4425; x_wconf 79' lang='lat' dir='ltr'>apres</span> <span class='ocrx_word' id='word_1_347' title='bbox 1781 4354 1833 4408; x_wconf 81' lang='lat' dir='ltr'>la</span> <span class='ocrx_word' id='word_1_348' title='bbox 1851 4353 2134 4414; x_wconf 76' lang='lat' dir='ltr'>Asssncion,</span> <span class='ocrx_word' id='word_1_349' title='bbox 2152 4348 2238 4402; x_wconf 79' lang='lat' dir='ltr'>lan</span> <span class='ocrx_word' id='word_1_350' title='bbox 2254 4349 2316 4402; x_wconf 80' lang='lat' dir='ltr'>de</span> <span class='ocrx_word' id='word_1_351' title='bbox 2328 4366 2477 4418; x_wconf 74' lang='lat' dir='ltr'>yrace</span> 
     </span>
     <span class='ocr_line' id='line_1_39' title="bbox 445 4429 2474 4509; baseline -0.008 -12"><span class='ocrx_word' id='word_1_352' title='bbox 445 4445 809 4497; x_wconf 61' lang='lat' dir='ltr'>&#39;manicati</span> <span class='ocrx_word' id='word_1_353' title='bbox 826 4445 882 4495; x_wconf 89' lang='lat' dir='ltr'>in</span> <span class='ocrx_word' id='word_1_354' title='bbox 898 4444 985 4496; x_wconf 77' lang='lat' dir='ltr'>the</span> <span class='ocrx_word' id='word_1_355' title='bbox 1002 4443 1203 4509; x_wconf 82' lang='lat' dir='ltr'>printed</span> <span class='ocrx_word' id='word_1_356' title='bbox 1216 4449 1365 4494; x_wconf 81' lang='lat' dir='ltr'>texts.</span> <span class='ocrx_word' id='word_1_357' title='bbox 1477 4445 1508 4470; x_wconf 82' lang='lat'>‘⁸</span> <span class='ocrx_word' id='word_1_358' title='bbox 1532 4454 1673 4502; x_wconf 68' lang='lat' dir='ltr'>nco„</span> <span class='ocrx_word' id='word_1_359' title='bbox 1690 4445 1931 4489; x_wconf 70' lang='lat' dir='ltr'>amunte</span> <span class='ocrx_word' id='word_1_360' title='bbox 1942 4431 2268 4500; x_wconf 78' lang='lat' dir='ltr'>primereiu.&#39;’</span> <span class='ocrx_word' id='word_1_361' title='bbox 2347 4429 2474 4482; x_wconf 72' lang='lat' dir='ltr'>New</span> 
     </span>
    </p>
   </div>
   <div class='ocr_carea' id='block_1_8' title="bbox 442 4519 2436 4826">
    <p class='ocr_par' dir='ltr' id='par_1_8' title="bbox 444 4519 1888 4590">
     <span class='ocr_line' id='line_1_40' title="bbox 444 4519 1888 4590; baseline -0.006 -14"><span class='ocrx_word' id='word_1_362' title='bbox 444 4528 524 4576; x_wconf 75' lang='lat' dir='ltr'>‘et</span> <span class='ocrx_word' id='word_1_363' title='bbox 544 4524 663 4575; x_wconf 70' lang='lat' dir='ltr'>idun</span> <span class='ocrx_word' id='word_1_364' title='bbox 684 4524 740 4574; x_wconf 86' lang='lat' dir='ltr'>in</span> <span class='ocrx_word' id='word_1_365' title='bbox 761 4524 848 4576; x_wconf 83' lang='lat' dir='ltr'>the</span> <span class='ocrx_word' id='word_1_366' title='bbox 867 4523 1068 4590; x_wconf 80' lang='lat' dir='ltr'>printed</span> <span class='ocrx_word' id='word_1_367' title='bbox 1090 4530 1239 4575; x_wconf 81' lang='lat' dir='ltr'>texts.</span> <span class='ocrx_word' id='word_1_368' title='bbox 1475 4520 1685 4585; x_wconf 78' lang='lat' dir='ltr'>Rymer,</span> <span class='ocrx_word' id='word_1_369' title='bbox 1706 4519 1749 4569; x_wconf 90' lang='lat'>1.</span> <span class='ocrx_word' id='word_1_370' title='bbox 1776 4519 1888 4568; x_wconf 79' lang='lat'><strong>755.</strong></span> 
     </span>
    </p>

    <p class='ocr_par' dir='ltr' id='par_1_9' title="bbox 442 4591 2436 4748">
     <span class='ocr_line' id='line_1_41' title="bbox 444 4591 2436 4670; baseline -0.008 -13"><span class='ocrx_word' id='word_1_371' title='bbox 444 4605 675 4670; x_wconf 67' lang='lat' dir='ltr'>‘justitiis</span> <span class='ocrx_word' id='word_1_372' title='bbox 696 4603 753 4653; x_wconf 87' lang='lat' dir='ltr'>in</span> <span class='ocrx_word' id='word_1_373' title='bbox 774 4604 859 4654; x_wconf 85' lang='lat' dir='ltr'>the</span> <span class='ocrx_word' id='word_1_374' title='bbox 880 4604 1079 4669; x_wconf 79' lang='lat' dir='ltr'>printed</span> <span class='ocrx_word' id='word_1_375' title='bbox 1110 4610 1260 4655; x_wconf 77' lang='lat' dir='ltr'>texts.</span> <span class='ocrx_word' id='word_1_376' title='bbox 1541 4601 1560 4628; x_wconf 76' lang='lat'>²</span> <span class='ocrx_word' id='word_1_377' title='bbox 1574 4595 1862 4650; x_wconf 67' lang='lat' dir='ltr'>Northamb.</span> <span class='ocrx_word' id='word_1_378' title='bbox 1884 4595 1940 4645; x_wconf 88' lang='lat' dir='ltr'>in</span> <span class='ocrx_word' id='word_1_379' title='bbox 1964 4593 2053 4645; x_wconf 82' lang='lat' dir='ltr'>the</span> <span class='ocrx_word' id='word_1_380' title='bbox 2073 4591 2272 4658; x_wconf 66' lang='lat' dir='ltr'>prinwd</span> <span class='ocrx_word' id='word_1_381' title='bbox 2287 4596 2436 4643; x_wconf 82' lang='lat' dir='ltr'>texts.</span> 
     </span>
     <span class='ocr_line' id='line_1_42' title="bbox 442 4672 2373 4748; baseline -0.008 -11"><span class='ocrx_word' id='word_1_382' title='bbox 442 4687 463 4717; x_wconf 80' lang='lat'>⁸</span> <span class='ocrx_word' id='word_1_383' title='bbox 477 4684 702 4737; x_wconf 79' lang='lat' dir='ltr'>Omitted</span> <span class='ocrx_word' id='word_1_384' title='bbox 722 4683 780 4734; x_wconf 87' lang='lat' dir='ltr'>in</span> <span class='ocrx_word' id='word_1_385' title='bbox 795 4684 882 4735; x_wconf 85' lang='lat' dir='ltr'>the</span> <span class='ocrx_word' id='word_1_386' title='bbox 903 4682 1107 4748; x_wconf 84' lang='lat' dir='ltr'>printed</span> <span class='ocrx_word' id='word_1_387' title='bbox 1125 4689 1279 4733; x_wconf 84' lang='lat' dir='ltr'>texts.</span> <span class='ocrx_word' id='word_1_388' title='bbox 1541 4680 1634 4731; x_wconf 72' lang='lat' dir='ltr'>’ex</span> <span class='ocrx_word' id='word_1_389' title='bbox 1645 4684 1796 4744; x_wconf 77' lang='lat' dir='ltr'>parte</span> <span class='ocrx_word' id='word_1_390' title='bbox 1814 4675 1872 4727; x_wconf 87' lang='lat' dir='ltr'>in</span> <span class='ocrx_word' id='word_1_391' title='bbox 1891 4675 1979 4726; x_wconf 84' lang='lat' dir='ltr'>the</span> <span class='ocrx_word' id='word_1_392' title='bbox 1998 4672 2199 4738; x_wconf 81' lang='lat' dir='ltr'>printed</span> <span class='ocrx_word' id='word_1_393' title='bbox 2219 4677 2373 4724; x_wconf 78' lang='lat' dir='ltr'>texts.</span> 
     </span>
    </p>

    <p class='ocr_par' dir='ltr' id='par_1_10' title="bbox 443 4758 1376 4826">
     <span class='ocr_line' id='line_1_43' title="bbox 443 4758 1376 4826; baseline -0.004 -9"><span class='ocrx_word' id='word_1_394' title='bbox 443 4767 464 4795; x_wconf 77' lang='lat'>⁶</span> <span class='ocrx_word' id='word_1_395' title='bbox 474 4768 506 4793; x_wconf 86' lang='lat'>“</span> <span class='ocrx_word' id='word_1_396' title='bbox 518 4763 613 4817; x_wconf 74' lang='lat' dir='ltr'>Fet</span> <span class='ocrx_word' id='word_1_397' title='bbox 624 4771 670 4815; x_wconf 77' lang='lat' dir='ltr'>et</span> <span class='ocrx_word' id='word_1_398' title='bbox 684 4761 805 4814; x_wconf 70' lang='lat' dir='ltr'>done</span> <span class='ocrx_word' id='word_1_399' title='bbox 819 4779 853 4815; x_wconf 83' lang='lat' dir='ltr'>a</span> <span class='ocrx_word' id='word_1_400' title='bbox 866 4761 1106 4826; x_wconf 69' lang='lat' dir='ltr'>Nor-hant,</span> <span class='ocrx_word' id='word_1_401' title='bbox 1119 4760 1163 4813; x_wconf 77' lang='lat' dir='ltr'>le</span> <span class='ocrx_word' id='word_1_402' title='bbox 1178 4758 1376 4813; x_wconf 69' lang='lat' dir='ltr'>Mekor-</span> 
     </span>
    </p>
   </div>
  </div>
 </body>
</html>
