3300 5617
49 971 130 1018 18.
151 974 321 1022 Harl.

49 1030 123 1068 ³5.

50 1065 322 1128 iani-231⁴).

50 1126 115 1176 1.,
132 1139 186 1180 1).
204 1133 321 1174 ³16.

49 1225 329 1321 ἔξω

49 1392 167 1443 ΜΒ.
196 1395 375 1448 Harl.

49 1465 167 1511 555.

49 1526 365 1594 Hemingb.

49 1593 142 1654 Π.,
168 1610 223 1659 p.
253 1601 392 1647 316.

49 1659 186 1709 New
212 1662 340 1727 Ry-

50 1741 189 1788 mer,
216 1729 321 1791 Π.,

54 1811 111 1865 p.
144 1800 309 1849 1086.

1087 792 1415 844 als-roam
1444 791 1864 845 mancam.
2402 785 2522 848 20}

428 973 746 1047 habitoque
775 976 949 1047 juxta
982 976 1286 1033 Coloniam
1333 995 1470 1032 cum
1511 978 1821 1035 Lodowico
1856 977 1930 1033 de
1976 978 2230 1034 Bavaria
2270 979 2533 1046 consilio,
2564 972 2703 1053 AD,-
2727 981 2873 1028 1338.

427 1057 503 1112 de
538 1065 664 1115 toto
702 1060 964 1133 Imperio
1000 1057 1152 1117 citra
1187 1062 1492 1117 Coloniam
1522 1063 1653 1134 ejus
1688 1063 1968 1119 Vicarius
2003 1065 2196 1118 factus
2233 1069 2343 1129 est,
2381 1072 2442 1120 et
2464 1065 2536 1120 de
2565 1041 2722 1157 ξω
2737 1045 2804 1122 .⁰f

428 1144 702 1200 omnibus
741 1146 1071 1218 Imperium
1105 1147 1718 1219 tangentibusvicem
1755 1147 1885 1219 ejus
1923 1165 2156 1219 gerens.
2567 1124 2799 1229 „maffia

501 1225 672 1283 Misit
708 1247 941 1301 quoque
964 1229 1092 1284 Rex
1115 1230 1352 1301 Angliae
1391 1229 1635 1286 Summo
1660 1231 1934 1288 Pontifici
1969 1231 2198 1288 litteras
2227 1230 2331 1303 jus
2367 1250 2542 1287 suum
2567 1192 2779 1297 ὴξιῖιοωε

430 1310 494 1366 in
529 1329 716 1384 regno
755 1312 771 1345 ¹
791 1313 1155 1369 Francorum
1191 1313 1574 1381 declarantes,
1613 1316 1680 1370 in
1711 1315 1869 1372 hunc
1904 1315 2145 1371 modum
2166 1338 2258 1371 :-
2567 1310 2745 1364 Vicat·

504 1393 527 1427 ²
544 1398 582 1422 ‘⁸
608 1397 972 1453 Amabilium
1018 1397 1145 1453 Deo
1194 1399 1457 1463 Patrum,
1502 1405 1886 1455 sacrosanctae
1935 1400 2211 1456 Romanas
2259 1400 2542 1456 Ecclesiae
2570 1419 2711 1473 ΑΛ),
2735 1428 2877 1476 1339.

438 1481 478 1507 “
518 1479 939 1548 cardinalium,
981 1481 1250 1554 Collegio
1285 1483 1635 1549 venerandO,
1676 1483 2019 1550 Edwardus,
2049 1485 2162 1540 Dei
2199 1485 2394 1557 gratia
2416 1485 2543 1539 Rex
2568 1487 2763 1567 Letters
2783 1490 2844 1540 of

440 1567 479 1592 ‘⁶
516 1565 771 1636 Angliae,
818 1566 1104 1622 Dominus
1147 1567 1470 1632 Hiberniam,
1511 1574 1573 1623 et
1607 1568 1746 1622 Dux
1784 1566 2141 1639 Aquitaniae,
2188 1570 2437 1624 salutem
2485 1574 2545 1624 et
2569 1554 2713 1620 Kfflss
2735 1557 2836 1607 Ed·

441 1650 481 1675 “
520 1650 762 1705 sincerae
823 1651 1154 1707 dilectionis
1215 1651 1507 1707 affectum.
1600 1652 1983 1708 Sanctissimo
2041 1652 2228 1718 Patri,
2291 1653 2543 1708 Domino
2568 1623 2709 1737 {ud
2725 1624 2880 1741 malm

439 1734 479 1759 “
522 1731 762 1790 Summo
786 1735 1076 1801 Pontifici,
1116 1740 1251 1807 post
1285 1735 1484 1791 debita
1516 1737 1864 1791 reverentiae
1900 1754 2163 1803 munera,
2193 1738 2540 1809 scripsimus
2570 1704 2854 1819 οὲξςῗῑέἓιε,

438 1818 478 1844 “
516 1816 578 1871 in
637 1817 763 1873 haec
822 1819 1128 1874 verba:—‘
1158 1819 1197 1875 J
1199 1838 1270 1875 us
1330 1826 1556 1876 naturas
1615 1821 1924 1893 praevium,
1989 1821 2211 1892 pariter
2269 1822 2545 1877 animalia
2569 1822 2809 1940 aeffinffim

438 1902 476 1927 “
519 1901 537 1927 ‘
564 1909 774 1957 cuncta
820 1902 1056 1968 docens,
1109 1909 1313 1959 contra
1356 1904 1645 1960 violentas
1700 1904 1947 1974 injurias
2001 1905 2299 1961 licentiam
2346 1905 2543 1961 defen·
2568 1889 2704 2006 f9t¹ith
2767 1891 2780 1903 ⁶

433 1986 474 2012 “
517 1986 533 2012 ‘
560 1986 742 2042 sionis
812 1986 1076 2053 indulsit,
1135 1994 1398 2044 statuens
1444 1988 1863 2044 universaliter
1908 1989 2046 2061 jure
2097 1990 2334 2054 factum,
2388 1992 2544 2062 quod
2569 1962 2754 2075 argu}
2776 1959 2862 2075 ‘¹13⁰

432 2071 472 2096 “
516 2072 531 2097 ‘
560 2070 829 2141 quisque,
893 2071 1016 2128 vim
1075 2071 1471 2145 injuriamque
1531 2074 1901 2145 propulsam,
1966 2092 2134 2129 suam
2193 2075 2403 2131 fecerit
2469 2076 2545 2131 ad
2567 2041 2799 2143 prame?

432 2154 471 2180 “
516 2154 532 2180 ‘
556 2155 867 2210 cautelam.
946 2156 1118 2221 Sane,
1147 2175 1282 2212 cum
1307 2156 1533 2212 dudum
1569 2158 1834 2213 animosa
1868 2175 2221 2229 guerrarum
2257 2159 2539 2230 pericula,

432 2239 471 2264 ‘⁶
515 2238 845 2310 ‘injuriosa
902 2239 1248 2296 damnorum
1320 2240 1683 2307 discrimina,
1757 2242 1928 2297 nobis
1982 2246 2167 2298 mota'
2193 2242 2436 2298 fuerunt
2483 2249 2544 2299 et

432 2323 472 2347 ‘⁴
516 2323 532 2349 ‘
558 2322 740 2388 illata,
769 2341 920 2394 quae,
947 2325 1058 2379 toti
1082 2324 1299 2380 mundo
1321 2325 1569 2390 notoria,
1608 2327 1629 2354 ⁸
1648 2331 1710 2381 et
1732 2331 1936 2381 nostra
1958 2326 2139 2381 etiam
2175 2326 2542 2382 intimatione

432 2408 471 2432 ‘⁶
516 2408 531 2432 ‘
558 2407 854 2478 frequenti
905 2407 1262 2480 Apostolicae
1325 2409 1466 2464 Sedi
1514 2411 1687 2475 facta,
1743 2410 1885 2465 satis
1923 2428 2031 2481 pro
2066 2410 2357 2465 constanti
2406 2428 2541 2481 sup-

432 2491 471 2516 “
515 2493 531 2516 ‘
555 2491 793 2562 ponitur
841 2491 1193 2547 beatitudini
1228 2499 1446 2548 vestroe
1482 2499 1658 2559 nota3
1711 2511 1838 2558 nos,
1890 2511 1992 2548 cor
2039 2494 2323 2549 habentes
2377 2494 2536 2565 paci-

433 2576 472 2601 “
517 2577 532 2602 ‘
559 2575 754 2639 ficum,
803 2577 971 2632 novit
1023 2575 1205 2643 Deus,
1257 2595 1364 2648 pro
1404 2577 1663 2633 vitandis
1725 2578 1846 2633 illis
1901 2583 1963 2633 et
2013 2577 2274 2648 pacificis
2326 2578 2539 2633 subdu-

433 2662 471 2685 “
515 2661 531 2685 ‘
557 2659 776 2724 cendis,
817 2659 1141 2716 obtulimus
1176 2679 1281 2716 nos
1305 2661 1638 2717 voluntarie
1675 2663 2073 2734 persequenti,
2113 2667 2454 2717 reverenter
2481 2673 2543 2718 et

431 2745 471 2770 “
515 2744 531 2770 ‘
554 2743 860 2799 humiliter
895 2745 1047 2800 forte
1081 2745 1280 2811 nimis,
1332 2746 1613 2801 amabiles
1662 2746 1789 2802 vias
1836 2746 2019 2818 pacis,
2070 2764 2187 2801 non
2236 2746 2360 2801 sine
2407 2763 2540 2801 nos-

431 2828 470 2853 “
514 2830 529 2853 ‘
556 2833 783 2883 trorum
818 2845 1033 2899 magno
1061 2827 1291 2899 jurium
1326 2828 1632 2895 interesse,
1675 2835 1761 2895 ut,
1792 2830 2063 2900 neglecta
2096 2830 2116 2861 ⁴
2135 2830 2539 2901 prosecutione

430 2914 470 2938 “
514 2915 529 2938 ‘
555 2911 675 2966 alia
707 2912 1028 2984 cujuslibet
1067 2911 1224 2982 juris
1262 2912 1468 2978 nostri,
1508 2918 1772 2984 tempore
1808 2913 1914 2968 illo
1953 2913 2106 2985 ¹justi
2143 2913 2381 2979 doloriS,
2423 2932 2540 2985 quo

430 2998 470 3022 “
513 2998 528 3023 ‘
553 3002 797 3068 propter
852 3013 1159 3052 accensam
1217 2996 1434 3052 furoris
1498 2997 1740 3053 Soldani
1800 2997 2124 3052 Babiloniae
2177 2998 2421 3063 rabiem,
2480 3004 2541 3054 et

430 3082 469 3106 ‘⁶
513 3082 528 3106 ‘
555 3079 766 3136 Crucis
792 3080 1054 3137 hostium
1087 3081 1357 3146 aliorum,
1383 3099 1455 3136 ex
1485 3099 1664 3137 causa
1687 3081 1874 3153 jurati
1905 3088 2109 3138 contra
2131 3099 2231 3137 eos
2255 3082 2535 3154 passagii,

431 3168 469 3191 ‘⁶
513 3166 528 3191 ‘
555 3170 616 3220 et
649 3165 989 3221 solemniter
1040 3165 1326 3237 publicati
1361 3165 1726 3237 inpartibus
1772 3166 2199 3232 transmarinis,
2247 3167 2536 3238 peribant,

430 3251 469 3275 ‘⁶
512 3251 528 3275 ‘
555 3255 617 3304 et
648 3254 900 3321 pereunt
930 3249 1273 3314 Christiani,
1313 3257 1374 3305 et
1409 3256 1682 3306 crescunt
1716 3249 2050 3305 immaniter
2085 3250 2318 3322 injuriae
2354 3252 2541 3307 cruci-

430 3337 469 3359 “
514 3336 529 3359 ‘
556 3333 674 3397 fixi,
726 3351 1049 3406 possemus,
1109 3334 1262 3389 sicut
1308 3333 1624 3390 ⁶debemus
1675 3339 1737 3389 et
1780 3335 2128 3406 propensius
2176 3334 2536 3401 anhelamuS,

432 3420 471 3443 ‘⁴
514 3420 529 3444 ‘
555 3417 863 3473 intendere
900 3435 1092 3473 causoe
1140 3417 1385 3482 Christi,
1426 3436 1560 3489 quae
1596 3418 1946 3489 negligitur,
1987 3418 2169 3473 immo
2192 3418 2394 3474 verius
2432 3419 2539 3473 im-

431 3503 471 3528 “
513 3503 531 3529 ‘
555 3503 793 3573 ponitur
828 3502 890 3556 in
944 3520 1221 3572 magnam
1273 3502 1592 3572 cujuslibet
1627 3501 2000 3558 Christicolae
2047 3503 2234 3574 regis,
2285 3504 2537 3558 maximo

430 3589 470 3613 ‘⁶
512 3589 528 3612 ‘
554 3586 930 3652 demerentis,
981 3586 1285 3641 infamiam
1332 3591 1393 3641 et
1438 3587 1780 3658 ignominiae
1828 3604 2061 3657 magnae
2115 3593 2331 3642 notam.
2420 3586 2537 3642 Sed

430 3673 470 3697 ‘⁴
513 3672 528 3698 ‘
552 3671 848 3727 nescimus
906 3670 1108 3726 veniat
1142 3688 1258 3742 quo
1316 3679 1575 3742 peccat0,
1641 3671 1798 3742 quod
1857 3670 1931 3726 de
1998 3670 2257 3741 pacificis
2326 3671 2535 3726 oblatis

430 3757 470 3782 “
512 3758 527 3781 ‘
552 3755 877 3820 humiliter,
909 3772 982 3809 ex
1018 3754 1233 3826 quibus
1271 3773 1518 3826 surgere
1555 3755 1760 3811 debuit
1805 3755 1967 3827 pacis
2004 3773 2187 3822 amor,
2226 3756 2292 3810 in
2325 3773 2394 3810 co
2432 3756 2533 3825 qui

430 3841 469 3866 ‘⁶
511 3841 527 3866 ‘
553 3857 659 3895 nos
697 3839 824 3895 sola
857 3839 1160 3894 voluntate
1196 3840 1594 3911 persequitur,
1631 3839 1875 3911 majoris
1911 3839 2230 3896 iracundias
2266 3838 2532 3910 majoris-

429 3927 469 3951 “
511 3928 527 3951 ‘
554 3941 670 3995 que
693 3923 928 3980 duritiae
951 3924 1142 3979 crevit
1172 3928 1389 3979 tumor.
1463 3923 1684 3980 Contra
1704 3941 1811 3979 nos
1834 3929 2031 3980 tamen
2059 3923 2233 3978 illum
2264 3940 2379 3978 non
2402 3940 2534 3994 pro-

429 4010 468 4035 “
509 4011 525 4036 ‘
551 4013 739 4073 vocat,
765 4007 927 4063 ⁶Deo
955 4014 1018 4064 et
1043 4007 1400 4064 conscientia
1426 4012 1626 4065 nostra
1650 4013 1802 4064 teste
1832 4008 2021 4073 nobis,
2049 4006 2288 4078 aliquod
2315 4007 2535 4064 factum

496 4190 509 4219 ¹
533 4186 766 4237 Francia
789 4187 842 4236 in
865 4187 952 4237 the
974 4186 1176 4252 printed
1197 4192 1347 4238 texts.
1521 4187 1750 4252 singular
1770 4186 2089 4251 inaccuracy,
2111 4186 2223 4236 that
2245 4186 2331 4236 the
2350 4185 2461 4236 text
2481 4186 2545 4236 of

492 4268 513 4298 2
534 4267 810 4317 Reference
844 4266 889 4315 is
919 4266 1039 4316 here
1078 4268 1226 4317 made
1253 4266 1309 4314 in
1345 4267 1432 4316 the
1520 4265 1920 4332 Hemingburgh
1956 4265 2060 4315 and
2102 4264 2217 4315 MS.
2253 4264 2399 4316 Harl.
2436 4269 2532 4316 655

430 4345 659 4396 Arundel
705 4344 821 4395 MS.
869 4351 925 4393 to
958 4344 1045 4394 the
1097 4346 1197 4394 end
1235 4344 1298 4394 of
1344 4344 1433 4394 the
1516 4350 1574 4412 (a
1597 4345 1970 4398 continuation
2003 4343 2067 4394 of
2090 4344 2265 4408 Roger
2286 4344 2350 4394 of
2376 4343 2533 4395 Ches-

429 4425 649 4482 volume3
665 4423 835 4472 where
851 4422 938 4472 the
946 4422 1120 4472 Letter
1134 4423 1179 4471 is
1196 4422 1433 4483 inserted,
1519 4428 1622 4491 ter)
1648 4427 1741 4475 has
1758 4425 1886 4474 been
1904 4425 2134 4488 adopted.

428 4506 519 4553 but
537 4503 593 4553 in
623 4517 655 4553 a
677 4502 817 4553 hand
851 4502 915 4553 of
943 4501 1029 4552 the
1059 4501 1179 4551 leth
1209 4507 1434 4566 century.
1587 4509 1608 4537 ³
1629 4522 1691 4556 ex
1711 4510 1895 4565 nostra,
1917 4502 2063 4553 Harl.
2088 4508 2200 4554 655.

428 4583 557 4633 Like
574 4583 659 4633 the
673 4589 797 4644 text,
820 4583 1070 4643 however,
1094 4581 1159 4631 of
1170 4581 1274 4630 this
1290 4581 1438 4632 letter
1591 4588 1609 4616 ⁴
1625 4582 1974 4651 persecutione,
1996 4582 2142 4633 Harl.
2167 4587 2280 4633 655.

430 4661 483 4711 in
511 4662 598 4712 the
618 4661 820 4726 printed
834 4660 1063 4711 vei-siens
1092 4660 1153 4711 of
1176 4659 1437 4725 Walsing-
1588 4666 1609 4694 ⁸
1629 4661 1927 4721 deberemus,
1950 4660 2097 4710 Harl.
2123 4665 2242 4714 655.

432 4741 564 4803 hain,
598 4740 643 4792 it
678 4741 725 4793 is
767 4739 1080 4794 transcribed
1135 4739 1261 4791 with
1313 4740 1439 4792 such
1591 4746 1611 4774 ⁸
1632 4742 1793 4804 Deus,
1814 4741 1959 4792 Harl.
1986 4745 2098 4792 655.
