3300 5617
557 955 695 1008 AD.
721 958 863 1008 1378.

558 1890 838 1954 Recepture

562 1958 623 2006 of
646 1958 731 2007 the
753 1973 859 2007 cas-

561 2025 631 2074 tle
653 2026 723 2089 by
737 2025 823 2074 the

560 2090 683 2140 Esrl
706 2092 766 2141 of

561 2157 831 2207 Nerthum·

558 2224 779 2276 berland.

552 4064 687 4115 Vain
715 4067 869 4121 iuter-

552 4133 758 4184 veutiou
777 4137 838 4187 of

550 4199 637 4250 the
660 4200 779 4252 Earl
801 4204 862 4255 of

550 4266 774 4320 Dunbar.

888 758 1019 823 388
1556 768 1814 822 mom
1857 768 2326 822 vammum

886 959 1022 1013 dam
1058 958 1321 1012 foramen
1354 956 1662 1029 cujusdam
1711 956 1917 1023 imi-ris,
1956 962 2019 1013 et
2051 954 2570 1013 Constabularium
2611 953 2777 1011 dicti
2825 958 3005 1023 castri,
3027 976 3102 1029 gs
3115 980 3157 1035 ῃ

888 1043 1207 1098 Dominum
1240 1041 1563 1096 Bobertum
1610 1040 1686 1096 de
1721 1040 2047 1113 Boyntone,
2098 1040 2350 1096 militem
2404 1046 2751 1105 strenuum,
2804 1040 3009 1096 ibidem
3027 1044 3150 1109 Rezst‘

889 1127 1242 1197 imparatum
1274 1125 1661 1190 invenientes,
1699 1123 2076 1191 occiderunt3
2114 1141 2358 1180 uxorem
2389 1141 2529 1180 vero
2565 1124 2714 1195 ejus
2753 1130 2820 1178 et
2851 1124 3006 1191 filios,
3027 1110 3097 1160 ¹¹2
3088 1129 3126 1161 ²²

894 1227 963 1265 ac
999 1210 1179 1264 etiam
1226 1208 1547 1264 familiares
1606 1208 1774 1273 alios,
1831 1209 1991 1263 exire
2049 1208 2461 1280 permiserunt,
2515 1208 2633 1263 sub
2690 1206 3007 1264 conditione

886 1293 1169 1348 reddendi
1216 1292 1441 1347 eisdem
1492 1292 1641 1348 ¹tria
1675 1292 1866 1347 millia
1910 1309 2244 1348 marcarum
2297 1291 2454 1347 infra
2484 1297 2614 1348 tres
2657 1292 3008 1362 septimanas

890 1382 1225 1449 sequentes,
1252 1377 1351 1432 vel
1386 1376 1553 1442 alias,
1579 1376 1862 1432 reddendi
1899 1394 2104 1432 eorum
2126 1393 2372 1449 corpora
2392 1376 2690 1432 custodiae
2716 1376 3000 1432 carcerali.

892 1460 1120 1516 Deinde
1178 1461 1242 1516 in
1294 1461 1569 1526 crastino,
1619 1460 1779 1516 idem
1825 1461 2179 1533 vespiliones
2229 1465 2527 1525 exeuntem
2584 1460 2856 1532 pata-iam
2891 1478 3005 1516 con·

892 1545 1207 1600 terminam
1276 1549 1685 1616 pervagantes,
1745 1563 1884 1600 oves
1949 1550 2012 1600 et
2079 1545 2279 1609 boves,
2342 1550 2404 1600 et
2471 1544 2711 1599 diversi
2786 1546 3002 1615 generis

892 1628 1169 1684 animalia
1202 1634 1543 1700 rapuerunt,
1594 1634 1657 1684 et
1691 1628 1767 1684 ad
1801 1634 2062 1684 castrum
2113 1646 2223 1700 pro
2257 1644 2461 1683 eorum
2507 1630 2684 1684 victu
2735 1628 3001 1700 perduxe-

896 1718 1055 1769 runt.
1128 1712 1488 1785 Sperabatur
1511 1718 1708 1768 autem
1745 1730 1782 1767 a
1814 1713 2040 1778 multis,
2081 1712 2239 1783 quod
2272 1713 2400 1768 haec
2421 1713 2669 1768 ²omnia,
2703 1712 2866 1768 facta
2885 1718 3004 1768 sunt

897 1796 1142 1852 consilio
1169 1804 1232 1853 et
1266 1796 1467 1853 favore
1501 1813 1814 1868 procerum
1847 1797 2023 1868 regni
2061 1796 2388 1852 Scotorum.

969 1880 1108 1936 Hiis
1159 1880 1395 1946 auditis,
1449 1880 1736 1936 Dominus
1774 1880 1986 1937 Comes
2034 1881 2575 1937 Northumbrorum
2629 1879 2896 1936 animose
2936 1879 2998 1934 ad

900 1964 1283 2020 obsidendum
1329 1964 1516 2020 dictos
1550 1964 1955 2020 malefactores
1991 1964 2245 2031 advolat,
2298 1970 2358 2021 et
2391 1966 2618 2037 absque
2655 1981 2841 2031 mora,
2877 1962 2996 2018 adu·

899 2050 1054 2105 natis
1109 2049 1278 2121 quasi
1315 2048 1761 2120 quadringentis
1798 2050 2060 2114 armatis,
2099 2049 2388 2105 insultum
2423 2049 2569 2105 facit
2605 2048 2688 2104 ad
2737 2054 2992 2111 castrum,

900 2131 923 2164 ⁸
940 2132 1239 2188 deterrens
1298 2132 1557 2188 inclusos
1615 2133 1860 2204 insuper
1905 2151 2043 2188 cum
2100 2134 2376 2204 petrariis
2427 2139 2487 2189 et
2538 2133 2680 2189 aliis
2732 2132 2994 2187 machinis

904 2215 1131 2271 bellicis
1168 2233 1273 2287 per
1307 2215 1546 2286 longam
1580 2233 1824 2271 moram.
1901 2216 2306 2272 Collocaverat
2339 2222 2536 2272 autem
2587 2217 2753 2271 idem
2809 2215 2992 2271 Comes

902 2301 1284 2371 semetipsum
1307 2306 1369 2355 et
1401 2299 1589 2354 filium
1613 2316 1787 2355 suum
1810 2300 2271 2372 primogenitum
2294 2300 2643 2364 Hem-icum,
2688 2299 2794 2370 qui
2827 2299 2993 2371 primo

895 2388 1037 2438 tunc
1099 2400 1272 2438 suum
1329 2382 1613 2437 vexillum
1667 2383 1989 2455 displicuit,
2053 2383 2129 2439 ad
2197 2401 2474 2455 magnam
2531 2388 2770 2455 portam
2827 2383 2988 2453 ipsius

892 2466 1159 2533 castelli;
1199 2466 1515 2521 Dominum
1539 2483 1684 2523 vero
1719 2466 1978 2523 Alanum
2013 2466 2086 2522 de
2123 2468 2343 2533 Heton‚
2375 2486 2509 2523 cum
2547 2468 2699 2532 suis,
2730 2465 2806 2521 ad
2837 2466 2988 2520 aliam

888 2556 1135 2622 partem,
1176 2550 1493 2605 Dominum
1540 2550 1825 2606 'rhomam
1873 2551 1947 2606 de
1983 2550 2265 2617 Ilderton,
2314 2569 2450 2607 cum
2499 2552 2650 2617 suis,
2708 2549 2786 2606 ad
2834 2549 2985 2604 aliem

887 2640 1134 2706 partem,
1193 2639 1255 2690 et
1309 2635 1619 2690 universos
1679 2634 1754 2689 de
1815 2635 2041 2691 familia
2097 2636 2172 2691 de
2243 2635 2514 2692 Hei-ones
2588 2635 2669 2691 ad
2742 2638 2984 2705 quartam

887 2724 1152 2790 partem;
1227 2722 1289 2773 et
1352 2716 1644 2788 adjutorio
1716 2718 2014 2774 Altissimi
2085 2718 2375 2786 invocato,
2448 2718 2747 2775 insultum
2814 2717 2982 2772 facere

888 2801 1261 2866 unanimiter,
1308 2801 1562 2873 quilibet
1584 2801 1647 2856 in
1684 2819 1793 2857 sua
1825 2802 2113 2868 custodia,
2134 2810 2338 2859 contra
2359 2820 2579 2859 muros.
2658 2801 2788 2857 Nec
2820 2799 2984 2855 defuit

890 2885 1134 2941 inclusis
1188 2886 1438 2951 animus,
1499 2886 1642 2958 quin
1703 2885 1939 2943 fortiter
1988 2892 2052 2943 et
2097 2887 2354 2943 viriliter
2387 2887 2753 2959 repellerent
2783 2883 2982 2955 Anglos

889 2969 1227 3025 insistentes
1277 2974 1480 3024 eontra
1534 2986 1654 3034 eos,
1712 2975 1775 3025 et
1823 2976 2093 3026 arcerent
2141 2988 2242 3026 eos
2293 2972 2368 3026 ab
2415 2971 2698 3042 ingressu
2757 2967 2979 3039 amplius

890 3069 1068 3122 quam
1124 3069 1232 3124 per
1289 3051 1435 3107 duas
1493 3052 1688 3107 horas.
1764 3052 2045 3117 Tandem,
2108 3059 2244 3125 post
2301 3071 2585 3125 magnum
2647 3053 2980 3123 longumque

889 3135 1244 3202 conflictum,
1298 3136 1533 3191 fortuna
1580 3137 1944 3193 nostratibus
1980 3136 2296 3204 arridente,
2337 3144 2574 3209 captum
2612 3143 2710 3193 est
2748 3142 2976 3192 castr-um

887 3219 1236 3276 miraculose
1279 3219 1536 3291 quidem,
1592 3238 1778 3291 quum
1814 3238 2035 3287 omnes,
2092 3239 2239 3293 quos
2289 3221 2545 3277 diximus
2579 3224 2602 3252 ⁸
2619 3220 2898 3277 resedisse
2927 3218 2976 3270 in

888 3301 1142 3359 circuitu
1200 3302 1351 3375 ejus,
1393 3303 1636 3359 Domini
1693 3304 1874 3360 simul
1938 3309 1999 3360 et
2058 3305 2240 3362 semel
2303 3306 2696 3369 intraverunt,
2759 3301 2976 3374 quilibet

886 3385 1164 3442 videlicet
1195 3387 1260 3441 in
1295 3404 1365 3443 ea
1398 3394 1565 3460 parte
1601 3405 1780 3459 quam
1827 3395 2064 3460 ceperat
2098 3389 2563 3461 expugnandam.
2637 3388 2828 3445 Occisi
2861 3388 2974 3440 sunt

887 3486 958 3523 ex
990 3469 1261 3541 Anglicis
1299 3477 1527 3527 tantum
1564 3471 1700 3537 duo,
1741 3478 1802 3527 et
1835 3472 2079 3543 plurimi
2114 3472 2431 3529 vulnerati.
2505 3473 2596 3528 Ex
2637 3471 2824 3528 Scotis
2857 3483 2973 3523 vero

885 3552 960 3607 ad
992 3571 1303 3609 numerum
1341 3555 1734 3627 quadraginta
1768 3560 1831 3611 et
1865 3560 1995 3612 octo
2031 3556 2270 3613 contriti
2320 3562 2475 3622 sunt,
2517 3555 2830 3628 gladioque
2861 3569 2972 3607 eon·

888 3637 1125 3709 sumpti,
1167 3654 1284 3693 uno
1333 3638 1736 3694 tantummodo
1789 3638 1866 3694 ad
1914 3639 2099 3695 vitam
2146 3646 2465 3707 reservato,
2529 3641 2636 3711 qui
2697 3638 2972 3695 Scotorum

885 3721 1130 3776 consilia
1164 3721 1422 3777 ediceret
1458 3728 1673 3778 nostres
1710 3724 1911 3793 genti:
1954 3723 2158 3794 sicque
2191 3724 2450 3796 operarii
2486 3722 2812 3795 iniquitatis
2844 3718 2966 3774 oeci·

888 3803 1119 3870 derunt,
1158 3806 1391 3861 favente
1428 3806 1573 3872 Deo,
1612 3806 1678 3861 in
1713 3808 1945 3863 foveam
1981 3824 2160 3878 quam
2196 3808 2480 3874 fecerunt,
2521 3813 2583 3862 et
2617 3824 2764 3878 pene
2799 3818 2968 3859 omnes

888 3888 1295 3944 malefactores
1348 3888 1630 3945 Marchiae
1668 3891 1904 3946 contriti
1957 3896 2098 3947 sunt
2144 3891 2422 3962 superbia
2457 3909 2566 3947 sua
2599 3895 2848 3963 repente,
2883 3882 2965 3955 qui

888 3972 1175 4045 putabant
1214 3990 1286 4028 ex
1318 3974 1430 4029 hoe
1466 3991 1581 4029 uno
1618 3991 1897 4029 successu
1931 3968 2146 4045 Anglis
2184 3974 2594 4031 exterminium
2631 3975 2922 4043 irrogasse.

962 4056 1114 4112 Cum
1171 4058 1378 4129 utique
1437 4057 1629 4129 primo
1687 4074 1895 4113 eorum
1968 4057 2223 4130 irruptio
2280 4059 2345 4114 in
2409 4058 2636 4115 dictum
2694 4053 2962 4113 castellum

893 4139 1109 4197 Gomiti
1142 4141 1678 4198 Nerthumbrorum
1711 4141 1990 4198 nunciata
2023 4142 2253 4210 fuisset,
2291 4142 2460 4199 misit
2494 4142 2570 4198 ad
2605 4140 2878 4199 Oomitem
2904 4134 2963 4189 de

892 4224 1219 4292 Dunbarre,
1283 4226 1387 4297 qui
1436 4232 1530 4283 est
1577 4226 1793 4283 Custos
1852 4224 2134 4282 Marchiae
2183 4244 2255 4283 ex
2313 4230 2480 4298 parte
2529 4226 2847 4289 Scotorum,
2891 4220 2961 4275 in·

952 4462 967 4492 ¹
992 4461 1086 4511 duo
1108 4463 1161 4511 iu
1183 4462 1269 4513 the
1289 4464 1489 4527 printed
1508 4472 1655 4516 texts.
2067 4465 2263 4529 ⁴secoee
2284 4464 2338 4513 in
2360 4464 2445 4514 the
2466 4464 2666 4530 printed
2685 4468 2820 4513 texts.

948 4543 969 4572 ²
989 4542 1147 4591 omnia
1157 4543 1431 4593 omittedin
1447 4544 1738 4608 theprinted
1752 4551 1901 4596 texts.
2069 4545 2090 4572 ⁵
2110 4542 2373 4593 reddidisse
2415 4543 2470 4591 in
2516 4543 2642 4608 orig.
2669 4563 2684 4603 ς
2736 4533 2956 4592 corrected

948 4620 968 4648 ⁸
989 4618 1197 4668 deterius
1218 4621 1271 4669 in
1296 4620 1453 4689 orig.;
1487 4625 1743 4674 corrected
1773 4623 1904 4674 stom
2005 4621 2134 4673 from
2158 4622 2243 4673 the
2265 4622 2464 4688 printed
2484 4630 2632 4673 texts.

882 4697 968 4748 the
990 4698 1189 4761 printed
1210 4706 1359 4751 texts-
