3300 5617
829 774 960 838 448
1501 789 1763 838 ‘mom
1811 787 2277 838 wmmcmu

481 985 796 1037 A.D.1380.
821 972 937 1029 hiis
993 973 1095 1045 qui
1132 980 1273 1030 tunc
1323 973 1584 1040 aderant,
1638 974 1783 1031 satis
1852 974 2164 1031 manifeste
2218 973 2540 1032 convictus.
2634 972 3183 1046 Praecepitusnffl

478 1064 567 1115 An
591 1080 775 1117 encou-
822 1075 957 1112 eum
981 1058 1117 1113 Dux
1139 1057 1406 1122 arestari,
1444 1062 1508 1115 et
1539 1057 1604 1113 in
1626 1057 1871 1115 castello
1895 1058 2280 1115 Dunelmensi
2303 1060 2529 1115 servari
2551 1080 2567 1125 ;
2608 1057 2627 1091 ¹
2646 1058 2939 1113 reversis-
2959 1041 3157 1158 {23¹⁸

479 1133 664 1197 raging
730 1198 741 1211 ‚
821 1160 936 1214 que
970 1142 1046 1198 ad
1079 1142 1325 1215 Regem,
1381 1160 1529 1214 quos
1577 1142 1833 1199 diximus
1886 1143 2000 1199 hac
2050 1142 2125 1199 de
2174 1160 2353 1199 causa
2404 1141 2633 1199 Ducem
2680 1148 2933 1215 petisse.

477 1215 775 1316 Ξξῗῖἕὲἰξὲ
817 1227 1000 1282 missa
1035 1232 1174 1282 sunt
1212 1227 1288 1282 ad
1326 1244 1462 1282 eum
1498 1227 1683 1283 verba
1718 1226 2124 1292 consolatoria,
2168 1226 2505 1282 mandantis.
2546 1244 2625 1281 ne
2659 1226 2937 1282 concide-

477 1356 523 1405 Β
650 1356 701 1406 h.
736 1303 791 1405 h'
817 1315 910 1366 ret
943 1311 1006 1364 in
1043 1311 1154 1366 hoc
1191 1329 1331 1367 casu
1373 1311 1574 1367 vultus
1616 1310 1768 1383 ejus,
1814 1311 1920 1366 sed
1957 1317 2117 1367 esset
2152 1311 2291 1367 forti
2333 1311 2546 1375 anim0,
2586 1311 2781 1366 sciens
2816 1329 2934 1382 pro

477 1371 735 1473 thzrffussg
815 1400 977 1449 certo
1012 1411 1076 1449 se
1111 1395 1277 1450 nulla
1309 1395 1522 1450 damna
1555 1412 1871 1467 passurum
1905 1413 2014 1467 pro
2051 1395 2392 1467 proemissis.
2466 1394 2638 1449 Unde
2672 1412 2830 1459 mox,
2859 1400 2935 1448 ut

475 1490 537 1539 of
563 1491 792 1539 Laneus-
813 1478 958 1533 talia
1005 1478 1165 1550 plebi
1203 1479 1368 1535 fuere
1404 1480 1658 1551 cognita,
1700 1484 1904 1535 contra
1943 1479 2171 1535 Ducem
2208 1479 2397 1535 multa
2432 1479 2705 1535 dixerunt
2740 1478 2933 1533 verba

475 1562 551 1606 ¹2¹·
570 1556 615 1606 5⁸
815 1562 1025 1618 acerba
1084 1563 1258 1634 plena
1319 1564 1688 1620 contumelia.
1806 1563 1924 1620 Sed
2019 1564 2274 1636 qualiter
2342 1563 2501 1619 idem
2572 1562 2929 1635 Radulphus

476 1623 735 1673 ‘'cumred·
814 1647 1084 1713 evaserit,
1125 1663 1392 1718 sequens,
1433 1647 1590 1721 quod
1629 1646 1955 1720 scripturus
1988 1665 2139 1713 sum,
2181 1646 2639 1702 Parliamentum
2663 1647 2928 1702 declara·

808 1730 914 1786 bit.
986 1730 1156 1785 Idem
1191 1730 1538 1804 Radulphus
1575 1728 1650 1787 de
1684 1732 1976 1788 Fen-ariis
2010 1730 2154 1804 ²per
2189 1732 2450 1787 Barones
2489 1736 2757 1803 quatuor,
2811 1732 2921 1802 qui

811 1814 1205 1871 Parliamento
1252 1816 1516 1887 proximo
1564 1815 1906 1881 interfuere,
1961 1822 2347 1888 manucaptus
2399 1821 2509 1882 est,
2573 1815 2757 1872 donee
2806 1833 2923 1888 per

809 1898 1001 1970 magis
1037 1898 1334 1956 evidentes
1373 1900 1627 1957 rationes
1668 1917 1835 1957 suam
1873 1900 2263 1958 innocentiam
2295 1900 2665 1956 declarasset.

1309 2088 1537 2177 Comws
1578 2088 1825 2158 Sancti
1860 2087 2086 2157 Pauli
2130 2087 2422 2176 ejicitur.

475 2213 589 2265 The
611 2214 780 2267 Count
885 2208 1093 2265 Comes
1156 2209 1355 2265 Sancti
1415 2210 1588 2266 Pauli
1646 2211 2078 2278 walbi-annue,
2146 2211 2248 2283 qui
2308 2229 2445 2266 cum
2499 2211 2748 2282 conjuge
2806 2227 2917 2266 sua

478 2282 541 2331 de
564 2282 709 2362 saint
816 2291 857 2347 J
857 2292 1084 2348 ohanna
1118 2292 1469 2366 courtenay,
1528 2311 1724 2350 sorore
1766 2295 2006 2351 Domini
2056 2295 2241 2367 Regis
2276 2294 2530 2366 Angliae,
2569 2295 2743 2366 paulo
2778 2301 2915 2350 ante

474 2349 701 2479 ξέἐέωγ
815 2393 1087 2447 egressus
1124 2383 1217 2434 est
1250 2377 1323 2433 de
1358 2385 1535 2443 terra,
1562 2379 1680 2444 vel,
1718 2384 1786 2434 ut
1819 2379 2019 2436 verius
2068 2379 2371 2444 asseritur,
2413 2379 2687 2450 expulsus
2724 2385 2815 2434 est
2850 2380 2913 2433 in

472 2482 701 2547 expelled
812 2462 1108 2532 propriam
1159 2461 1461 2533 regionem
1514 2469 1756 2534 propter
1790 2480 1898 2519 sua
1930 2464 2207 2530 facinora,
2248 2464 2375 2519 sine
2411 2463 2661 2535 strepitu
2692 2470 2910 2527 tamen,

475 2548 604 2597 from
627 2549 766 2615 Eng-
811 2563 885 2601 ne
942 2563 1192 2618 persona
1249 2547 1420 2618 regia
1477 2548 1850 2603 dehonestari
1923 2549 2214 2620 potuisset
2268 2565 2377 2619 per
2435 2564 2571 2603 eum
2627 2549 2731 2618 qui
2790 2555 2913 2603 tam

472 2615 607 2666 ¹⁸¹¹d·
807 2630 829 2663 ³
844 2636 973 2686 arta
1002 2631 1280 2686 affinitate
1316 2631 1507 2687 eidem
1539 2631 1882 2702 conjunctus
1912 2633 2138 2698 fuerat;
2198 2649 2333 2688 mox
2357 2637 2428 2687 ut
2455 2649 2649 2687 aerem
2677 2633 2917 2687 aua-axii.

810 2715 1131 2787 proprium,
1184 2732 1348 2770 more
1399 2716 1594 2786 gentis
1646 2734 1789 2782 suae,
1845 2717 2093 2788 prodere
2138 2715 2329 2772 voluit
2363 2733 2426 2773 se
2454 2735 2579 2785 ,nou
2622 2733 2692 2770 ex
2740 2715 2915 2771 corde

812 2816 949 2854 cum
1009 2798 1284 2870 Anglicis
1321 2800 1674 2865 ambulasse,
1730 2799 1838 2855 sed
1871 2800 2006 2856 ficte
2056 2801 2251 2872 potius
2304 2806 2366 2859 et
2416 2799 2632 2855 dolose.
2691 2798 2921 2854 Revera

812 2886 983 2934 nacta
1028 2897 1162 2934 mox
1209 2880 1661 2951 opportunitate,
1729 2885 1800 2935 ut
1854 2881 2128 2952 pervenit
2175 2878 2251 2934 ad
2302 2880 2558 2951 propria,
2614 2886 2915 2949 magnates

472 2970 555 3022 He
570 2969 709 3033 joins
812 2962 1172 3018 Francorum
1208 2963 1372 3028 adiit,
1419 2963 1519 3035 qui
1554 2980 1706 3019 novo
1742 2963 1896 3034 Regi
1933 2965 2266 3029 astiterunt,
2292 2963 2416 3018 filio
2451 2962 2677 3018 scilicet
2710 2962 2911 3016 Kar-oli

471 3037 558 3087 ²¹10
579 3037 722 3103 15¹²ss
736 3037 800 3087 ⁰f
814 3047 1154 3119 supradicti,
1206 3047 1310 3120 qui
1363 3046 1491 3119 ejus
1540 3048 1781 3118 negotia
1829 3047 1983 3118 Regi
2037 3046 2339 3119 Regisque
2376 3046 2637 3103 Consilio
2686 3063 2912 3117 promo·

473 3104 790 3222 {3¹3⁸er
813 3136 1048 3187 vex-ent:
1111 3147 1220 3186 nec
1278 3148 1462 3196 mora,
1524 3137 1829 3203 gratanter
1889 3132 1964 3188 ab
2016 3131 2310 3187 universis
2368 3130 2681 3193 admissae,
2731 3129 2912 3200 Regis

472 3236 745 3289 chmber.
815 3214 1187 3272 Camerarius
1241 3220 1333 3270 est
1379 3214 1640 3280 effectus,
1699 3216 2006 3286 factusque
2061 3221 2152 3271 est
2203 3214 2574 3271 adversarius
2622 3214 2910 3286 publicus,

476 3303 596 3353 lain.
813 3298 900 3355 ita
933 3306 1002 3357 ut
1035 3299 1261 3357 cunctis
1296 3305 1594 3359 constaret
1626 3299 1856 3370 Anglcs
1893 3317 1964 3355 ex
2000 3317 2069 3355 eo
2105 3299 2323 3356 fovisse
2358 3298 2379 3331 ⁴
2396 3298 2697 3354 cocticum.

1317 3481 1781 3549 Flandremes
1817 3481 2109 3569 faciant
2158 3501 2407 3569 pacem.

475 3621 587 3674 'I'he
609 3623 786 3687 people
881 3612 1270 3669 Flandrenses
1305 3612 1582 3669 videlicet
1630 3612 1705 3668 de
1760 3611 2039 3668 Gandavo
2098 3617 2233 3684 post
2281 3612 2472 3666 multa
2519 3628 2588 3666 ac
2638 3609 2910 3665 damnosa

471 3689 534 3738 ⁰f
547 3689 722 3740 Ghent
810 3697 1026 3768 litigia,
1063 3702 1198 3769 post
1243 3696 1532 3752 diutinam
1583 3696 1962 3762 obsidionem,
2013 3696 2121 3752 sed
2164 3696 2416 3761 inanem,
2453 3701 2589 3767 post
2622 3694 2805 3749 caedes
2840 3711 2908 3748 ao

471 3757 626 3871 “¹2¹2ss
657 3823 740 3871 for
810 3788 1029 3837 mortes
1086 3781 1300 3853 quibus
1359 3782 1380 3811 ⁸
1399 3780 1596 3836 affecti
1654 3786 1809 3845 sunt,
1862 3788 1924 3836 et
1977 3780 2263 3852 patriotas
2321 3797 2395 3835 ex
2446 3785 2613 3850 parte
2668 3778 2908 3833 Comitis

470 3837 647 3948 xime:
662 3889 785 3939 with
811 3865 1146 3932 affecerunt,
1188 3865 1402 3938 quibus
1438 3871 1500 3921 et
1535 3865 1899 3938 superiorem
1937 3882 2177 3920 manum
2211 3864 2484 3919 continue
2517 3869 2904 3934 reportarunt,

471 3953 556 4003 the
581 3954 746 4005 Count
808 3950 872 4005 id
909 3949 1138 4007 comite
1172 3949 1505 4022 postulante
1552 3955 1613 4005 et
1660 3948 2022 4005 obsidionem
2070 3947 2446 4013 dissolvente,
2483 3964 2688 4019 pacem
2722 3947 2908 4001 fecere

470 4020 697 4141 gig-¹⁸¹²·
811 4050 947 4090 cum
982 4035 1219 4102 eodem3
1260 4034 1364 4090 sed
1400 4033 1627 4090 modico
1664 4040 1927 4105 tempore
1963 4032 2354 4091 duraturam.⁶

1974 4362 1989 4391 ⁴
2012 4370 2273 4428 serpentem
2295 4360 2348 4411 in
2371 4360 2458 4411 the
2479 4359 2682 4425 printed
2702 4350 2846 4410 texis.

1971 4442 1990 4470 ³
2014 4441 2177 4508 effecti
2207 4441 2260 4490 in
2295 4440 2456 4505 orig.;
2491 4441 2746 4490 corrected
2778 4440 2901 4488 stom

1903 4520 1992 4571 the
2014 4520 2218 4585 printed
2238 4525 2389 4570 texts.

1969 4601 1989 4628 ⁸
2012 4599 2289 4664 Apassage
2304 4599 2360 4649 in
2377 4597 2515 4649 Bibl.
2533 4599 2661 4664 Reg.
2681 4597 2811 4649 131³.
2829 4598 2901 4647 ix.

1903 4679 1948 4729 is
1970 4679 2179 4729 omitted
2201 4677 2336 4729 here.

880 4366 892 4396 ¹
917 4382 1226 4431 reversusque
1260 4365 1315 4414 in
1352 4364 1479 4430 orig.
1496 4384 1509 4423 ς
1559 4364 1813 4414 corrected

808 4446 940 4496 from
955 4446 1044 4495 the
1060 4445 1258 4510 printed
1281 4450 1430 4495 texts.

873 4525 895 4555 ²
916 4530 963 4574 et
986 4523 1042 4574 in
1059 4523 1187 4588 orig.
1206 4525 1307 4575 and
1326 4523 1414 4574 the
1436 4522 1638 4587 printed
1660 4528 1812 4572 texts.

809 4603 1080 4654 Corrected
1099 4603 1230 4652 from
1251 4601 1389 4654 Bibl.
1411 4602 1538 4667 Reg.
1567 4606 1627 4650 13
1651 4601 1713 4651 E.
1736 4600 1810 4651 ix.

876 4683 897 4712 ³
916 4688 1031 4731 ante
1066 4681 1123 4731 in
1182 4680 1343 4746 orig.;
1395 4682 1650 4732 corrected
1685 4680 1811 4732 stom

807 4762 894 4812 the
915 4760 1121 4825 printed
1137 4767 1284 4811 texts.
