3300 5617
1030 806 1358 859 msronu
1402 803 1815 857 ANGchNA.
2352 792 2479 866 4³79

110 1016 125 1030 .
151 981 318 1039 Bibl.
384 983 755 1058 computatis,
801 983 1102 1049 debuerat,
1153 982 1259 1041 sed
1300 981 1397 1038 cui
1443 981 1808 1039 debebantur
1869 986 2105 1039 centum
2152 998 2365 1043 marcae
2411 985 2486 1040 de
2512 996 2648 1048 AD,
2670 998 2814 1047 1381.

110 1062 139 1123 ς.
175 1055 248 1101 13

110 1132 181 1169 lx.

383 1068 653 1125 terminis
705 1068 920 1141 quibus
956 1067 1267 1140 occupavit
1299 1066 1628 1125 manerium
1677 1066 2114 1139 supradictum3
2167 1067 2323 1123 velle
2372 1068 2485 1123 sibi

384 1153 656 1209 satisfieri
685 1153 812 1225 jam
835 1154 908 1209 de
933 1153 1177 1226 praefata
1211 1169 1458 1219 summa,
1496 1152 1638 1224 quia
1671 1157 1904 1225 tempus
1943 1169 2072 1213 eam
2106 1153 2487 1224 recuperandi

384 1237 679 1304 arriserat,
741 1238 839 1293 vel
886 1243 1046 1293 certe
1092 1236 1378 1310 praedicta
1434 1238 1566 1293 loca
1624 1235 1642 1270 ¹
1659 1236 1799 1292 dare
1847 1236 2115 1292 flammis.
2216 1237 2489 1293 Habebat

384 1339 654 1394 namque,
705 1328 774 1379 ut
819 1322 1087 1388 asseruit,
1133 1323 1249 1378 duo
1288 1322 1477 1379 millia
1514 1321 1911 1378 communium
1950 1339 2130 1395 prope
2171 1322 2316 1389 loca,
2364 1322 2486 1393 qui,

386 1406 502 1462 nisi
541 1405 740 1463 Abbas
782 1406 957 1463 citius
1000 1407 1383 1473 satisfaceret,
1428 1404 1734 1463 adustione
1775 1405 2036 1461 locorum
2076 1404 2204 1477 ejus
2242 1406 2488 1477 injurias

385 1491 725 1548 vindicaret.
801 1490 958 1562 Quid
992 1491 1222 1548 multa?
1279 1491 1465 1548 Nulla
1510 1491 1572 1547 in
1618 1491 1800 1548 tantis
1841 1490 2174 1547 turbinibus
2214 1490 2331 1546 alia
2367 1508 2487 1546 res-

383 1576 546 1632 tabat
598 1576 713 1640 via,
764 1576 883 1632 nisi
929 1583 998 1631 ut
1041 1575 1241 1632 Abbas
1290 1576 1657 1632 satisfaceret
1703 1592 1824 1631 suae
1884 1575 2153 1646 petitioni
2214 1572 2487 1631 ²fraudu-

382 1661 587 1726 lentoe3
645 1665 841 1716 tamen
878 1660 1147 1732 pulsatus
1183 1659 1448 1717 ribaldus
1488 1660 1811 1716 multorum
1849 1659 2122 1731 precibus
2147 1659 2219 1715 de
2255 1665 2488 1716 centum

381 1745 597 1802 marcis
636 1745 863 1818 recepit
900 1745 1116 1816 viginti
1152 1745 1353 1810 libras,
1405 1750 1467 1802 et
1507 1745 1687 1812 abiit;
1738 1745 1946 1816 jurans
1995 1761 2059 1800 se
2095 1744 2271 1800 malle
2310 1763 2487 1816 quam

381 1835 566 1887 totam
642 1829 806 1885 illam
875 1830 1183 1902 pecuniam
1247 1829 1476 1885 Prioris
1539 1829 1758 1885 habere
1824 1846 2151 1902 personam,
2215 1834 2285 1884 ut
2349 1848 2484 1885 suas

382 1915 629 1987 injurias
689 1915 753 1969 in
818 1914 947 1986 ejus
1024 1914 1215 1986 capite
1279 1914 1508 1970 valeret
1569 1913 1813 1979 ulcisci3
1895 1914 1998 1985 qui
2061 1913 2210 1969 nihil
2280 1914 2484 1986 utique

382 2017 640 2072 unquam
687 1999 800 2056 sibi
846 1999 1162 2070 injuriatus
1224 1998 1434 2063 fuerat,
1509 1997 1613 2055 sed
1658 1998 1854 2071 potius
1920 2015 2057 2053 eum
2119 1999 2366 2063 foverat,
2420 2006 2482 2053 et

378 2086 441 2141 in
488 2085 692 2140 multis
738 2084 1064 2155 adjuverat,
1118 2083 1301 2139 donee
1367 2084 1554 2141 sensit
1599 2088 1800 2155 aperte
1848 2081 2047 2155 ipsum
2098 2083 2282 2137 fuisse
2325 2083 2483 2137 dam-

382 2187 589 2225 nosum
650 2168 1026 2234 MonasteriO,
1093 2174 1155 2224 et
1217 2168 1489 2224 inutilem
1551 2168 1892 2224 debitorem.
1991 2167 2129 2222 Hiis
2176 2174 2238 2222 et
2282 2168 2485 2222 multis

384 2253 675 2310 similibus
710 2253 958 2320 damnis,
999 2253 1256 2325 injuriis,
1297 2258 1359 2310 et
1411 2253 1757 2321 terroribus,
1805 2255 1826 2284 ⁸
1841 2252 2241 2310 afficiebantur
2286 2251 2484 2309 Abbas

385 2345 445 2395 et
481 2339 749 2394 monachi
789 2355 859 2395 eo
896 2338 1010 2395 die.

637 2539 1191 2608 Tumultwmmr
1248 2537 1529 2608 Villam&
1573 2539 1656 2607 de
1700 2539 1948 2608 Saowto
1993 2537 2056 2606 A
2069 2537 2283 2606 Zbaww.

454 2669 819 2726 Pertransita
867 2676 1036 2726 nocte
1071 2670 1362 2734 moeroris,
1403 2670 1466 2725 in
1503 2687 1621 2741 qna
1659 2670 1930 2726 monachi
1966 2669 2271 2725 constituti
2318 2669 2483 2725 fuere
2508 2672 2662 2725 News
2688 2674 2749 2722 of

386 2756 448 2810 in
494 2755 751 2810 maxima
783 2754 1187 2827 perplexitate,
1229 2753 1373 2825 quid
1408 2754 1703 2825 agendum
1753 2755 1907 2811 foret
1941 2771 2011 2810 eo
2045 2755 2141 2810 die
2176 2754 2251 2810 de
2286 2754 2482 2810 condi·
2506 2740 2594 2791 ²¹10
2616 2739 2763 2790 death

385 2840 541 2896 tione
587 2840 887 2912 proposita
932 2857 1041 2911 per
1074 2838 1345 2904 villanos,
1399 2839 1514 2894 nisi
1565 2839 1773 2895 charta
1816 2838 2165 2895 redderetur
2200 2856 2332 2910 qum
2367 2856 2483 2894 non
2504 2807 2776 2939 {multer

384 2930 583 2999 posset
620 2924 891 2997 reperiri,
923 2924 944 2956 ⁴
962 2929 1023 2981 et
1081 2925 1144 2980 in
1192 2942 1309 2996 qna
1365 2923 1386 2956 ⁵
1402 2924 1524 2979 fere
1584 2923 1782 2981 cuncti
1829 2923 2139 2979 consilium
2186 2922 2207 2955 ⁸
2224 2924 2484 2981 fecerant
2506 2941 2709 2992 reaches

387 3007 669 3079 fugiendi,
722 3013 961 3079 propter
996 3007 1283 3063 malitiam
1318 3008 1692 3073 villanorum,
1748 3009 1850 3081 qm‘
1888 3008 2220 3063 occasiones
2258 3026 2481 3079 quaere-
2509 3008 2655 3059 Ssint
2676 3008 2770 3058 Al·

383 3092 524 3149 bant
558 3091 896 3148 destruendi
949 3092 1373 3148 Monasterium
1425 3110 1532 3164 per
1590 3093 1773 3149 talem
1818 3093 2244 3165 impossibilem
2286 3093 2482 3149 condi·
2508 3075 2664 3127 Μή·

383 3178 601 3233 tionem
635 3177 1037 3249 propositam;
1089 3176 1269 3249 coepit
1314 3176 1657 3233 illucescere
1705 3177 1831 3232 dies
1867 3177 2231 3243 Dominicus‚
2272 3178 2332 3232 in
2369 3197 2487 3250 qua

385 3269 445 3317 et
502 3262 761 3317 arridere
820 3262 1200 3318 favorabilius
1260 3260 1460 3318 divina
1517 3262 1836 3318 consolatio
1900 3280 2114 3334 pavore
2169 3263 2482 3337 depressis,

384 3364 636 3403 moerore
708 3345 1007 3403 confectis.
1072 3345 1303 3419 Nempe
1369 3347 1754 3418 supercilium
1814 3346 2172 3403 villanorum
2243 3354 2486 3420 repente

384 3433 761 3489 humiliatum
798 3439 905 3499 est,
935 3439 995 3489 et
1035 3434 1311 3507 superbia
1344 3435 1620 3491 hesterna
1655 3433 1829 3489 hodie
1869 3433 2124 3490 concidit
2170 3435 2483 3507 insperato,

386 3519 674 3575 Bnmores
696 3518 923 3589 ntique,
963 3518 1084 3575 illis
1125 3520 1450 3591 plurimum
1485 3518 1883 3591 displicentes,
1909 3518 1932 3557 ⁷
1951 3518 2377 3591 spargebantur
2413 3520 2486 3576 de

384 3609 572 3659 morte
607 3603 950 3675 turpissima
995 3603 1168 3659 foedae
1214 3604 1513 3660 memoriae
1555 3604 1858 3675 ganeonis,
1900 3603 2202 3676 saepedicti
2236 3603 2485 3661 Walteri

384 3687 613 3759 Tylere‚
653 3688 915 3760 ipsorum
963 3688 1273 3760 magistri3
1330 3689 1487 3759 quod
1535 3688 1763 3743 occisus
1812 3688 2008 3744 fuerat
2053 3704 2248 3743 coram
2296 3688 2481 3759 Rege,

386 3776 447 3826 et
481 3772 637 3842 quod
671 3770 1059 3828 communitas
1095 3770 1530 3827 Londoniarum
1568 3773 1929 3828 confluxerat
1964 3772 2199 3845 copiosa
2240 3772 2316 3827 ad
2356 3790 2485 3828 suc-

386 3855 736 3911 currendum
791 3854 962 3926 Regi,
1017 3860 1079 3912 et
1125 3856 1481 3912 unanimiter
1528 3857 1922 3913 resistendum
1970 3856 2373 3913 communibus
2409 3857 2483 3912 de

386 3938 595 3996 Cantia
614 3939 637 3973 ⁸
653 3946 714 3996 et
735 3939 1021 4006 Estsexia,
1044 3940 1294 4014 aliisque
1332 3941 1655 3998 nitentibus
1688 3960 1751 3998 se
1774 3942 1972 3997 levare
2009 3947 2211 3997 contra
2234 3941 2478 4013 Regem.
2506 3948 2791 3999 Proclama-

386 4024 645 4082 Venerat
679 4025 920 4097 insuper
950 4043 1177 4082 summo
1212 4042 1382 4083 mane
1420 4027 1662 4098 quidam
1698 4044 1769 4082 ex
1807 4026 1991 4097 Regis
2030 4025 2337 4091 militibus,
2378 4026 2481 4098 qni
2509 4015 2617 4065 5⁰¹²
2639 4017 2787 4065 made

387 4109 734 4182 proclamari
769 4108 910 4164 fecit
949 4127 1153 4181 pacem
1190 4126 1260 4164 cx
1294 4116 1462 4181 parte
1497 4110 1702 4182 Regis,
1752 4117 1821 4166 ut
1856 4127 2054 4165 omnes
2090 4110 2237 4181 ligei
2273 4111 2477 4184 RegiS,
2507 4082 2664 4141 ‘here’
2686 4082 2748 4131 οἰ

394 4194 502 4251 sub
548 4193 921 4250 forisfactura
962 4194 1102 4250 vitoe
1149 4198 1211 4250 et
1255 4193 1673 4262 membrorum,
1727 4193 2206 4267 conquiescerent
2252 4195 2325 4251 ab
2372 4195 2485 4252 hac
2506 4149 2797 4282 ἑξίἑὲωεέ

458 4436 470 4464 ¹
495 4431 637 4482 daret
658 4430 715 4481 in
737 4431 822 4482 the
844 4429 1047 4496 printed
1067 4438 1217 4482 texts.
1557 4436 1577 4463 ⁵
1586 4433 1709 4498 fieri
1722 4432 1777 4482 in
1800 4432 1928 4498 orig.
1953 4454 1966 4494 ς
2002 4434 2073 4498 by
2094 4432 2460 4486 inadvertenoe.

455 4513 474 4542 ²
479 4510 801 4577 fraudulente
821 4511 875 4560 in
897 4511 984 4561 the
1005 4511 1207 4575 printed
1233 4517 1383 4563 texts.
1557 4516 1577 4543 ⁰
1597 4520 1825 4578 ceperant
1846 4513 1902 4562 in
1925 4512 2012 4562 the
2033 4513 2236 4577 printed
2256 4520 2405 4565 texts.

457 4596 476 4625 ³
495 4593 827 4659 efficiebantur
849 4595 902 4644 in
926 4594 1052 4659 orig.
1558 4594 1575 4620 '
1595 4591 1943 4658 spergebantur
1956 4591 2013 4641 in
2025 4592 2113 4643 the
2127 4593 2326 4657 printed
2338 4602 2486 4647 texta

457 4676 472 4705 ⁴
497 4691 582 4724 nec
632 4691 757 4723 nova
799 4675 936 4738 fieri,
980 4676 1144 4725 cuncti
1193 4674 1247 4725 in
1298 4674 1385 4724 the
1556 4673 1576 4699 ⁹
1599 4679 1646 4722 et
1666 4671 1872 4723 omitted
1894 4672 1949 4722 in
1972 4671 2242 4725 Camden’s
2262 4680 2388 4726 text.

389 4755 587 4824 printed
607 4758 754 4805 texts.
