3300 5617
130 1120 343 1240 {ea-‘13

1117 805 1447 858 ms'romA
1489 808 1899 861 AncchNA.
2490 803 2577 871 69

467 1004 607 1043 vero
642 988 840 1061 aliqua
873 991 1186 1048 Londoniis
1224 1001 1316 1050 est
1348 994 1570 1051 relicta.
1670 996 1928 1068 Rogavit
1960 1005 2156 1051 autem
2191 1013 2298 1068 per
2334 998 2569 1054 eosdem
2595 1007 2733 1064 ΑΛ),
2760 1018 2903 1067 1297.

465 1074 725 1139 nuncios,
788 1076 1060 1147 praefatos
1110 1077 1386 1143 Comites,
1451 1079 1607 1151 quod
1660 1081 1711 1136 si
1767 1098 1965 1137 secum
2015 1080 2265 1136 transire
2324 1081 2563 1149 nollent,

464 1156 672 1212 saltem
708 1175 889 1230 regno
929 1178 1033 1215 suo
1057 1160 1120 1216 in
1155 1179 1263 1217 sua
1296 1162 1559 1219 absentia
1590 1181 1707 1219 non
1741 1169 2051 1231 nocerent;
2092 1164 2363 1236 sperabat
2386 1166 2560 1232 enim,

462 1238 588 1296 Deo
621 1241 870 1308 favente,
909 1244 1146 1311 reverti,
1183 1251 1244 1301 et
1277 1264 1526 1317 regnum
1563 1266 1736 1302 suum
1772 1248 1968 1305 debito
2003 1249 2173 1304 modo
2209 1249 2486 1305 obtinere.

530 1324 660 1379 Hac
714 1333 913 1382 aestate
965 1327 1172 1383 Comes
1221 1328 1665 1396 Lincolniensis,
1711 1337 1773 1386 et
1808 1332 1922 1403 ‘qui
1973 1350 2108 1388 cum
2162 1350 2229 1388 eo
2283 1339 2448 1389 erant
2500 1332 2561 1388 in
2588 1338 2834 1395 Transac-

459 1406 782 1474 Wasconia,
821 1417 1165 1467 amoverunt
1212 1412 1569 1469 obsidionem
1620 1432 1751 1486 quae
1804 1416 1996 1487 posita
2031 1417 2225 1472 fuerat
2258 1416 2414 1473 circa
2448 1416 2556 1472 vil·
2583 1406 2717 1459 tiens
2739 1409 2794 1462 in

459 1490 574 1546 lam
612 1492 837 1549 sanctie
878 1493 1163 1560 ¹Kitcmi,
1203 1496 1442 1568 fugatis,
1495 1497 1596 1568 qui
1633 1514 1763 1553 cam
1798 1498 2148 1565 occiderant,
2175 1499 2552 1567 Tholosanis3
2582 1473 2792 1529 ‘'¹⁸¹¹oe-

459 1576 518 1630 in
554 1594 802 1648 quorum
838 1579 1010 1635 terris
1047 1580 1315 1636 incendia
1348 1587 1408 1637 et
1443 1581 1899 1653 depraedationes
1935 1583 2150 1639 multas
2188 1584 2467 1641 fecerunt.

526 1660 881 1718 Duodecimn
898 1663 1194 1720 Kalendas
1229 1665 1586 1736 Septembris
1610 1666 1737 1721 Rex
1758 1665 1991 1737 Angliae
2021 1685 2198 1723 naves
2230 1669 2551 1740 ingressus,
2580 1683 2796 1739 Edwgffl

457 1745 803 1803 indissoluta
860 1747 1066 1813 classe,
1107 1749 1334 1804 sulcato
1388 1750 1559 1814 mari,
1601 1755 1766 1806 sexto
1801 1751 1897 1806 die
1949 1752 2219 1823 sequenti
2270 1754 2555 1825 applicuit
2580 1750 2703 1803 wilt
2719 1754 2801 1805 sor

457 1831 516 1884 in
551 1830 845 1897 Flandria,
885 1839 1152 1904 receptus
1189 1833 1251 1888 in
1287 1833 1538 1905 quadam
1572 1834 1718 1890 villa
1743 1834 1915 1906 juxta
1947 1843 2182 1907 portum
2219 1855 2349 1908 quae
2384 1856 2553 1894 voca-
2576 1817 2836 1883 thdeff⁹

456 1919 551 1969 tur
615 1918 652 1941 “
680 1915 993 1972 Exclusa.”
1115 1916 1241 1985 Quo
1294 1922 1574 1989 tempore,
1627 1925 1822 1974 nautae
1883 1919 2430 1976 Portesmuthenses
2492 1927 2554 1976 et
2575 1886 2850 2021 ξῖἒιιζξὲε

457 1997 1002 2065 Gememuthenses‚
1053 2006 1259 2057 mutuo
1311 2001 1611 2074 flagitante
1648 2002 1799 2067 odic,
1839 2004 2134 2060 evacuatis
2194 2005 2440 2062 navibus
2475 2005 2550 2061 ab

455 2082 567 2138 hiis
620 2085 797 2140 rebus
849 2103 979 2156 quae
1032 2091 1199 2141 erant
1246 2085 1521 2150 militum,
1567 2087 1987 2143 commiserunt
2019 2087 2095 2143 ad
2128 2089 2380 2145 invicem
2416 2107 2550 2162 gra-

454 2185 585 2223 vem
609 2187 901 2241 pugnam3
941 2170 1045 2225 sed
1081 2170 1590 2226 succumbentibus
1615 2170 2234 2237 Gememuthensibus,
2277 2173 2349 2228 de
2384 2175 2545 2230 navi·

454 2253 563 2310 bus
599 2271 801 2310 eorum
836 2254 1051 2326 viginti
1089 2254 1348 2326 quinque
1382 2254 1655 2310 incendio
1689 2263 2129 2313 consumuntur.

522 2338 648 2394 Rex
681 2357 821 2395 vero
854 2338 1108 2410 Angliae,
1147 2338 1223 2394 ad
1251 2339 1538 2410 Burgiam
1572 2340 1830 2407 veniens,
1859 2359 2162 2398 assensum
2195 2340 2544 2398 villanorum
2572 2352 2759 2406 Occur-

448 2422 511 2478 in
544 2422 901 2479 conditiones
937 2424 1089 2479 inter
1125 2424 1320 2495 ipsum
1369 2429 1431 2479 et
1465 2422 1756 2480 Comitem
1794 2425 1989 2491 initas,
2030 2425 2239 2499 petivit
2274 2444 2344 2481 ex
2379 2433 2544 2498 parte
2567 2435 2743 2473 mm
2763 2431 2815 2475 at

450 2524 556 2561 sua
603 2513 665 2562 et
699 2505 977 2573 Comitis;
1032 2505 1405 2562 medietatem
1458 2524 1841 2579 expensarum
1892 2509 2137 2565 offerens
2174 2509 2250 2565 ad
2283 2510 2546 2565 munien-
2567 2488 2763 2555 ΒΨ
2779 2492 2879 2542 “nd

448 2588 582 2645 dam
616 2590 1077 2662 cingendamque
1099 2590 1304 2645 villam
1340 2590 1574 2647 fossam.
1639 2590 1782 2661 Quae
1819 2610 1953 2648 cum
1976 2592 2182 2648 villani
2206 2598 2541 2660 renuerunt,
2571 2553 2758 2609 Ghent'

448 2674 731 2745 comperit
798 2691 898 2730 eos
957 2692 995 2729 a
1051 2692 1157 2730 suo
1228 2674 1508 2730 alienatos
1566 2672 1589 2705 ²
1604 2673 1879 2741 dominic,
1942 2681 2004 2732 et
2061 2675 2137 2731 ad
2194 2675 2546 2732 reddendam

447 2756 648 2812 villam
700 2757 944 2814 Gallicis
995 2757 1337 2825 inclinatum
1409 2763 1803 2831 reputansque
1868 2759 2263 2831 periculosum
2321 2778 2545 2816 moram

447 2841 636 2897 facere
671 2842 825 2898 inter
858 2841 1200 2915 proditores,
1229 2849 1452 2899 armato
1475 2841 1778 2899 discedens
1805 2843 2081 2910 exercitu,
2108 2861 2315 2901 versus
2339 2844 2544 2900 villam

448 2923 887 2981 Gandavensem
946 2924 1155 2997 dirigit
1210 2926 1326 2982 iter
1379 2944 1587 2992 suum3
1651 2926 1756 2982 ubi
1816 2926 1957 2982 dum
2016 2935 2343 2984 moraretur
2393 2927 2538 2995 Rex,

448 3008 685 3065 suborta
738 3015 829 3065 est
877 3009 1032 3082 apud
1065 3009 1269 3065 villam
1308 3010 1615 3066 Samonem
1669 3009 1962 3067 discordia
2013 3012 2167 3068 inter
2200 3011 2447 3067 villanos
2481 3018 2543 3068 et

447 3091 765 3164 Anglicos=
832 3094 933 3165 qui
996 3094 1208 3150 armati
1265 3094 1493 3160 villani,
1555 3094 1761 3151 multis
1822 3096 2165 3162 interfectis,
2222 3094 2540 3167 depraedati

447 3182 599 3242 sunt,
641 3177 704 3232 in
738 3195 1013 3248 magnam
1048 3176 1479 3250 displicentiam
1512 3178 1676 3250 regis
1710 3178 1917 3235 nostri.
1994 3178 2119 3234 Rex
2156 3178 2534 3244 Francorum,

444 3258 642 3315 audito
691 3259 944 3317 adventu
980 3260 1164 3332 Regis
1199 3260 1547 3333 Anglornm,
1585 3261 1960 3318 vehementer
2012 3267 2414 3319 consternatus
2464 3261 2539 3317 ad

445 3344 616 3400 unius
653 3343 826 3401 dietae
863 3344 1118 3415 spatium
1153 3362 1217 3400 se
1254 3344 1558 3401 subtraxit.

512 3426 762 3483 Interim
797 3427 959 3499 Papa
992 3426 1330 3484 Bcnifacius
1368 3429 1607 3501 scripsit
1655 3427 2015 3501 principibus
2051 3428 2433 3495 Alemanniae,
2471 3433 2541 3484 ut
2562 3429 2701 3495 Pope
2716 3431 2870 3483 Boni-

443 3511 668 3583 Regem
704 3510 1115 3576 Romanorum,
1159 3510 1519 3584 Adulphum,
1573 3511 1744 3583 cujus
1794 3529 2101 3567 occursum
2152 3512 2215 3567 in
2264 3511 2540 3567 Flandria
2562 3496 2674 3548 Μ
2696 3500 2836 3551 ΝΜ

440 3594 564 3651 Rex
616 3594 948 3666 Anglorum
1006 3600 1359 3667 speraverat,
1414 3600 1482 3650 ut
1540 3595 1717 3650 simul
1777 3613 1910 3651 cum
1965 3593 2193 3650 Gemite
2246 3594 2537 3650 Flandriae
2561 3579 2821 3685 3³33

440 3695 812 3752 oppressores
860 3679 1275 3750 invasoresque
1328 3696 1466 3736 suos
1504 3678 1761 3735 Gallicos
1810 3678 2194 3751 propulsaret,
2248 3685 2535 3735 commoto
2560 3697 2648 3749 the
2660 3697 2801 3766 ffing
2815 3701 2877 3752 of

438 3762 594 3819 bello
626 3763 1038 3835 inquietarent,
1077 3768 1138 3819 et
1172 3763 1246 3818 ab
1280 3761 1578 3820 invasione
1616 3761 1976 3820 Gallicorum
2028 3761 2217 3818 modis
2266 3761 2534 3818 omnibus
2558 3764 2644 3817 the
2657 3764 2898 3820 Romans.

438 3846 807 3920 impedirent.

507 3932 624 3988 Per
673 3931 830 3988 idem
878 3937 1111 4005 tempus
1161 3930 1418 3988 Comites
1466 3930 1834 3988 Herefordiae
1884 3935 1947 3987 et
1994 3928 2344 3996 Marescalli,
2399 3947 2534 3987 cum
2560 3932 2855 3998 Oppositicn

437 4017 562 4073 mic
599 4017 1000 4090 complicibus,
1027 4016 1416 4073 'thesaurario
1451 4022 1512 4073 ct.
1545 4015 1874 4071 Bai-onibus
1910 4014 1984 4069 <ic
2022 4014 2342 4080 scaccario,
2382 4014 2532 4070 inhi-
2557 3999 2711 4051 ‘othe
2731 4016 2868 4052 mea·

437 4100 691 4159 buerunt
741 4119 815 4157 ne
863 4101 1047 4158 levari
1101 4101 1360 4157 facerent
1410 4107 1680 4157 octavum
1733 4100 2035 4154 denarium
2087 4117 2125 4154 a
2156 4098 2388 4170 populo,
2429 4098 2532 4169 qui
2555 4068 2777 4184 ’ἕὲΐῶ
2796 4135 2868 4202 by

438 4183 591 4256 Regi
626 4202 935 4241 concessus
970 4185 1163 4241 fuerat
1196 4185 1353 4257 apud
1389 4184 1668 4241 Sanctum
1702 4181 2092 4238 Edmundum.
2171 4181 2535 4237 Induxerunt
2556 4199 2645 4250 the
2661 4200 2783 4250 Em

438 4270 616 4324 etiam
649 4269 809 4326 cives
832 4267 1280 4335 Londoniarum,
1318 4273 1387 4324 ut
1419 4285 1526 4340 pro
1559 4265 1972 4338 recuperandis
2008 4264 2129 4321 suis
2166 4264 2533 4321 libertatibus
2556 4265 2783 4318 Mai-chal

439 4369 637 4410 secum
674 4358 914 4410 starent.
2555 4332 2767 4450 ffiltg?

2554 4465 2820 4519 nereford.

504 4662 519 4692 ¹
542 4658 831 4713 &tharim
850 4660 908 4710 in
928 4658 1016 4712 the
1030 4658 1229 4725 printed
1255 4662 1389 4710 texts
1412 4677 1427 4718 3
1538 4654 1785 4716 Katert'nt',
1807 4654 1865 4704 in
1890 4654 2085 4708 Trivet.

439 4739 637 4792 Κίων-ιιι·
673 4740 730 4792 ἰιι
752 4739 1043 4808 Rishansser
1065 4761 1082 4803 ς
1115 4738 1353 4801 Kioerini,
1375 4752 1433 4790 or
1596 4734 1816 4786 'donnino
1833 4733 1888 4786 in
1909 4736 1994 4788 the
2015 4734 2215 4802 printed
2235 4742 2383 4789 texts.
