3300 5617
131 3155 435 3224 Trokelove,

131 3240 207 3288 pp.
236 3231 310 3287 18,
339 3234 411 3278 19.

135 3290 241 3344 MS.
263 3294 397 3347 Bibl.

133 3424 283 3480 axx.

1133 809 1460 860 nlsromA
1487 807 1901 861 ANGLIOANA.
2431 801 2557 865 133

386 1045 398 1057 ,
464 1000 502 1022 “
542 1012 849 1067 possemus
923 996 1354 1067 quomodolibet
1410 999 1669 1055 detinere
1687 1023 1702 1054 ε
1776 1017 2022 1070 pensare
2096 998 2373 1054 debemus
2446 1000 2561 1055 viri
2586 1015 2888 1071 A.D.1312.

463 1084 502 1108 “
541 1081 783 1145 scelera,
811 1086 874 1136 et
905 1098 1010 1152 per
1046 1097 1181 1136 eum
1215 1082 1419 1153 patriae
1455 1082 1620 1138 illata
1654 1083 1882 1149 damna,
1923 1101 2054 1154 quae
2091 1100 2318 1154 semper
2355 1101 2559 1155 seque-

463 1169 502 1193 “
541 1166 755 1221 bantur
801 1166 982 1221 verba
1024 1165 1292 1231 ridicula,
1343 1167 1594 1238 superba
1637 1185 1931 1239 responsa.
2007 1165 2287 1222 Recolere
2330 1185 2561 1239 quoque

463 1254 501 1277 “
542 1251 631 1306 sas
679 1256 772 1306 est
817 1249 1043 1305 labores
1088 1250 1353 1322 publicos
1413 1257 1474 1306 et
1529 1252 1805 1323 privato&
1869 1269 2146 1323 expensas
2206 1250 2557 1316 innumeras,

463 1338 502 1361 ‘⁸
541 1334 873 1391 vexationes
896 1334 1108 1400 variae,
1135 1334 1232 1390 vix
1271 1353 1528 1406 unquam
1564 1336 1978 1400 terminabiles,
2022 1354 2152 1408 quae
2177 1336 2560 1392 sustinuimus

464 1422 502 1446 “
542 1425 677 1488 ante
723 1418 980 1491 praedam
1026 1426 1291 1491 captam3
1365 1424 1426 1475 et
1472 1419 1688 1476 idcirco
1750 1420 2015 1487 decemn,
2080 1426 2150 1476 ut
2194 1439 2349 1477 nunc
2398 1421 2559 1477 solus

463 1505 502 1530 ‘⁶
541 1503 705 1575 prius
729 1503 1011 1560 moriatur
1045 1503 1143 1559 hic
1178 1504 1349 1560 homo
1386 1522 1563 1576 quam
1596 1523 1704 1577 per
1738 1524 1983 1577 guerras
2019 1506 2267 1578 amplior
2302 1505 2560 1561 turbatio

464 1591 502 1614 “
541 1594 769 1644 crescat
811 1588 876 1642 in
921 1587 1164 1659 regno.''

529 1672 875 1728 Assentiunt
931 1671 1189 1728 universi
1249 1671 1364 1728 viri
1436 1673 1696 1739 consili0,
1761 1678 1822 1730 et
1878 1675 2121 1731 Petrum
2183 1674 2427 1746 ejiciunt
2484 1675 2557 1729 de
2583 1678 2838 1730 Gaveston

457 1757 774 1828 ergastu10‚
826 1757 1014 1828 capite
1060 1756 1430 1828 plectendum
1476 1758 1767 1814 communi
1808 1759 2050 1829 judicio.
2126 1759 2378 1815 Ducitur
2413 1777 2556 1830 ergo
2581 1753 2671 1810 put
2692 1752 2745 1795 ω

457 1842 670 1897 Petrus
707 1842 782 1895 ad
815 1841 1028 1905 locum,
1059 1844 1097 1867 “
1118 1841 1501 1896 Blakelowe’'
1539 1843 1891 1908 vocitatum3
1937 1851 2014 1906 et,
2041 1850 2319 1914 tanquam
2354 1844 2555 1915 legum
2579 1812 2886 1929 fflfflfof

456 1926 786 1990 subversor,
837 1931 899 1979 et
942 1924 1212 1996 publicus
1259 1925 1426 1997 regni
1487 1927 1768 1997 proditor,
1833 1928 2022 1998 capite
2080 1933 2382 1983 truncatus
2443 1933 2550 1983 est.
2579 1944 2853 1997 warwick,

455 2011 538 2066 Et
594 2010 697 2081 qui
758 2008 1047 2080 quondam
1119 2016 1429 2065 vocaverat
1502 2009 1848 2075 Guidouem,
1911 2010 2186 2066 Warwici
2246 2010 2551 2076 Comitem,

458 2093 773 2165 “Nigrum
808 2092 1026 2149 Canem
1062 2092 1135 2149 de
1170 2093 1515 2158 Arderina,’'
1547 2095 1693 2167 jam,
1731 2094 1902 2167 juxta
1925 2093 2170 2151 Comitis
2195 2094 2552 2159 vaticinium,

455 2195 686 2234 morsus
721 2178 1113 2233 amarissimos
1150 2179 1333 2234 sensit
1367 2178 1647 2250 ejusdem.

530 2262 548 2295 ¹
567 2262 829 2319 Cadaver
852 2261 1016 2317 Petri
1040 2280 1145 2334 per
1168 2262 1405 2319 Fratres
1423 2263 1844 2319 Praedicatores
1870 2262 2149 2319 Oxoniam
2167 2267 2258 2318 est
2274 2262 2549 2325 delatum,
2581 2278 2662 2330 110
2674 2280 2722 2330 ig
2734 2278 2912 2346 finally

459 2353 521 2403 et
553 2347 701 2402 inter
739 2345 973 2401 eosdam
1005 2346 1139 2419 plus
1176 2347 1408 2402 biennio
1450 2355 1888 2413 conservatum;
1929 2348 2110 2403 donec
2148 2349 2272 2402 Rex
2310 2347 2458 2401 illud
2481 2346 2555 2401 ad
2582 2347 2761 2397 buried
2782 2355 2835 2397 at

458 2430 782 2487 manerium
820 2448 993 2486 suum
1033 2431 1106 2486 de
1144 2431 1443 2502 Langleyo
1481 2432 1785 2488 transferri
1829 2431 2081 2497 fecisset,
2110 2438 2172 2487 et
2208 2432 2269 2486 in
2311 2430 2558 2486 ecclesia
2580 2413 2826 2479 mgley·

459 2516 733 2571 Fratrum
775 2515 1251 2581 Praedicatorum,
1294 2534 1440 2587 quos
1478 2516 1697 2572 ibidem
1739 2517 2059 2582 constituit,
2101 2517 2174 2571 do
2216 2516 2379 2587 regio
2418 2516 2557 2570 fisco

457 2600 735 2664 victuros,
787 2606 848 2655 et
892 2618 999 2672 pro
1045 2600 1239 2655 anima
1284 2600 1449 2656 Petri
1487 2606 1548 2656 et
1583 2601 1883 2673 regiorum
1930 2600 2369 2673 progenitorum
2407 2599 2555 2656 cele-

458 2685 746 2750 braturos,
791 2684 1104 2741 honorifice
1145 2684 1513 2742 condidisset.

538 2975 625 3045 Ut
668 2975 984 3043 Pron-eres
1018 2981 1266 3063 petunt
1313 2972 1719 3063 confimari
1762 2975 2096 3063 quosdam
2137 2973 2512 3042 Articulos

532 3150 840 3223 Magnetes
881 3149 1070 3222 regni,
1111 3148 1282 3204 modo
1320 3149 1562 3221 praefato
1599 3145 1673 3203 de
1710 3148 1886 3204 Petro
1910 3154 2218 3205 consecuto
2240 3148 2553 3221 proposito,
2585 3157 2803 3209 Fui-ther

459 3236 747 3292 miserunt
806 3234 882 3292 ad
945 3234 1188 3305 Regem,
1256 3239 1526 3307 proterve
1584 3233 1943 3304 postulantes
2001 3233 2358 3306 provisiones
2419 3250 2554 3288 suas
2584 3226 2824 3275 demands

457 3340 564 3393 per
610 3339 746 3376 eum
793 3317 1120 3376 confirmari
1169 3324 1230 3374 et
1274 3316 1505 3372 effectui
1553 3316 1907 3382 demandari,
1958 3317 2392 3381 comminantes,
2442 3316 2558 3371 nisi
2582 3292 2864 3409 ffldssoffi'ae

457 3405 746 3461 maturius
792 3403 908 3461 ista
943 3403 1179 3468 faceret,
1221 3401 1297 3457 ad
1335 3401 1529 3474 ipsum
1552 3401 1835 3467 venirent,
1864 3408 1925 3457 et
1944 3402 2248 3473 praemissa
2269 3400 2559 3472 complere
2584 3440 2651 3474 0„
2679 3425 2765 3475 the

458 3495 736 3561 cogerent
774 3507 948 3545 manu
987 3487 1143 3543 forti.
1214 3485 1343 3542 Nec
1381 3485 1620 3557 segnius
1667 3486 1986 3558 implevere
2033 3485 2404 3557 legationem,
2456 3485 2561 3540 sed
2584 3492 2740 3558 Κίος.

458 3574 746 3638 eontinu0,
795 3572 1020 3628 viribus
1067 3569 1357 3635 adunatiS,
1408 3575 1592 3626 totam
1637 3570 1889 3643 patriam
1947 3569 2105 3626 circa
2150 3568 2560 3641 Dunstapliam

458 3663 830 3729 occuparunt,
871 3653 1037 3727 Rege
1076 3652 1392 3711 Londoniis
1431 3654 1732 3709 existente.
1810 3654 2126 3710 Cernentes
2165 3659 2363 3710 autem
2390 3651 2557 3724 regni
2584 3658 2861 3711 Mediation

457 3741 702 3812 praelati,
728 3760 846 3796 una
868 3758 1002 3796 cum
1027 3739 1292 3795 Gilberto
1316 3737 1543 3794 Comite
1569 3737 1915 3804 Glovernioe,
1937 3738 2116 3794 talem
2141 3737 2558 3794 dissensionem
2583 3727 2645 3776 Os
2659 3728 2743 3777 ⁰¹0
2756 3727 2879 3777 Earl

457 3818 736 3881 Ecclesiae
784 3824 1120 3897 'regnoque
1167 3822 1575 3896 periculosam,
1615 3822 1754 3878 totis
1801 3823 2028 3879 viribus
2076 3821 2440 3887 insistebant,
2491 3827 2561 3876 ut
2582 3793 2896 3911 ἔτῦὲἓξζζ

457 3928 569 3982 pax
603 3912 1039 3975 reformaretur,
1081 3915 1142 3964 et
1179 3925 1315 3980 pars
1353 3913 1602 3979 utraque
1646 3907 1898 3977 quietior
1936 3925 2066 3964 esse
2103 3913 2317 3980 posset.
2580 3927 2823 3979 helam,

525 3994 645 4050 ’Eo
668 4002 928 4065 tempore
952 3998 1256 4057 venerunt,
1285 4009 1419 4047 cum
1441 3989 1612 4062 regni
1634 3991 2004 4062 pontificibus
2029 3997 2091 4048 et
2113 3992 2268 4048 dicto
2294 3988 2558 4047 Gilberto
2579 4011 2739 4076 Papal
2762 4012 2866 4060 En,

459 4073 703 4144 Comite‚
753 4075 951 4135 nuncii
999 4073 1175 4150 Papae
1224 4075 1358 4141 du0,
1408 4074 1484 4130 ad
1532 4074 1811 4131 Sanctum
1856 4075 2169 4143 Albanum,
2211 4081 2297 4140 ut,
2339 4073 2557 4129 ibidem
2582 4094 2711 4144 voye
2732 4085 2862 4128 treet

2583 4146 2664 4198 for
2684 4161 2850 4212 peace.

527 4283 544 4315 ¹
567 4282 699 4334 This
737 4290 955 4334 account
998 4281 1058 4332 of
1083 4281 1171 4332 the
1207 4278 1373 4331 buria!
1411 4276 1471 4328 of
1554 4276 1875 4330 Trokelowe.
1943 4278 2040 4333 See
2056 4294 2105 4344 p.
2133 4283 2244 4337 148,
2264 4283 2394 4342 pont.

464 4363 733 4422 Gaveston,
755 4362 867 4413 first
902 4369 955 4413 at
989 4361 1203 4420 Oxford,
1246 4360 1367 4410 theu
1412 4364 1466 4408 at
1621 4358 1644 4388 ²
1664 4358 1891 4425 myrtique
1931 4358 1987 4409 in
2025 4358 2150 4424 orig.
2173 4378 2189 4419 ³
2234 4359 2340 4408 and
2381 4355 2439 4407 in
2476 4354 2564 4408 the

463 4442 707 4507 langley,
727 4440 823 4492 has
843 4441 930 4491 the
950 4454 1256 4505 appearance
1291 4438 1351 4489 of
1379 4438 1464 4488 be-
1558 4436 1763 4502 printed
1783 4444 1931 4490 texts.

463 4520 598 4586 iuga
616 4519 955 4572 combination
972 4520 1130 4570 osthe
1146 4516 1398 4569 narrative
1411 4517 1474 4567 of
1623 4520 1644 4549 ⁸
1667 4518 1779 4569 The
1816 4516 2067 4569 narrative
2100 4517 2163 4568 of
2185 4514 2485 4568 'lh-okelove
2521 4516 2567 4567 is

464 4600 765 4651 Trokelowe
784 4599 909 4650 with
936 4598 1049 4648 that
1080 4597 1142 4649 of
1164 4596 1465 4648 Marimath.
1558 4598 1746 4663 closely
1759 4597 1990 4650 followed
2000 4598 2142 4658 here3
2156 4597 2351 4664 though
2366 4597 2454 4648 the
2463 4596 2569 4649 lau·

466 4679 631 4732 There
663 4692 889 4745 appears,
918 4678 1172 4740 however,
1209 4685 1263 4729 to
1300 4678 1364 4728 be
1399 4692 1464 4726 an
1558 4692 1720 4744 gange
1733 4676 1843 4729 isat
1857 4676 2005 4729 times
2019 4674 2364 4744 considerably
2378 4675 2566 4729 varied.

474 4760 712 4813 omission
733 4761 789 4810 in
802 4759 892 4811 the
912 4766 1127 4811 account
1146 4774 1202 4810 as
1222 4758 1376 4825 given
1397 4757 1468 4822 by
