3300 5617
1093 789 1423 839 ms‘romA
1452 790 1870 839 moneam„
2407 777 2539 847 217

440 978 759 1044 remeavit3
801 992 919 1049 quo
951 984 1267 1048 comperte,
1296 975 1421 1032 Rex
1443 977 1681 1047 Anglise
1717 978 1781 1032 in
1817 977 2197 1033 Brabantiam
2233 993 2540 1049 regressus
2567 988 2704 1039 ΑΒ.
2731 996 2872 1042 1339.

441 1069 551 1119 est.

25 1148 189 1200 MS.
228 1151 388 1202 Harl.
513 1147 647 1203 Cito
674 1154 810 1218 post
834 1146 979 1211 haec,
1007 1146 1171 1217 Papa
1204 1144 1360 1217 Regi
1382 1143 1618 1217 Angliae
1643 1145 1884 1218 scripsit
1916 1146 1981 1200 in
2015 1147 2171 1202 hunc
2194 1144 2433 1200 modum
2449 1167 2539 1199 :-
2565 1163 2735 1213 Lemn-
2747 1164 2808 1212 01·

32 1221 195 1267 655.
516 1236 554 1259 ‘⁶
594 1231 982 1287 ¹Benedictus
1016 1230 1363 1301 Episcopus,
1404 1247 1611 1286 servus
1647 1248 1953 1286 servorum
1988 1230 2120 1296 Dei,
2149 1230 2454 1286 carissimo
2478 1229 2540 1283 in
2566 1232 2702 1294 Pope
2715 1230 2877 1280 Bene·

30 1282 356 1416 {fflng‘
444 1319 483 1343 ⁶⁶
523 1314 760 1372 Christo
818 1314 940 1369 filio
998 1313 1307 1377 EdwardO,
1382 1312 1537 1385 Regi
1582 1312 1820 1385 Angliae
1877 1314 2120 1379 illustri,
2172 1314 2423 1370 salutem
2483 1318 2543 1367 et
2566 1297 2670 1413 ‘³¹⁹3‘
2691 1296 2852 1376 ‚XII-2,

36 1415 103 1463 N
104 1432 213 1466 ew
266 1392 280 1404 ⁹
445 1403 483 1427 ‘⁴
521 1398 924 1472 Apostolicam
976 1396 1463 1453 benedictionem.
1579 1397 1740 1453 Dum
1791 1397 2110 1469 diligenter
2164 1397 2538 1461 attendimus,
2568 1365 2882 1483 ζιέᾱῗὲἔοξῒβ

42 1484 309 1548 Rymer,
337 1491 381 1541 1.
445 1487 483 1511 ‘⁸
523 1489 584 1539 et
635 1482 941 1555 profundis
1000 1482 1454 1554 cogitationibus
1508 1482 1881 1547 meditamur,
1944 1489 2164 1554 quanta
2217 1482 2431 1539 summi
2485 1489 2547 1538 et

44 1568 112 1618 P·
154 1560 181 1605 1
202 1563 330 1611 103.
446 1571 485 1595 ‘⁴
525 1567 729 1623 aeterni
783 1565 968 1638 Regis
1009 1567 1193 1622 fuerit
1241 1565 1596 1638 benignitas,
1650 1573 1713 1623 et
1762 1566 2331 1624 misericordissimoe
2383 1567 2543 1622 afflu-

448 1653 486 1678 “
525 1652 686 1707 entia
718 1651 978 1722 pietatis,
1020 1649 1177 1721 quod
1211 1649 1445 1722 pridem
1479 1649 1620 1714 tuis,
1660 1650 1966 1706 carissime
2012 1651 2118 1717 fili,
2158 1656 2218 1706 et
2252 1649 2544 1707 carissimi

448 1740 487 1761 ‘⁶
525 1735 588 1789 in
647 1734 887 1791 Christo
945 1731 1168 1789 'nostri
1232 1733 1487 1789 illustris
1536 1733 1802 1789 Franciae
1863 1733 2067 1806 Regis,
2125 1736 2371 1807 ejusque
2430 1734 2545 1790 col-

450 1823 486 1844 “
526 1817 864 1888 ligatorum,
920 1816 1206 1872 ordinatis
1257 1816 1515 1882 aciebus,
1560 1824 1623 1872 et
1674 1819 1931 1873 multum
1977 1813 2056 1873 'ex
2108 1819 2436 1891 propinquo
2471 1818 2548 1873 ad

450 1908 488 1929 ‘⁶
526 1901 957 1972 confligendum
992 1900 1341 1957 terribiliter
1376 1908 1439 1957 et
1473 1900 1733 1957 animose
1770 1902 2092 1975 dispositis,
2132 1902 2268 1958 hinc
2304 1909 2365 1958 et
2408 1903 2545 1957 inde

449 1993 486 2015 ‘⁸
526 1993 728 2043 secuta
748 2004 865 2041 non
887 1985 1191 2041 extiterint
1222 1984 1505 2056 pericula,
1546 2003 1678 2056 quae
1715 1991 1912 2042 tantus
1938 1988 2138 2057 fragor
2162 2004 2456 2042 armorum
2488 1993 2549 2043 et

449 2079 487 2099 ‘⁶
525 2078 883 2126 armatorum
920 2070 1176 2141 impetus
1219 2069 1555 2126 minabatur
1570 2091 1586 2134 ;
1641 2069 1854 2125 Eidem
1895 2069 2140 2125 laudum
2189 2071 2545 2127 exsolvimus

451 2161 488 2186 ‘⁸
526 2155 835 2227 praeconia,
886 2172 1023 2211 cum
1058 2162 1121 2210 et
1153 2154 1264 2209 hoc
1299 2152 1376 2208 ad
1416 2152 1633 2208 donum
1670 2153 1785 2208 Dei
1834 2154 2173 2220 maximum,
2212 2161 2275 2211 et
2324 2157 2547 2227 grande

453 2247 491 2266 “
529 2245 834 2311 operatum
892 2237 1354 2294 misericorditer
1405 2254 1442 2291 a
1493 2236 1807 2292 clementia
1863 2237 2079 2294 divinae
2138 2239 2545 2310 providentiae,

452 2329 489 2351 ‘⁴
531 2342 661 2394 quoe
698 2324 761 2377 in
795 2321 888 2377 sui
926 2321 1308 2394 dispositione
1345 2338 1462 2376 non
1515 2321 1762 2386 fallitur,
1816 2321 2170 2378 miraculum
2218 2329 2545 2394 reputetur.

452 2414 489 2435 ‘⁸
527 2407 651 2462 ³Ex
673 2408 783 2463 hoc
810 2406 1047 2477 quidem
1073 2406 1275 2477 colligi
1307 2411 1503 2477 potest
1537 2405 1715 2460 etiam
1739 2406 2020 2477 apertius,
2064 2407 2221 2478 quod
2242 2407 2552 2463 Altissimo

453 2499 490 2521 ‘⁶
531 2493 633 2564 qui
668 2492 826 2547 bella
859 2492 1128 2555 conterit,
1157 2497 1218 2546 et
1258 2490 1535 2563 gentibus
1561 2508 1632 2545 ea
1653 2491 2006 2556 volentibus,
2045 2510 2152 2564 per
2185 2493 2550 2566 prophetam,

454 2583 491 2605 “
531 2576 931 2648 dissipationis
987 2575 1400 2632 exterminium
1436 2576 1844 2641 comminatur,
1898 2583 2062 2633 tanta
2110 2578 2415 2648 sanguinis
2462 2596 2554 2634 re-

456 2669 494 2689 “
534 2662 905 2733 demptorum
960 2660 1216 2731 pretioso
1253 2677 1460 2714 cruore
1497 2658 1807 2717 Dominico
1840 2668 2118 2732 quantam
2153 2661 2462 2726 fudissent,
2503 2662 2556 2718 si

456 2751 492 2773 ·‘
531 2745 863 2801 conflictum
883 2744 998 2799 sibi
1013 2743 1312 2798 dedissent
1328 2743 1484 2798 acies
1502 2741 1798 2814 proedictae
1816 2750 1956 2801 tunc
1973 2746 2273 2817 temporis,
2293 2747 2354 2802 in
2373 2746 2555 2802 totius

456 2837 493 2858 ‘⁶
534 2829 993 2887 Christianitatis
1014 2828 1290 2883 damnum
1308 2832 1370 2882 et
1387 2827 1784 2899 opprobrium,
1807 2847 1874 2885 ac
1893 2830 2218 2885 animarum
2236 2831 2557 2886 multarum

459 2921 496 2941 ‘⁶
538 2913 885 2986 periculum,
950 2911 1159 2967 effusio
1208 2928 1326 2966 non
1366 2910 1653 2982 placebat.
1748 2911 1991 2982 Regalis
2035 2930 2267 2984 quoque
2305 2915 2554 2970 circum·

458 3005 494 3025 ‘⁶
534 2998 754 3069 spectio
788 3002 984 3068 potest
1018 2995 1197 3051 etiam
1232 2994 1539 3050 advertere
1578 2993 1917 3065 diligenter,
1972 3003 2254 3066 quantum
2288 2997 2386 3052 ⁴et
2420 3016 2557 3052 cum

458 3087 495 3109 ‘⁴
536 3082 660 3136 Rex
684 3081 999 3152 praedictus
1024 3079 1489 3150 indignationem
1525 3078 1821 3133 haberetis
1858 3078 2171 3134 formidare
2197 3078 2475 3145 divinam,
2504 3082 2556 3136 si

460 3175 495 3193 ‘⁶
533 3166 768 3237 ¹’plures
805 3164 877 3219 de
915 3164 1001 3219 eis
1039 3180 1185 3234 quos
1234 3162 1360 3233 ipse
1397 3181 1433 3218 a
1466 3162 1747 3234 periculis
1796 3163 2118 3217 animarum
2156 3171 2215 3218 et
2250 3181 2557 3235 corporum

460 3257 496 3276 ‘⁶
536 3249 754 3320 eripuit
789 3248 874 3303 sic
909 3246 1180 3317 benigne,
1223 3246 1439 3301 iterum
1476 3245 1659 3300 simili
1701 3245 1991 3318 subjicere
2027 3245 2352 3302 discrimini
2390 3265 2555 3302 cura-

461 3338 498 3360 “
537 3334 714 3396 retis;
766 3329 1092 3386 timendum
1129 3336 1304 3393 esset,
1332 3327 1736 3400 proculdubio,
1765 3333 1835 3383 ut
1857 3327 2001 3383 adeo
2024 3329 2458 3395 accenderetur,
2499 3336 2560 3386 et

462 3423 500 3444 ‘⁴
540 3415 867 3488 praesertim
890 3412 1298 3469 vehementius
1324 3419 1526 3468 contra
1550 3411 1722 3466 illum
1741 3412 1842 3482 qui
1864 3410 2198 3482 hujusmodi
2233 3412 2559 3469 discrimini

461 3506 498 3527 “
537 3500 703 3555 daret
736 3498 1079 3570 ampliorem
1114 3514 1370 3568 operam,
1408 3494 1534 3550 ‘ira
1562 3495 1695 3559 Dei,
1730 3503 1799 3551 ut
1827 3501 1989 3551 tanta
2019 3502 2246 3568 strages
2282 3503 2559 3570 tantaque

462 3589 499 3612 ‘⁴
538 3584 800 3640 confusio
837 3590 1183 3653 sequeretur
1234 3578 1390 3651 quod
1426 3585 1549 3635 tota
1583 3585 1992 3636 concuteretur
2028 3579 2460 3647 ChristianitaS,
2501 3589 2562 3638 et

464 3672 501 3696 “
539 3666 877 3724 reformatio
929 3664 1093 3737 pacis
1147 3669 1207 3720 et
1259 3663 1602 3727 concordioe,
1657 3661 1679 3701 ⁷
1696 3680 1812 3718 non
1874 3662 2128 3720 difficilis
2183 3665 2286 3720 sed
2343 3666 2557 3738 impos·

463 3756 500 3780 ‘⁴
540 3752 749 3816 sibilis,
783 3749 941 3822 quod
972 3767 1089 3804 non
1124 3749 1280 3804 sinat
1314 3747 1622 3802 miserator
1650 3753 1712 3803 et
1742 3748 2074 3803 misericors
2104 3748 2389 3805 Dominus
2426 3769 2557 3804 con-

462 3841 500 3863 “
537 3837 783 3906 tingere,
822 3832 1185 3889 redderetur.
1260 3831 1340 3887 Et
1361 3830 1642 3902 -insupor,
1692 3848 1801 3885 nec
1848 3831 2042 3885 minus
2079 3831 2558 3888 considerandum

464 3924 500 3948 “
538 3919 790 3982 videtur,
832 3922 1134 3988 quantum,
1180 3914 1480 3970 occasione
1517 3931 1867 3985 guerrarum
1909 3915 2304 3985 praesentium,
2354 3916 2558 3972 multis

532 4157 542 4186 ¹
570 4155 794 4205 Inserted
810 4161 866 4202 at
883 4153 968 4202 the
985 4153 1083 4201 end
1105 4151 1166 4201 of
1180 4151 1265 4201 the
1291 4151 1460 4200 Arun-
1622 4153 1643 4182 ²
1662 4151 1771 4214 filia·
1794 4153 1960 4212 nostri,
1985 4152 2125 4201 Harl.
2152 4156 2263 4202 655.

463 4236 541 4285 del
565 4234 678 4292 MS,
703 4234 757 4281 in
797 4248 828 4282 a
862 4231 999 4281 hand
1020 4230 1082 4280 of
1096 4230 1180 4284 the
1208 4230 1326 4280 leth
1348 4244 1463 4279 cen·
1617 4231 1637 4258 ²
1661 4229 1739 4278 Ee
1757 4229 1858 4289 hoc,
1877 4230 2020 4280 Harl.
2045 4236 2158 4280 655.

464 4326 592 4381 cury.
649 4315 701 4365 A
726 4330 857 4379 copy
896 4313 960 4363 of
982 4313 1084 4363 this
1120 4313 1307 4370 Letter,
1343 4312 1463 4361 with
1620 4309 1637 4337 ⁴
1663 4315 1714 4356 tu
1753 4317 1798 4358 ee
1844 4326 1946 4369 res,
1987 4309 2042 4357 in
2091 4310 2309 4374 Rymer3
2369 4328 2402 4363 a
2447 4328 2555 4377 pre·

465 4411 601 4446 some
656 4394 947 4452 variationS,
1022 4392 1067 4441 is
1133 4392 1331 4456 printed
1409 4390 1461 4438 in
1555 4387 1742 4437 semble
1768 4387 1992 4453 reading.

466 4476 654 4540 Rymer
675 4474 829 4531 (New
854 4471 1076 4531 Foedera,
1112 4471 1180 4520 11.
1216 4486 1263 4534 p.
1295 4471 1464 4533 1103),
1620 4469 1640 4497 ⁸
1659 4465 1861 4533 populus
1905 4467 2011 4518 Dei
2053 4486 2187 4532 quos,
2233 4469 2285 4520 in
2333 4472 2550 4537 Rymer3

467 4556 595 4605 from
618 4554 732 4604 MS.
757 4554 956 4604 Cotton.
984 4550 1138 4608 Otho,
1154 4549 1221 4598 D.
1241 4548 1329 4609 11„
1349 4562 1463 4597 now
1556 4562 1585 4596 a
1609 4547 1885 4610 preferable
1907 4548 2132 4613 reading.

468 4635 578 4684 lost.
664 4633 776 4682 The
816 4638 927 4681 text
971 4629 1033 4679 of
1070 4627 1465 4691 llemingburgh
1619 4629 1639 4654 ⁶
1663 4633 1710 4674 ee
1732 4626 1826 4686 ira,
1851 4626 1993 4676 Harl.
2020 4632 2134 4677 655.

465 4714 565 4764 and
578 4713 689 4762 MS.
706 4711 852 4761 Harl.
871 4714 967 4760 655
987 4710 1079 4758 has
1098 4709 1221 4758 been
1238 4708 1465 4771 adopted.
1626 4707 1642 4733 ⁷
1679 4722 1768 4754 non
1793 4703 1955 4762 solum,
1979 4705 2120 4757 Harl.
2146 4712 2258 4757 655.
