3300 5617
1083 834 1415 887 ms‘roau
1459 835 1878 888 mancam.
2391 827 2506 890 141

97 1036 390 1096 Trokelove,
414 1024 737 1082 crudeliter
769 989 1153 1089 insistentem,
1192 1022 1524 1096 conglobati
1548 1029 1902 1080 concurrunt
1933 1040 2170 1081 suorum
2196 1023 2517 1089 succursui,
2544 1024 2681 1077 A.D.
2709 1031 2853 1078 131⁴.

98 1107 353 1181 1³1³·26027·
414 1109 924 1166 circumvallantes
980 1109 1311 1165 Gilbertum
1360 1127 1432 1164 ex
1491 1110 1646 1165 omni
1700 1110 1902 1174 latere,
1953 1115 2412 1180 convertuntque
2458 1110 2521 1164 in
2544 1117 2655 1168 The
2672 1117 2789 1169 Earl
2805 1119 2866 1169 of

185 1211 196 1222 ‚
341 1210 354 1224 ,
1002 1195 1038 1207 ..
1266 1193 1277 1206 .
1475 1193 1488 1206 .
1738 1195 1751 1207 .
2138 1193 2149 1206 .
2598 1186 2740 1234 Ioum

100 1172 182 1288 ξε·
218 1171 335 1286 Ῑῗὲω
412 1213 550 1251 eum
585 1195 811 1267 pondus
846 1194 1061 1266 proelu‚
1112 1193 1394 1250 lateribus
1436 1210 1563 1264 ejus
1597 1194 1953 1266 applicantes
1988 1193 2259 1266 cuspides
2294 1193 2518 1249 lancea·
2547 1186 2595 1236 G
2624 1251 2636 1264 ‚
2741 1193 2842 1235 ⁸¹2¹·

101 1254 241 1358 Eeff‘x
410 1298 547 1335 rum
583 1285 646 1335 et
679 1279 925 1344 ensium,
983 1277 1119 1332 hinc
1155 1278 1291 1333 inde
1326 1278 1718 1350 impingentes
1769 1296 1903 1332 eum
1938 1283 2029 1334 tot
2072 1277 2318 1343 viribus,
2358 1283 2522 1333 tanta
2545 1252 2690 1303 'flam‘

412 1365 665 1428 feritate,
706 1363 888 1419 donec
923 1362 999 1418 ad
1033 1368 1250 1417 terram
1275 1361 1511 1418 caderet
1542 1363 1666 1417 suis
1689 1362 1914 1418 viribus
1948 1362 2281 1418 destitutus.
2355 1363 2520 1418 Tunc

413 1448 603 1504 rabidi
657 1453 720 1503 et
776 1448 1077 1502 inhumani
1125 1446 1284 1501 Scoti
1339 1452 1516 1518 capnt
1565 1446 1694 1517 ejus
1751 1447 2053 1501 securibus
2099 1447 2411 1502 bissacutis
2460 1453 2521 1503 et

420 1533 637 1605 gladiis
691 1533 963 1597 tundunt,
1019 1535 1309 1603 pungunt,
1349 1536 1411 1584 et
1444 1530 1682 1595 feriunt,
1723 1529 1903 1585 donec
1954 1531 2108 1587 inter
2147 1531 2326 1603 pedes
2368 1531 2520 1587 soni-

412 1618 629 1690 pedum
666 1617 940 1689 spiritum
975 1615 1288 1671 exhalaret.
1366 1613 1532 1683 Quod
1566 1613 1833 1672 videntes
1887 1615 1979 1670 sui
2034 1616 2258 1682 famuli,
2307 1617 2517 1687 fugere

415 1701 785 1757 festinarunt.

483 1784 717 1841 Nobilis
764 1784 942 1840 etiam
987 1784 1161 1848 Baro,
1214 1782 1503 1838 Robertus
1546 1782 1618 1838 de
1667 1781 1926 1847 clifford,
1967 1800 2102 1838 cum
2137 1784 2341 1840 multis
2383 1784 2513 1840 aliis
2543 1783 2704 1835 Other

103 1876 201 1926 MS.
218 1874 347 1926 Bibl.
414 1870 561 1926 viris
607 1868 919 1935 nobilibus,
969 1868 1031 1923 in
1076 1869 1187 1923 hoc
1227 1869 1459 1922 funesto
1493 1867 1766 1922 conflictu
1812 1874 2146 1939 peremptus
2193 1875 2314 1925 est:
2366 1869 2512 1925 ceci·
2537 1851 2694 1901 ¹⁰⁸⁸&
2716 1851 2771 1902 5¹¹

105 1942 212 2008 ΚΘΕ·
238 1946 298 1992 ¹3
415 1954 629 2009 derunt
685 1970 893 2025 nempe
941 1952 1036 2007 die
1083 1951 1187 2007 illo
1222 1951 1507 2007 Dominus
1558 1950 1863 2022 ¹Paganus
1911 1953 2178 2024 Typetot,
2229 1953 2514 2010 Dominus
2539 1917 2624 1968 the
2640 1918 2809 1969 battle.

413 2038 751 2095 Willelmus
804 2035 1206 2100 Marescallus,
1259 2035 1544 2091 Dominus
1581 2036 1860 2106 AEgidius
1909 2036 1982 2091 de
2028 2036 2348 2109 Argentcn,
2402 2039 2517 2094 Do-

414 2122 611 2177 minus
658 2121 1003 2177 Edmundus
1051 2120 1124 2175 de
1161 2119 1379 2185 Matilo,
1408 2137 1543 2175 eum
1589 2120 1793 2175 multis
1841 2120 1973 2176 aliis
2016 2138 2265 2192 quorum
2286 2124 2521 2178 nomina

417 2206 805 2280 praesentibus
829 2207 1085 2261 inserere
1117 2204 1361 2275 longum
1389 2205 1557 2269 foret,
1592 2204 1667 2259 ad
1704 2222 2011 2259 numerum
2035 2205 2325 2271 videlicet,
2351 2205 2375 2239 ²
2390 2205 2524 2278 [mi-
2604 2263 2611 2278 ,

106 2288 357 2385 Τῐὲξθῐπθν
425 2288 626 2361 litum]
669 2296 730 2346 et
765 2291 1195 2354 scutiferorum,
1225 2288 1745 2360 septingentorum.
1822 2288 2078 2345 Comites
2126 2290 2200 2344 de
2234 2291 2526 2345 Hereford

110 2354 194 2434 fis,
209 2372 323 2435 ’Βίιιι
421 2383 481 2431 et
517 2375 591 2430 de
631 2375 919 2439 Penbrok‚
960 2372 1224 2428 videntes
1267 2389 1506 2428 suorum
1546 2372 1801 2444 plagam,
1841 2379 2012 2444 terga
2051 2380 2369 2440 verterunt,
2413 2375 2525 2430 sibi

113 2492 158 2535 Β.
196 2472 207 2485 ·
421 2459 580 2530 fugae
617 2458 891 2531 praesidio
917 2457 1258 2513 consulturi.
1336 2456 1453 2512 Sed
1492 2454 1703 2512 Oomcs
1741 2456 2107 2513 Herefordiae
2148 2459 2209 2514 in
2249 2459 2526 2529 fugiendo

111 2556 241 2606 Cont.
263 2554 374 2604 Tri·
421 2550 624 2614 captus
664 2549 756 2598 cst
788 2543 959 2614 juxta
997 2540 1303 2596 castellum
1346 2539 1419 2595 de
1457 2539 1789 2607 Bosevilla3
1834 2542 1988 2613 capti
2028 2549 2165 2597 sunt
2201 2549 2414 2607 autem,
2467 2549 2529 2599 et

110 2631 198 2682 vet,
219 2638 295 2686 PP·
325 2626 398 2683 15,
420 2628 484 2682 in
521 2627 786 2682 custodia
837 2626 1075 2690 detenti,
1120 2626 1378 2681 Barones
1422 2630 1482 2679 et
1516 2625 1820 2681 Baronetti
1858 2626 2072 2697 viginti
2122 2627 2257 2693 duo,
2307 2628 2525 2683 milites

111 2727 197 2806 MS
231 2754 343 2806 Bm
422 2713 726 2782 sexaginta
749 2716 897 2776 octo,
926 2710 1125 2765 clerici
1162 2716 1222 2765 et
1250 2709 1516 2765 scutiferi
1555 2727 1798 2764 numero
1824 2712 2159 2778 excessiv03
2200 2712 2273 2766 de
2312 2713 2525 2783 quibus

111 2794 222 2887 Reg'.
249 2829 307 2873 13
347 2793 359 2805 ‘
421 2796 707 2851 Dominus
731 2796 1000 2866 Rogerus
1038 2795 1110 2850 de
1132 2792 1541 2863 Northburgh,
1581 2799 1778 2849 custos
1813 2795 2022 2864 targiae
2046 2795 2281 2851 Domini
2319 2796 2521 2868 Regia,

113 2890 164 2940 Β.
184 2890 253 2942 ix,
421 2899 562 2952 quae-
600 2881 674 2935 ab
722 2880 924 2934 eodem
983 2878 1204 2934 ibidem
1263 2895 1369 2950 per
1418 2877 1622 2933 Scotos
1671 2884 1763 2933 est
1808 2878 2017 2943 ablata,
2081 2879 2143 2934 in
2189 2881 2525 2953 captivitate

417 2965 652 3020 ductus.
730 2964 972 3019 Summa
1002 2981 1141 3020 vero
1175 2962 1392 3026 totalis,
1438 2967 1558 3016 tam
1601 2960 1914 3029 Comitum,
1961 2964 2275 3031 Beronum,
2315 2972 2376 3021 et
2413 2966 2525 3021 Ba-

418 3055 798 3113 ronettorum,
843 3066 1018 3119 quam
1055 3046 1331 3111 militum,
1372 3045 1813 3102 interfectorum
1849 3052 1911 3103 et
1947 3054 2248 3120 captorum
2283 3049 2519 3116 ibidem,

419 3140 652 3189 centum
679 3133 1105 3205 quinquaginta
1128 3137 1395 3202 quatuor.

115 3214 211 3264 MS.
232 3214 365 3269 Bibl.
489 3218 743 3282 Interea,
822 3217 1105 3271 Dominus
1180 3213 1525 3286 Radulphus
1601 3213 1675 3269 de
1751 3213 2178 3282 Mounthemer,
2248 3217 2350 3289 qui
2421 3218 2518 3274 de·
2544 3219 2711 3285 Ralph
2735 3224 2797 3273 de

113 3281 224 3358 Reg.
251 3287 309 3332 13
419 3307 797 3375 sponsaverat
847 3300 1156 3355 Dominam
1204 3298 1244 3353 J
1245 3299 1530 3353 channam
1579 3297 1651 3353 de
1698 3296 1900 3364 Aeres,
1964 3299 2335 3357 Comitissam
2384 3302 2521 3359 Gelo·
2543 3286 2838 3366 M⁰¹²¹¹Fh⁶¹²

336 3433 374 3472 .·
420 3388 638 3442 verniae
675 3392 736 3441 et
772 3385 932 3456 regis
984 3384 1289 3456 proesentis
1332 3399 1609 3446 sororem,
1639 3388 1843 3453 captus
1882 3383 2075 3440 fuerat
2110 3386 2265 3457 apud
2302 3387 2522 3444 Sti-ive-
2544 3355 2799 3487 ἓξὲξ

113 3506 200 3556 Μ,
227 3469 264 3548 ’,
293 3505 368 3551 16.
421 3473 557 3543 lyn3
608 3470 835 3527 invenit
891 3469 1143 3540 gratiam
1197 3468 1259 3523 in
1318 3466 1504 3522 oculis
1561 3465 1887 3532 Scotorum,
1942 3468 2167 3524 ratione
2217 3470 2521 3542 cujusdam
2545 3487 2724 3539 13:002,

115 3564 364 3618 MS.Bib1‚
423 3554 833 3612 familiaritatis
875 3570 1008 3608 cum
1069 3552 1233 3623 Rege
1276 3549 1609 3614 eorundem,
1663 3551 1953 3621 quondam
2002 3552 2064 3607 in
2112 3552 2293 3610 Curia
2338 3554 2523 3626 Regis

115 3631 226 3709 Reg.
256 3638 313 3683 1³
423 3640 656 3712 Angliae
693 3637 907 3693 habitas
945 3654 1084 3691 casu
1131 3634 1390 3699 fortuite,
1443 3635 1529 3689 ita
1566 3634 1722 3704 quod
1757 3635 2081 3708 redemptio
2118 3655 2225 3693 sua
2261 3638 2376 3694 fuit
2412 3639 2525 3695 sibi

424 3724 755 3796 perdonata.
848 3719 962 3790 Qui
1008 3720 1072 3775 in
1117 3718 1395 3789 Angliam
1443 3717 1695 3783 rediens,
1745 3720 1998 3791 tar-giam
2036 3720 2271 3777 Domini
2319 3723 2521 3794 Regis,

424 3807 594 3863 modo
636 3823 752 3877 quo
776 3804 796 3834 ³
809 3803 1204 3878 praemittitur,
1232 3821 1268 3858 a
1301 3801 1542 3857 custode
1570 3801 1835 3872 ejusdem
1873 3803 2125 3860 ablatam‘
2166 3824 2270 3878 per
2299 3806 2521 3872 scotos,

425 3909 621 3948 secum
644 3890 984 3963 reportavit,
1012 3906 1122 3944 usu
1161 3888 1347 3960 ipsius
1382 3886 1607 3942 ratione
1635 3888 1856 3959 praevia
1891 3905 1963 3944 ex
1988 3894 2112 3946 toto
2145 3891 2523 3947 nihilominus

424 3975 749 4031 interdictu.

491 4060 512 4092 ⁴
529 4059 653 4114 Rex
687 4075 847 4122 vero,
875 4057 986 4112 etsi
1025 4055 1295 4112 ardenter
1322 4060 1563 4127 cuperet
1591 4055 1896 4122 vindicari,
1924 4063 1985 4113 et
2019 4057 2264 4114 instaret
2291 4058 2364 4114 ad
2391 4059 2520 4115 fun·

426 4143 677 4199 dendum
714 4141 1020 4198 Scotorum
1057 4139 1420 4211 sanguinem,
1447 4158 1484 4195 a
1506 4139 1629 4195 suis
1667 4146 1861 4195 tamen
1899 4140 1971 4195 de
2009 4140 2134 4197 loco
2170 4141 2522 4200 discriminis

491 4392 505 4422 ¹
545 4390 652 4441 Not
695 4388 1027 4454 improbably,
1072 4387 1212 4438 these
1254 4400 1429 4437 names
1524 4391 1584 4435 13
1605 4384 1670 4435 Ε.
1692 4384 1766 4438 ix.

432 4485 558 4520 were
596 4470 751 4519 taken
787 4468 919 4518 from
954 4467 1040 4518 the
1069 4463 1428 4518 Continuation
1587 4466 1607 4496 ⁸
1623 4466 1923 4531 permittitur
1945 4466 2001 4516 in
2024 4467 2109 4517 the
2140 4466 2341 4532 printed
2372 4473 2523 4521 texts.

429 4549 489 4599 of
515 4549 709 4610 Trivet,
745 4547 915 4597 where
959 4561 992 4596 a
1035 4560 1158 4612 very
1203 4544 1299 4594 full
1342 4544 1430 4593 list
1588 4545 1606 4573 ⁴
1632 4544 1745 4594 The
1783 4545 2037 4595 narrative
2059 4546 2118 4596 of
2144 4547 2444 4599 Trokelowe
2479 4551 2525 4601 is

428 4629 474 4678 is
509 4628 663 4694 given
709 4626 771 4676 of
794 4626 882 4677 the
915 4624 1151 4692 English,
1195 4623 1325 4675 alain
1371 4637 1430 4673 or
1521 4624 1819 4690 apparently
1842 4624 2074 4674 followed
2109 4624 2247 4687 here,
2287 4626 2379 4677 but
2398 4628 2521 4678 with

427 4707 576 4757 taken
597 4707 865 4771 prisoner-s.
1521 4717 1553 4752 a
1613 4702 1959 4753 considerable
2015 4703 2280 4754 alteration
2327 4706 2392 4755 of
2435 4707 2522 4759 the

493 4788 513 4816 ²
532 4785 763 4836 Inserted
793 4785 925 4838 from
969 4783 1082 4837 MS.
1119 4782 1255 4838 Bibl.
1299 4782 1428 4847 Reg.
1516 4782 1781 4848 language.
