3300 5617
790 763 921 851 4οὸ
1444 798 1706 849 moins
1751 793 2219 849 wusmcnsu

458 984 589 1036 ΑΛ).
618 991 760 1040 1379.
787 993 1051 1047 surgere,
1088 975 1357 1031 miserias
1385 991 1669 1039 crescere,
1701 991 1993 1030 aerumnas
2028 974 2253 1046 augeri,
2295 979 2310 1009 ¹
2329 971 2652 1046 [fortunam
2687 971 2904 1029 adver·
2935 969 3056 1021 MS-
3075 971 3188 1023 Bih‘-

786 1059 952 1128 sari‚]
1003 1066 1224 1130 negant
1270 1059 1602 1124 consilium,
1665 1064 1888 1130 negant
1944 1059 2248 1124 auxilium,
2311 1063 2532 1130 negant
2593 1057 2900 1121 fiduciam,
2929 1038 3144 1156 ἓξὲξ-ιι*

784 1150 1003 1215 negant
1049 1143 1338 1207 notitiam,
1382 1147 1444 1197 et
1490 1147 1789 1213 postremo
1841 1142 1960 1213 ipsi
2012 1142 2344 1198 efficiuntur
2391 1142 2614 1197 eisdem
2664 1142 2902 1197 cunctis

713 1286 719 1293 ,
782 1228 1049 1283 hostibus
1100 1227 1393 1283 saevioreS.
1488 1227 1693 1282 Patuit
1746 1227 1856 1282 hoc
1911 1244 2029 1281 non
2080 1226 2262 1281 semel
2317 1231 2421 1282 aut
2477 1227 2715 1291 iterum,
2769 1227 2902 1282 sive

783 1313 977 1377 tertiO‚
1030 1311 1134 1367 sed
1181 1317 1322 1382 puto
1369 1310 1670 1375 infinities‚
1724 1311 1776 1365 si
1830 1310 1903 1366 ab
1953 1310 2182 1381 origine
2242 1311 2437 1381 gentis
2491 1309 2758 1381 ejusdem
2807 1327 2901 1365 re·

782 1403 978 1453 texere
1017 1402 1228 1451 cuncta
1262 1396 1352 1451 fas
1394 1394 1491 1451 sit.
1566 1394 1742 1450 Patet
1776 1394 1839 1449 in
1871 1395 2152 1466 praesenti
2188 1400 2450 1466 tempore
2484 1394 2642 1466 quod
2672 1394 2898 1451 nona-is

783 1480 1008 1536 damnis
1046 1481 1348 1545 sentimus,
1388 1478 1773 1535 effectualiter
1807 1479 2122 1535 cernimus.

453 1573 670 1637 capture
692 1576 754 1625 of
855 1564 1188 1629 EnimverO,
1217 1581 1351 1619 cum
1374 1562 1662 1619 Dominus
1687 1563 1870 1634 Hugo
1902 1561 2205 1618 Calverlee
2236 1568 2298 1619 et
2330 1561 2615 1619 Dominus
2637 1562 2896 1618 Thomas

452 1657 516 1689 an
546 1643 761 1708 English
787 1647 975 1720 Percy
1025 1648 1101 1703 ad
1148 1647 1474 1703 custodiam
1520 1647 1702 1702 maris
1756 1646 2034 1702 destinati
2096 1646 2364 1712 fuissent,
2416 1645 2590 1702 obvia
2642 1645 2760 1701 fuit
2805 1646 2896 1701 eis

450 1709 608 1823 {³⁸25
787 1731 998 1802 bargia
1045 1731 1313 1804 quoedam
1370 1730 1703 1795 Gornubiae,
1754 1729 1828 1785 de
1875 1729 2022 1786 villa
2085 1729 2158 1785 de
2202 1729 2461 1802 Foiway,
2520 1747 2670 1802 qum,
2737 1727 2896 1800 ²jam

451 1790 728 1910 Ὲῖθωῗῃεε,
786 1820 1079 1871 transacto
1127 1822 1388 1887 tempore
1435 1831 1471 1869 a
1518 1814 1686 1885 Rege
1734 1814 1849 1869 sibi
1895 1814 2175 1885 deputato
2209 1813 2286 1869 ad
2325 1814 2506 1869 maris
2543 1813 2892 1878 custodiam.

785 1908 920 1955 ante
978 1900 1314 1972 ingressum
1361 1898 1654 1955 dictorum
1717 1897 1979 1954 militum
2029 1897 2307 1969 Hugonis
2355 1903 2416 1953 et
2451 1898 2707 1964 Thomoe,
2758 1915 2896 1953 con-

784 1985 1034 2055 sumptis
1072 1983 1380 2055 stipendiis
1433 1983 1671 2038 domum
1706 1981 1900 2036 redire
1937 1982 2199 2053 parabat.
2289 1980 2479 2051 Quam
2513 2000 2650 2038 cum
2683 1999 2894 2053 cogno-

781 2068 1006 2123 vissent
1028 2068 1211 2122 iidem
1241 2066 1480 2131 milites,
1508 2071 1570 2122 et
1593 2083 1831 2121 causam
1861 2066 2051 2137 ipsius
2088 2065 2334 2131 reditus,
2362 2066 2658 2137 petierunt
2685 2073 2753 2122 ut
2788 2065 2892 2137 qui

782 2152 845 2206 in
894 2169 964 2207 ea
1011 2157 1178 2206 erant
1243 2168 1377 2206 cum
1443 2148 1648 2204 eodem
1695 2165 1835 2204 vase
1894 2153 2332 2204 reverterentur
2378 2166 2514 2205 cum
2566 2150 2672 2211 eis,
2725 2148 2747 2181 ³
2760 2166 2893 2219 pro-

781 2238 1082 2292 mittentes
1134 2252 1197 2291 se
1251 2235 1488 2290 interim
1550 2234 1834 2305 quosdam
1889 2250 1960 2287 ex
2024 2233 2147 2288 suis
2211 2232 2492 2303 Angliam
2543 2233 2890 2288 remissurus

781 2339 888 2392 pro
941 2338 1143 2376 eorum
1179 2318 1467 2391 stipendio
1517 2317 1864 2373 renovando.
1941 2316 2067 2389 Ipsi
2102 2334 2261 2382 ver0,
2301 2316 2556 2388 propriis
2592 2334 2893 2372 cessurum

782 2404 1102 2459 commodis
1156 2403 1527 2467 arbitranteS,
1586 2402 1638 2457 si
1694 2400 1837 2472 quid
1887 2418 1959 2455 ex
2011 2400 2268 2456 hostium
2318 2401 2610 2456 manubiis
2668 2401 2689 2433 ⁴
2707 2401 2895 2455 obiter

780 2486 1000 2543 lucrari
1052 2487 1333 2552 valerent,
1398 2491 1622 2556 negant
1682 2503 1745 2540 se
1795 2502 1903 2556 pro
1963 2489 2103 2540 tunc
2166 2484 2479 2550 redituros,
2543 2484 2648 2541 sed
2695 2485 2890 2556 potius

781 2569 801 2601 ⁵
817 2570 1021 2625 dicunt
1057 2588 1120 2626 se
1154 2570 1535 2641 navigaturos
1573 2568 1647 2624 ad
1683 2568 1939 2640 propria,
1979 2574 2041 2623 et
2074 2574 2279 2639 postea
2312 2570 2479 2625 novis
2514 2569 2887 2631 victualibus,

781 2655 951 2710 novis
1010 2655 1382 2719 utensilibus,
1446 2671 1597 2708 novo
1656 2652 1885 2717 robore,
1957 2669 2319 2708 reversuros.
2425 2651 2584 2720 Quid
2656 2653 2842 2709 multa
2863 2652 2892 2708 Ρ

782 2738 1098 2795 Velificant
1149 2738 1264 2810 ipsi
1316 2754 1525 2794 versus
1576 2735 1865 2808 patriamg
1919 2735 2160 2802 milites,
2216 2754 2350 2791 cum
2401 2737 2526 2793 suis
2579 2737 2655 2792 ad
2711 2738 2890 2792 maris

786 2823 1108 2878 custodiam
1155 2828 1217 2877 et
1265 2821 1531 2886 tutelam,
1574 2820 1595 2852 ⁶
1609 2838 1765 2886 cum,
1805 2819 1973 2875 ecce!
2030 2836 2165 2875 cum
2210 2819 2438 2875 volucri
2473 2838 2652 2877 cursu
2687 2821 2890 2876 semoti

785 2913 982 2962 essent
1015 2906 1218 2977 procul
1254 2907 1326 2961 ab
1359 2905 1631 2971 invicem,
1660 2911 1721 2961 et
1753 2905 2021 2975 utrisque
2062 2904 2229 2960 visus
2263 2911 2328 2961 et
2360 2905 2618 2976 cognitio
2651 2904 2894 2961 ⁷fuisset

784 2991 1031 3053 ablatus,
1090 2990 1321 3045 obviam
1367 2989 1584 3045 habent
1631 2989 2064 3044 Cornubienses
2118 2988 2409 3060 quandam
2466 3007 2676 3045 navem
2724 2990 2892 3045 Flan-

784 3075 1071 3140 drensem‚
1126 3074 1367 3129 armatis
1432 3078 1720 3138 onustam,
1774 3072 2013 3144 perfidis
2071 3072 2376 3143 repletam,
2420 3073 2751 3129 crudelibus
2801 3092 2891 3128 re-

784 3159 1013 3225 fertam,
1070 3157 1269 3229 impiis
1332 3163 1647 3213 oneratam.
1743 3155 1860 3226 Qui
1913 3163 2217 3212 cernentes
2276 3157 2546 3228 bar-giam
2592 3158 2794 3223 solam,
2832 3164 2895 3213 et

785 3248 1201 3313 cognoscentes
1263 3248 1528 3297 nostrum
1589 3239 1896 3311 navigium
1946 3240 2008 3293 in
2061 3240 2207 3296 alias
2269 3248 2465 3312 partes
2516 3242 2889 3306 concessisse,

785 3327 947 3398 operi
984 3331 1260 3383 consueto
1307 3326 1510 3382 dantes
1554 3342 1811 3397 operam,
1858 3322 1973 3379 fide
2019 3324 2349 3396 profligata,
2387 3325 2604 3398 pietate
2638 3326 2888 3398 repulsa,

786 3417 1019 3481 sumpta
1054 3410 1315 3475 audacia,
1355 3410 1418 3465 in
1453 3415 1685 3465 nostros
1724 3425 1887 3463 arma
1920 3414 2285 3465 convertunt.
2363 3408 2479 3465 Sed
2504 3416 2563 3465 et
2584 3416 2889 3473 nostrates,

784 3500 1087 3550 cernentes
1115 3513 1243 3551 rem
1279 3494 1379 3564 agi
1417 3511 1523 3566 pro
1560 3493 1870 3564 capitibus,
1909 3490 2008 3547 ⁸et
2040 3491 2157 3563 ipsi
2195 3510 2258 3548 se
2289 3499 2500 3565 parant
2533 3494 2610 3549 ad
2642 3494 2894 3549 viriliter

783 3579 1192 3635 resistendum.
1300 3578 1401 3633 Fit
1448 3577 1638 3649 igitur
1686 3576 1989 3632 conflictus
2029 3576 2449 3644 atrocissimus,
2512 3578 2724 3633 nostris
2784 3595 2892 3649 pro

783 3668 960 3723 rebus
998 3674 1057 3722 et
1090 3668 1214 3723 vita
1249 3666 1627 3731 certantibus,
1651 3664 2112 3720 Flandrensibus
2135 3664 2203 3719 ‘e
2239 3671 2441 3721 contra
2473 3665 2885 3727 laborantibus,

783 3771 857 3808 ne
893 3770 1097 3808 eorum
1130 3750 1196 3806 in
1227 3751 1338 3806 hac
1369 3756 1536 3822 parte
1574 3749 1614 3782 ¹⁰
1626 3749 1909 3822 prodatur
1943 3747 2114 3805 dolus
2150 3755 2212 3805 et
2246 3749 2491 3818 falsitas,
2531 3751 2583 3807 si
2609 3769 2725 3808 non
2757 3769 2889 3808 con-

794 3927 1181 3934 ——-——.-—

852 4034 1135 4100 'Supplied
1184 4032 1313 4085 from
1363 4032 1495 4084 Bibl.
1545 4033 1673 4098 Beg.
1725 4038 1785 4082 13
1883 4036 1942 4081 13
1964 4030 2113 4081 nix.

783 4114 844 4163 E.
863 4114 958 4164 ix.:
994 4113 1203 4163 omitted
1223 4112 1279 4161 in
1297 4112 1382 4161 the
1394 4111 1597 4176 printed
1616 4117 1769 4162 texts.
1950 4112 1971 4140 ⁶
1993 4110 2160 4161 These
2179 4116 2284 4162 two
2307 4113 2471 4163 vonis
2493 4124 2576 4164 are
2597 4110 2805 4165 omitted
2837 4113 2892 4164 in

850 4196 871 4223 ²
893 4200 989 4242 tam
1032 4192 1088 4241 in
1135 4191 1263 4258 orig.
1308 4193 1408 4242 and
1452 4190 1539 4241 the
1582 4190 1784 4255 printed
1885 4189 1972 4240 the
1992 4188 2187 4253 printed
2211 4196 2364 4242 texts.

784 4278 933 4323 texts.
1953 4269 1972 4296 ⁷
1992 4268 2217 4320 Omitted
2237 4269 2294 4319 in
2309 4270 2395 4320 the
2415 4271 2614 4335 printed
2634 4278 2786 4322 texts.

852 4353 872 4382 ⁸
887 4351 1170 4416 promittens
1191 4349 1247 4399 iu
1268 4349 1355 4399 the
1376 4349 1578 4414 printed
1596 4355 1750 4400 texts.
1953 4348 1973 4376 ⁸
1995 4354 2044 4397 et
2063 4350 2295 4412 repeated
2309 4348 2364 4398 in
2381 4349 2507 4416 orig.
2531 4372 2546 4411 ς
2570 4351 2638 4417 by
2658 4351 2895 4401 inadver-

851 4432 870 4460 ⁴
891 4429 1059 4480 leniter
1083 4429 1140 4478 in
1171 4429 1298 4494 orig.
1330 4430 1433 4478 and
1464 4427 1551 4478 the
1584 4428 1785 4493 printed
1885 4433 2051 4478 tence.

784 4516 936 4562 texts.
1002 4509 1270 4561 corrected
1306 4508 1437 4557 from
1480 4507 1615 4558 Bibl.
1656 4507 1781 4572 Reg.
1954 4509 1975 4536 ⁹
1995 4523 2022 4556 e
2042 4507 2250 4559 omitted
2269 4508 2324 4558 in
2352 4508 2439 4560 the
2461 4507 2662 4574 printed
2682 4515 2836 4561 texts,

789 4596 850 4640 13
872 4591 933 4641 Ε.
956 4589 1028 4640 ix.
1940 4587 1975 4617 ¹⁰
1989 4586 2232 4648 perdatur
2245 4586 2302 4637 in
2317 4587 2452 4653 orig.¹
2468 4588 2569 4638 and
2583 4587 2671 4637 the
2693 4588 2895 4652 printed

852 4671 871 4700 ⁸
891 4668 1076 4719 (lacuna
1104 4667 1163 4717 in
1194 4667 1319 4733 orig.
1342 4666 1445 4717 and
1473 4664 1558 4717 the
1581 4663 1783 4730 printed
1888 4673 2038 4720 texts.
2107 4666 2376 4719 corrected
2412 4666 2540 4718 stom
2579 4666 2720 4718 Bibl.
2762 4669 2896 4735 Reg.

785 4754 935 4800 texts.
1004 4747 1275 4799 corrected
1310 4746 1441 4796 from
1475 4743 1616 4796 Bibl.
1656 4743 1784 4809 Beg.
1892 4752 1953 4800 13
1975 4749 2035 4799 E.
2059 4746 2131 4798 ix.
