3300 5617
1103 818 1429 869 ms'ronu
1474 819 1878 873 mentemst
2411 810 2540 880 357

837 1107 855 1145 ¹
891 1107 1396 1176 Declarationes
1439 1111 1499 1177 J
1495 1110 1794 1180 ohannis
1852 1111 2155 1200 Wickliff.

547 1267 674 1322 ‘In
696 1267 996 1340 principio,
1030 1274 1319 1339 protestor
1354 1270 1604 1341 publice,
1642 1271 1796 1328 sicut
1831 1290 1984 1345 soepe
2022 1273 2137 1329 feci
2173 1274 2337 1340 alias,
2380 1274 2534 1345 quod
2557 1274 2625 1325 A.
2629 1274 2694 1326 D.
2724 1281 2814 1328 137
2817 1283 2865 1328 8.

455 1354 492 1378 “
529 1369 784 1423 propono
820 1358 880 1408 et
911 1353 1061 1417 volo,
1113 1371 1183 1408 ex
1229 1359 1351 1410 toto
1391 1355 1564 1411 corde
1618 1372 1767 1420 mee,
1818 1358 2110 1413 mediante
2159 1357 2271 1413 Dei
2319 1359 2528 1429 gratia,
2557 1358 2792 1410 Declara-

454 1439 491 1462 “
531 1454 658 1491 esse
729 1437 958 1508 integer
1024 1436 1412 1504 Christianus,
1491 1444 1550 1494 et
1624 1439 1904 1510 quamdiu
1976 1442 2258 1498 manserit
2316 1444 2379 1496 in
2435 1460 2530 1498 mo
2553 1425 2844 1541 ξῡῑίῧωῆᾱξ

452 1522 488 1545 “
527 1519 761 1584 halitus,
799 1520 1057 1592 profiteri
1105 1528 1280 1593 atque
1331 1521 1660 1587 defendere,
1713 1530 1995 1594 quantum
2043 1526 2283 1590 sufficie,
2334 1526 2526 1597 legem
2553 1507 2828 1608 iffdesgssge

452 1606 488 1629 ‘⁶
527 1603 769 1659 Christi.
856 1604 935 1660 Et
992 1604 1148 1676 quod
1206 1606 1257 1660 si
1317 1623 1387 1660 ex
1446 1606 1779 1677 ignorantia
1834 1608 1929 1662 vel
1992 1626 2338 1680 quacunque
2410 1610 2529 1665 alia
2551 1624 2613 1673 of
2625 1625 2710 1675 the
2728 1625 2859 1676 Con-

452 1690 486 1712 “
527 1705 703 1743 cansa
754 1687 816 1742 in
864 1690 977 1744 isto
1031 1687 1315 1754 defecero,
1370 1707 1516 1761 rogo
1566 1690 1761 1746 Deum
1814 1708 2011 1746 meum
2060 1690 2133 1747 de
2191 1694 2398 1760 venia3
2467 1690 2780 1751 6101118ῑοῦ3-

449 1773 486 1796 “
524 1789 694 1834 nunc,
745 1778 919 1842 prout
1003 1778 1229 1838 extunc,
1300 1790 1508 1829 revoco
1568 1780 1628 1830 et
1686 1780 1958 1840 retract0,
2021 1775 2371 1833 submittens
2430 1795 2524 1833 me

448 1857 485 1880 “
523 1854 823 1911 humiliter
860 1856 1202 1912 correctioni
1244 1857 1470 1912 Sanctae
1511 1854 1722 1913 Matris
1769 1858 2068 1914 Ecclesiae.
2142 1859 2223 1915 Et
2257 1879 2387 1930 quae
2422 1880 2528 1933 per

446 1940 484 1963 ‘⁶
522 1955 731 2009 pueros
768 1936 790 1970 ²
806 1944 1100 2011 reportata
1145 1944 1237 1996 est
1282 1941 1570 1995 sententia
1607 1940 1742 1996 fidei
1782 1960 1957 2013 quam
2005 1942 2126 1998 dixi
2175 1944 2236 1998 in
2269 1943 2292 1977 ⁸
2310 1945 2526 2000 scholis

446 2023 482 2046 ‘⁶
521 2026 581 2076 et
627 2020 786 2086 alibi,
837 2039 904 2077 ac
950 2022 1159 2093 magis,
1210 2040 1317 2095 per
1362 2040 1573 2094 pueros
1621 2025 1800 2080 etiam
1848 2043 2035 2097 usque
2084 2026 2157 2080 ad
2205 2026 2527 2083 Romanam

445 2107 482 2130 “
521 2104 760 2161 Curiam
808 2110 1213 2178 transportata,
1267 2106 1418 2172 ideo,
1456 2124 1530 2162 ne
1584 2107 1903 2164 Christiani
1959 2109 2428 2165 scandalizentur
2465 2112 2526 2167 in

445 2191 481 2214 “
521 2206 632 2253 me,
668 2189 802 2244 volo
836 2190 898 2244 in
934 2190 1168 2261 scriptis
1216 2189 1354 2245 dare
1391 2191 1739 2246 sententiam
1775 2208 1845 2246 ex
1881 2210 1999 2264 qua
2031 2193 2334 2264 imwtitus
2372 2213 2522 2260 sum,

444 2274 481 2297 “
521 2290 695 2342 quam
738 2273 870 2328 volo
916 2290 1103 2344 usque
1138 2272 1214 2328 ad
1248 2278 1495 2328 mortem
1542 2273 1872 2339 defendere,
1914 2276 2069 2332 sicut
2114 2277 2287 2331 credo
2323 2295 2522 2334 omnes

443 2360 480 2383 “
520 2355 878 2412 Christianos
915 2356 1143 2422 debere,
1196 2356 1298 2412 sed
1346 2357 1680 2428 specialiter
1728 2357 2054 2414 Romanum
2089 2359 2429 2415 Pontificem
2466 2369 2526 2417 et

443 2442 479 2465 ‘⁶
519 2446 756 2496 caeteros
805 2439 1130 2496 sacerdotes
1178 2440 1474 2495 Ecclesiae.
1549 2440 1830 2512 Intelligo
1877 2448 2073 2497 autem
2111 2442 2524 2500 conclusiones

443 2526 479 2549 “
518 2523 592 2578 ad
651 2541 885 2579 sensum
944 2530 1005 2579 et
1061 2524 1297 2579 modum
1355 2523 1631 2595 loquendi
1694 2525 2013 2596 Scripturae
2073 2532 2133 2581 et
2181 2528 2521 2583 Sanctorum

442 2611 479 2633 ‘⁴
518 2607 851 2672 Doctorum,
893 2625 1066 2679 quem
1100 2614 1338 2679 paratus
1388 2625 1518 2662 sum
1565 2624 1881 2678 exponer03
1935 2614 1995 2663 et
2043 2608 2177 2665 dato
2215 2611 2371 2681 quod
2405 2613 2524 2668 sint

442 2694 479 2716 “
520 2690 653 2746 fidei
688 2691 1014 2756 contrariae,
1053 2690 1185 2745 volo
1220 2691 1379 2761 ipsas
1415 2690 1783 2762 paratissime
1818 2708 2108 2749 revocare.

512 2776 549 2801 ‘⁸
587 2773 788 2829 Prima
810 2773 1136 2830 Conclusio,
1217 2774 1427 2829 Totum
1462 2791 1648 2844 genus
1684 2774 2000 2829 humanum
2036 2778 2517 2843 concurrentium,

443 2860 479 2883 “
519 2858 677 2912 citra
700 2857 1020 2923 Christum,
1058 2875 1173 2913 non
1207 2857 1386 2913 habet
1429 2862 1778 2929 potestatem
1825 2857 2128 2913 ordinandi
2177 2860 2522 2931 simpliciter

442 2944 478 2966 “
517 2947 583 2997 ut
628 2942 858 3007 Petrus,
900 2946 961 2997 et
995 2959 1163 2997 omne
1214 2957 1401 3011 genus
1456 2958 1647 3004 suum,
1688 2940 2018 2996 dominetur
2064 2942 2126 2996 in
2173 2950 2520 3015 perpetuum

441 3029 476 3050 ‘⁴
515 3024 749 3095 politice
803 3042 977 3096 super
1027 3023 1685 3094 mundum.—Patetque
1745 3041 1859 3078 non
1915 3023 1935 3056 ⁴
1955 3029 2044 3080 est
2102 3024 2164 3079 in
2222 3025 2520 3082 hominum

440 3112 476 3132 “
514 3114 797 3179 potestate
857 3107 1142 3180 impedire
1204 3106 1518 3163 adventum
1567 3106 1791 3163 Christi
1856 3107 1931 3162 ad
1991 3107 2162 3163 finale
2208 3109 2515 3179 judicium,

439 3193 475 3216 “
516 3191 670 3262 qnod
694 3197 919 3264 oportet
938 3191 959 3224 '¹
979 3210 1175 3247 creare
1204 3191 1374 3264 juxta
1402 3191 1572 3245 illum
1598 3189 1931 3246 Articulum
1956 3191 2143 3257 Fidei,
2175 3194 2189 3218 ‘
2209 3192 2355 3247 Inde
2381 3211 2517 3248 ven-

439 3278 474 3300 “
519 3278 532 3301 ‘
560 3281 727 3331 turus
763 3282 854 3331 est
881 3275 1147 3348 judicare
1178 3277 1342 3332 vivos
1379 3281 1441 3330 et
1472 3274 1773 3330 mortuos.’
1845 3274 2069 3330 Exhinc
2105 3275 2278 3339 enim,
2319 3294 2518 3331 secun-

438 3362 474 3384 “
513 3358 653 3413 dnm
690 3359 862 3414 fidem
919 3359 1255 3431 Scripturae,
1313 3359 1565 3415 cessabit
1612 3357 1913 3413 hominum
1948 3358 2169 3430 politia.
2243 3358 2521 3430 Intelligo

438 3446 473 3468 “
513 3450 707 3497 autem
762 3443 1209 3499 dominationem
1260 3443 1576 3515 politicam,
1632 3441 1727 3496 vel
1780 3441 2015 3497 civilem
2043 3441 2520 3497 -dominationem

437 3530 473 3552 “
514 3527 868 3594 soecularem,
924 3528 1216 3600 pertinere
1283 3527 1450 3582 laicis
1519 3525 1726 3582 activis
1779 3524 2091 3590 viantibu8‚
2155 3525 2294 3580 dum
2354 3544 2515 3597 pere·

437 3614 471 3636 ‘⁶
512 3612 838 3681 grinantur,
895 3631 930 3666 a
987 3612 1256 3667 Domine.
1331 3610 1421 3666 De
1474 3609 1578 3665 tali
1634 3609 1790 3664 enim
1836 3609 2223 3665 dominatione
2282 3610 2519 3681 politica

437 3694 828 3765 “loquuntur
862 3695 1209 3767 philosophi.
1302 3694 1380 3749 Et
1441 3693 1708 3764 quamvis
1771 3696 1785 3719 ‘
1806 3692 2195 3769 periodicum'
2255 3699 2513 3758 vocatur,

437 3779 474 3802 “
514 3777 855 3848 quandoque
895 3782 1292 3850 ‘perpetuum,
1299 3777 1316 3803 ⁹
1354 3776 1493 3849 quia
1528 3782 1726 3831 tamen
1772 3775 1834 3830 in
1884 3776 2186 3849 Scriptura
2234 3794 2415 3841 sacra,
2455 3777 2518 3831 in

437 3864 473 3886 “
512 3879 623 3915 usu
671 3861 967 3926 Ecclesiae‚
1013 3870 1073 3917 et
1107 3862 1275 3917 libris
1325 3859 1819 3934 philosophorum,
1877 3861 2288 3932 ‘perpetuum’
2340 3861 2517 3915 sumi-

436 3948 473 3969 “
512 3950 609 3999 tur
641 3947 961 4001 communis
999 3965 1105 4018 pro
1133 3945 1412 4002 ‘aeterno’
1440 3950 1659 4017 aperte,
1694 3949 1828 4015 post
1859 3943 1921 3997 in
1949 3944 2055 3998 illa
2090 3942 2511 4013 significatione

435 4032 471 4052 ‘⁶
511 4027 819 4083 famosiorc
872 4047 1131 4100 suppono
1182 4029 1496 4084 terminum
1555 4026 1725 4083 illum
1786 4027 1946 4098 capi3
2005 4027 2090 4082 sic
2149 4026 2304 4081 enim
2361 4026 2517 4082 canit

1358 4185 1401 4189 ω
1438 4183 1589 4189 ψ-..-
1666 4183 1830 4187 -ὴ-ῘΗ
1851 4182 1870 4186 -
1883 4181 2026 4186 Ψ.-
2391 4182 2402 4187 ,

498 4282 509 4311 ¹
537 4284 566 4309 ‘⁴
592 4280 711 4329 Ista*
732 4290 848 4331 sunt
872 4280 1249 4332 Declarationes
1267 4283 1426 4346 sactoe
1581 4284 1600 4312 ²
1624 4281 1790 4332 These
1813 4288 1914 4331 two
1938 4281 2100 4331 words
2123 4296 2205 4331 are
2227 4280 2430 4333 omitted
2459 4282 2512 4332 in

431 4366 461 4387 ‘⁶
492 4376 583 4423 per
627 4358 824 4409 eundem
887 4360 1163 4411 ,tolonum
1232 4360 1427 4425 Wyclff,
1515 4360 1601 4409 the
1624 4359 1825 4423 printed
1844 4366 1992 4410 ‘0¹¹⁸-

432 4443 462 4465 ·‘
496 4455 645 4503 super
696 4437 1060 4529 Proposiciones
1097 4456 1222 4503 quas
1273 4456 1427 4505 snpra
1470 4460 1474 4511 Ι
1581 4443 1600 4469 ³
1620 4438 1808 4489 scholas
1829 4440 1884 4488 in
1897 4439 2039 4502 orig„
2068 4439 2136 4503 by
2149 4440 2512 4494 inadvertence.

432 4523 459 4543 ‘⁶
496 4518 765 4565 notavimus
829 4519 878 4566 in
908 4517 1310 4582 prcrcedentibn,
1352 4518 1474 4568 dic
1585 4519 1602 4548 ⁴
1623 4534 1726 4568 esse
1759 4518 1813 4567 in
1847 4518 2077 4568 Parker's
2112 4526 2258 4579 text3
2299 4526 2420 4569 esset
2457 4518 2512 4569 in

448 4600 587 4659 ‘quo
607 4612 768 4644 coram
791 4595 1059 4661 Epi-scopis
1091 4599 1343 4661 apparuit,
1377 4607 1431 4646 ut
1471 4614 1475 4627 ·
1519 4596 1757 4647 Camden
1759 4613 1783 4645 s
1816 4604 1938 4646 text.

432 4673 1430 4740 ·⁶praelibavimus‚ap11dLamblaitlae.”—
1471 4660 1477 4721 1
1586 4679 1726 4743 ⁵Qy.
1754 4678 1804 4727 if
1817 4685 1905 4728 not
1927 4676 2129 4728 credere.

431 4753 605 4804 Title
590 4769 643 4803 111
676 4754 803 4805 Bibl.
828 4756 951 4820 Reg.
976 4761 1033 4804 13
1058 4756 1116 4805 Ε.
1143 4755 1214 4806 ix.
1471 4756 1478 4803 Ι
