3300 5617
1079 780 1405 831 mercam
1449 782 1866 836 ANGLICANA.
2387 778 2511 840 311

36 966 163 1020 18.
191 970 354 1023 Bibl.
417 972 479 1022 et
520 967 790 1038 ingratus
837 964 930 1020 illi
977 964 1232 1021 Roberto
1280 965 1571 1021 diceretur
1606 968 1681 1022 ab
1716 970 2002 1035 omnibus,
2054 976 2115 1025 et
2161 959 2676 1027 crederetui-441)-
2708 966 2845 1013 ¹3⁷⁰·

37 1033 182 1117 &3-
219 1042 292 1089 ¹³
416 1051 541 1106 Rex
575 1047 896 1106 Edwardus
932 1048 1308 1105 nihilominus
1360 1050 1647 1107 subtraxit
1698 1053 1771 1107 ab
1822 1054 2025 1109 eodem
2075 1055 2331 1110 Roberto
2367 1057 2517 1111 dona

36 1113 91 1150 ⁴⁴·
123 1116 218 1155 ¹¹·
416 1134 681 1205 quaedam
718 1148 848 1204 quae
882 1151 989 1205 per
1023 1136 1157 1188 ante
1190 1132 1303 1188 sibi
1339 1135 1664 1191 contulerat
1680 1158 1695 1201 ;
1734 1136 1888 1192 unde
1917 1138 2180 1210 contigit,
2228 1146 2294 1194 ut
2323 1140 2514 1195 dictus

413 1218 703 1274 Robertus
725 1216 1005 1289 Angliam
1035 1230 1152 1271 non
1179 1216 1422 1273 auderet
1448 1218 1686 1285 intrare,
1718 1227 2028 1293 antequam
2053 1222 2237 1293 Regis
2263 1226 2515 1294 gratiam

411 1314 627 1373 magna
659 1301 907 1374 pecunia
960 1306 1371 1372 comparasset.
1449 1301 1566 1357 Sed
1615 1302 1741 1359 haec
1787 1304 2034 1361 inferius
2081 1307 2311 1378 plenius
2350 1309 2512 1363 inno-

413 1391 652 1442 tescent.
728 1386 924 1457 Igitur
955 1384 1147 1440 dictus
1186 1385 1245 1440 J.
1283 1385 1750 1452 Menstreworth,
1778 1406 2018 1445 cernens
2049 1409 2215 1446 suam
2247 1394 2513 1448 fraudem
2538 1384 2633 1427 'rho
2650 1385 2762 1427 ΜΒ

410 1484 525 1525 11011
572 1486 743 1543 posse
796 1469 1128 1541 procedere,
1169 1474 1231 1523 et
1265 1487 1328 1525 se
1363 1487 1720 1541 cognoscens
1774 1473 2199 1545 deprehensum
2242 1477 2303 1531 in
2351 1495 2509 1531 men-
2537 1447 2765 1548 mer·

410 1554 594 1619 dacin,
633 1554 791 1625 fugit
824 1553 899 1608 ad
934 1552 1160 1624 Regem
1198 1552 1478 1618 Franciae,
1519 1554 1738 1610 domini
1774 1559 1867 1611 sui
1905 1558 2145 1615 effectus
2182 1559 2512 1617 infandissi-
2536 1548 2615 1629 {fig
2707 1532 2823 1637 ἔξω

410 1652 542 1693 mus
577 1638 858 1710 proditor,
900 1645 968 1691 ut
1002 1635 1155 1691 infra
1188 1637 1427 1708 patebit.
1620 1646 1628 1653 ’
2533 1639 2585 1680 0?
2598 1637 2784 1681 1²¹2ssoe-

37 1726 178 1780 MS.
205 1731 351 1782 Bibl.
481 1723 611 1777 Hoc
652 1738 801 1777 anno
837 1718 1111 1776 Urbanus
1149 1721 1312 1792 Papa
1352 1721 1424 1775 de
1459 1721 1647 1777 Roma
1683 1723 1861 1779 rediit
1898 1725 2281 1791 Annivonem,
2327 1744 2398 1783 ea
2437 1729 2509 1783 de
2532 1707 2795 1785 P⁰P0.U¹''

37 1794 196 1875 Reg·
217 1804 281 1848 13
411 1824 604 1870 causa,
672 1812 741 1861 ut
805 1805 1003 1876 Reges
1066 1802 1395 1875 Anglorum
1460 1811 1522 1860 et
1583 1806 1941 1862 Francorum
2006 1810 2081 1865 ad
2144 1812 2510 1866 concordiam
2534 1775 2756 1890 ἓζὲυἶδω

41 1928 136 1977 Co
178 1902 306 1982 {M
419 1892 711 1946 invitaret.
790 1889 925 1953 Sed,
976 1889 1124 1961 proh
1171 1888 1372 1943 dolor!
1441 1895 1574 1944 ante
1627 1896 1749 1945 tam
1796 1891 1957 1962 pium
2007 1908 2151 1964 opus
2194 1895 2506 1966 inceptum,
2535 1913 2745 1970 attempt
2767 1912 2819 1956 to

41 1945 281 2055 Γίῐὲαὼ,
307 1949 364 1983 u·
409 1979 594 2029 morte
655 1977 1006 2045 praeventus,
1065 1971 1344 2027 vicesimo
1400 1973 1653 2027 secundo
1715 1973 1811 2028 die
1870 1975 2211 2033 Decembris
2268 1980 2340 2034 ab
2399 1981 2510 2034 hac
2536 1972 2776 2023 esstablissh

46 2077 143 2126 pp.
171 2069 359 2127 208‚9.
406 2058 538 2114 luce
598 2057 857 2113 instabili
920 2061 1012 2110 est
1072 2056 1419 2111 subtractus.
1521 2056 1914 2129 Sepultusque
1975 2060 2089 2115 fuit
2146 2061 2363 2116 ibidem
2435 2065 2510 2119 ad
2534 2055 2683 2117 1³5³oe
2712 2060 2725 2100 ³
2752 2041 2844 2089 but

406 2150 636 2213 tempus
671 2141 736 2195 in
772 2139 1022 2194 ecclesia
1063 2138 1417 2202 Gathedrali,
1451 2140 1620 2210 juxta
1662 2158 1943 2212 magnum
1981 2144 2183 2209 altare,
2225 2145 2329 2199 sed
2378 2155 2513 2218 post
2537 2107 2656 2155 ὤθει

406 2227 542 2281 anni
575 2225 826 2297 spatium
859 2223 986 2293 ejus
1011 2240 1144 2278 ossa
1166 2223 1240 2277 ad
1262 2222 1617 2278 Abbathiam
1642 2224 1841 2280 Sancti
1864 2226 2122 2283 Victoris
2150 2230 2322 2300 juxta
2354 2230 2507 2285 Mar·

406 2310 619 2374 ciliam,
653 2308 753 2363 ubi
787 2307 1079 2377 quondam
1115 2305 1315 2362 Abbas
1353 2308 1564 2371 fuerat,
1605 2308 2001 2380 deportantur,
2043 2317 2104 2367 et
2140 2315 2204 2367 in
2242 2314 2506 2380 ecclesia,

408 2408 583 2466 quam
618 2394 744 2465 ipse
780 2410 887 2465 pro
921 2391 1132 2462 majori
1179 2397 1346 2462 parte
1381 2391 1455 2445 de
1489 2410 1641 2448 novo
1689 2400 2108 2460 construxerat,
2145 2396 2316 2467 juxta
2352 2400 2511 2469 prin-

406 2476 590 2548 cipale
617 2476 977 2548 sepeliuntur
1001 2475 1202 2529 altare.
1278 2474 1358 2530 Et
1393 2474 1409 2506 ¹
1433 2476 1497 2529 in
1529 2480 1778 2546 utroque
1810 2477 1955 2543 loco,
1984 2478 2109 2533 Deo
2146 2487 2504 2551 cooperante,

405 2561 551 2615 fiunt
610 2560 769 2615 clara
821 2558 1125 2623 miracula,
1184 2574 1253 2611 ex
1314 2558 1525 2629 quibus
1590 2559 1760 2629 cujus
1822 2562 2019 2616 meriti
2074 2560 2097 2593 ²
2114 2563 2295 2618 fuerit
2355 2566 2509 2636 apud
2534 2558 2615 2607 He
2638 2558 2682 2607 1⁸
2705 2573 2818 2606 ⁸¹¹0*

403 2643 594 2698 Deum
635 2644 860 2698 cunctis
899 2641 1168 2696 fidelibus
1207 2642 1574 2711 apertissime
1618 2642 1967 2698 declaratur.
2043 2645 2201 2701 Huic
2228 2650 2509 2704 successit
2533 2627 2717 2675 ‘’eeded
2733 2627 2801 2690 by

405 2727 724 2799 Gregorius
801 2725 1180 2789 Undecimus,
1245 2725 1538 2779 Diaconus
1588 2725 1937 2791 cardinalis,
2013 2729 2177 2798 prius
2230 2733 2268 2757 ‘⁶
2294 2731 2505 2787 Petrus
2529 2692 2766 2808 20}ng&

407 2814 443 2838 “
479 2810 784 2882 ³Rogems
803 2810 837 2832 ”
873 2815 1259 2880 nuncupatus.

471 2892 692 2950 Eodem
728 2910 894 2957 anne,
934 2892 1141 2948 civitas
1178 2893 1681 2948 Lemovicensium
1718 2898 1919 2948 contra
1952 2892 2285 2967 Principem
2320 2898 2506 2953 rebel·
2529 2884 2791 2962 Rebelliqn

403 2980 563 3044 lavit,
617 2980 772 3035 sicut
819 2982 881 3033 et
928 2977 1126 3050 plures
1177 2977 1308 3032 aliae
1357 2978 1516 3033 villae
1570 2996 1709 3033 cum
1762 2979 2020 3035 castellis
2070 2981 2133 3036 in
2174 2982 2499 3049 Wasconia,
2526 2952 2826 3068 ggfihigffz

403 3069 637 3136 propter
674 3079 884 3134 graves
927 3062 1252 3117 exactiones
1295 3067 1355 3116 et
1393 3062 1810 3133 impositiones,
1846 3081 1914 3117 ac
1942 3064 2057 3118 alia
2085 3066 2505 3136 quodammodo
2739 3033 2774 3083 g
2828 3056 2839 3068 ⁹

404 3147 811 3220 importabilia,
853 3164 961 3218 per
1000 3145 1316 3200 Dominum
1353 3146 1685 3218 Principem
1737 3152 1799 3203 et
1853 3164 2007 3212 suos,
2063 3155 2132 3203 ut
2185 3150 2504 3217 dicebatur,

403 3228 623 3287 eisdem
663 3230 954 3302 imposita.
1032 3228 1418 3298 Quamobrem
1459 3247 1522 3285 se
1571 3238 1905 3302 separantes
1945 3250 1981 3286 a
2020 3233 2315 3305 Principe,
2356 3234 2510 3307 Regi

73 3316 188 3366 MS.
214 3319 343 3370 Bibl.
403 3315 662 3370 Franciae
682 3315 1082 3379 adhaeserunt3
1115 3313 1267 3369 unde
1296 3320 1617 3369 commotus
1644 3314 1666 3346 ⁴
1682 3315 1980 3386 Princeps,
2007 3315 2510 3372 Lemovicensium

73 3383 201 3463 3²8,-
230 3390 288 3435 ¹3
401 3399 771 3454 rebellionem
810 3399 998 3470 primo
1037 3398 1326 3469 disposuit
1362 3398 1657 3453 vindicare
1695 3398 2027 3463 crudeliter,
2072 3400 2185 3455 nisi
2223 3403 2508 3457 maturius

74 3451 137 3500 Β
162 3466 234 3501 ¹¹·
401 3483 828 3555 resipiscerent,
889 3488 950 3537 et
1001 3482 1129 3553 ejus
1178 3482 1431 3553 gratiam
1473 3488 1820 3553 quaererent,
1872 3482 2081 3537 humili
2131 3485 2274 3539 satis
2312 3504 2501 3557 prece.

404 3566 520 3621 Sed
569 3567 745 3638 ipsos,
801 3582 947 3637 quos
994 3566 1263 3621 tutabant
1303 3566 1457 3619 muri
1501 3566 1700 3630 fortes,
1745 3566 2092 3621 victualium
2133 3567 2503 3633 abundantia,

400 3654 462 3705 et
499 3650 910 3705 bellicosorum
959 3650 1222 3704 virorum
1263 3649 1448 3720 copia,
1489 3648 1636 3703 nihil
1690 3651 1905 3706 terruit
1955 3651 2175 3721 legatio
2217 3653 2506 3726 Principis

392 3734 653 3806 jubentis
682 3750 780 3789 008
810 3734 886 3790 ad
917 3750 1118 3805 pacem
1151 3732 1361 3787 redire.
1438 3732 1698 3801 Quorum
1733 3750 1974 3787 cernens
2012 3734 2291 3807 Princeps
2328 3738 2502 3792 obsti-

397 3818 635 3882 uetiam,
688 3834 792 3890 per
841 3818 1083 3872 nuncios
1143 3817 1381 3871 mandat
1433 3817 1537 3881 eis,
1588 3817 1788 3872 dicens
1850 3834 1913 3872 80
1968 3823 2151 3873 totam
2206 3821 2503 3876 civitatem

399 3902 660 3957 funditus
697 3901 1149 3965 destructurum,
1190 3905 1251 3956 et
1277 3918 1476 3956 omnes
1512 3902 1777 3956 inventos
1807 3901 1869 3955 in
1904 3918 1974 3957 ea
2003 3903 2143 3972 igne
2177 3902 2273 3957 vel
2305 3904 2503 3974 gladio

397 3990 854 4058 perempturum,
897 3985 1013 4040 nisi
1051 3985 1224 4040 citius
1273 3985 1387 4040 sibi
1434 3985 1860 4048 submitterent,
1913 3993 1974 4040 et
2018 3985 2315 4041 traderent
2360 3988 2499 4042 civi·

397 4076 595 4124 tatem.
670 4068 787 4125 Sed
823 4068 1320 4139 indisciplinatum
1353 4068 1569 4139 vulgus
1599 4068 1753 4123 nihil
1789 4068 1999 4123 horum
2034 4068 2234 4124 audire
2274 4071 2497 4138 voluit;

399 4153 503 4209 sed
552 4158 614 4207 et
663 4152 903 4207 nuncios
955 4152 1122 4207 oculo
1191 4152 1442 4223 superbo
1498 4152 1780 4223 despexit,
1838 4158 1898 4207 et
1949 4152 2247 4207 civitatem
2315 4156 2499 4211 artius

397 4240 653 4311 undique
715 4240 1112 4294 communivit.
1208 4238 1347 4294 Mox
1392 4238 1678 4294 Dominus
1717 4240 2014 4310 Princeps,
2053 4240 2313 4311 plantata
2349 4243 2500 4298 obsi-

395 4328 582 4391 dione,
606 4326 751 4383 diris
767 4327 1290 4399 oppugnationibus
1315 4333 1376 4380 et
1398 4327 1712 4382 insultibus
1730 4328 2026 4383 civitatem
2049 4329 2499 4402 circumquaque

470 4634 480 4662 ¹
507 4648 613 4680 cnm
631 4632 681 4680 ἰη
709 4632 759 4680 111
784 4633 867 4681 the
889 4632 1084 4695 printed
1107 4637 1252 4681 texts,
1561 4634 1580 4660 ³
1603 4630 1804 4697 Rcyerii
1826 4632 1879 4681 in
1904 4633 1988 4682 the
2010 4634 2208 4697 printed
2229 4642 2377 4685 texts.

471 4713 612 4775 ²¹1}aest
632 4712 686 4761 in
710 4712 794 4763 the
817 4711 1013 4779 printed
1035 4716 1180 4762 texts.
1563 4713 1581 4741 ⁴
1604 4713 1830 4763 Omitted
1850 4714 1902 4763 in
1926 4714 2011 4763 the
2034 4714 2232 4779 printed
2253 4722 2399 4765 texts,
