3300 5617
1094 813 1423 867 maroam
1466 812 1883 865 moneam.
2410 798 2537 865 :349

73 989 204 1042 MS.
229 992 372 1047 Bibl.
445 991 484 1015 “
522 1004 687 1044 mum
726 986 1080 1053 Secundum,
1110 988 1600 1061 praedecessorem
1635 993 1923 1053 nostrum,
1967 986 2313 1059 reprobatus
2350 986 2546 1041 extitit
2564 987 2703 1044 Ad).
2731 991 2875 1041 1377.

74 1057 214 1136 1³08,-
246 1066 312 1112 13
446 1076 484 1100 “
524 1080 585 1129 et
642 1073 970 1139 damnatus,
1033 1092 1150 1129 non
1207 1074 1560 1129 verebantur
1620 1073 1684 1128 in
1729 1089 1916 1145 regno
1962 1071 2198 1143 Angliae
2257 1088 2540 1134 asserere,
2567 1093 2680 1130 ease
2711 1079 2775 1129 of
2798 1080 2880 1132 his

78 1124 144 1176 Ε·
174 1140 254 1179 ¹¹·
446 1161 483 1186 ‘¹
522 1158 938 1230 dogmatizare,
997 1165 1058 1214 et
1110 1158 1344 1230 publice
1398 1158 1739 1230 praedicare,
1792 1156 1914 1212 illis
1962 1156 2271 1211 nonnullos
2321 1155 2544 1211 Christi
2569 1156 2875 1199 non-arrest-

443 1245 481 1270 ‘⁶
522 1241 724 1298 fideles
761 1243 1020 1314 maligne
1061 1243 1344 1307 inficiens,
1393 1260 1460 1297 ac
1508 1260 1545 1297 a
1579 1242 1693 1297 fide
1743 1241 2063 1306 Catholica,
2117 1241 2243 1296 sine
2281 1259 2399 1312 qua
2431 1258 2544 1295 non

443 1331 480 1356 “
520 1333 611 1382 est
647 1327 831 1392 salus,
871 1328 1093 1383 faciens
1128 1326 1602 1390 deviare-Nos,
1643 1326 2009 1383 attendentes
2047 1326 2203 1398 quod
2237 1332 2358 1381 tam
2416 1342 2547 1397 per-

442 1415 478 1441 “
518 1411 805 1468 niciosum
847 1412 1087 1476 malum,
1135 1412 1291 1483 quod
1338 1413 1403 1467 in
1437 1411 1723 1484 plurimos
1762 1429 1997 1484 serpere
2046 1416 2293 1484 poterat,
2344 1427 2546 1465 eorum

442 1498 478 1526 ‘⁶
520 1496 743 1554 animas
781 1495 944 1553 letali
987 1496 1330 1567 contagione
1372 1495 1648 1561 necand0,
1690 1513 1806 1552 non
1841 1495 2213 1559 debebamuS,
2241 1500 2416 1567 prout
2439 1512 2546 1550 nec

441 1583 478 1609 ‘⁶
519 1580 821 1643 debemus,
862 1580 973 1635 sub
1009 1579 1475 1636 dissimulatione
1506 1580 1777 1645 transire,
1819 1580 1987 1636 vobis
2010 1597 2117 1651 per
2144 1580 2291 1635 alias
2315 1578 2544 1635 litteras

440 1667 479 1694 ‘⁸
517 1672 746 1720 nostras
802 1665 1202 1721 commisimus
1257 1670 1319 1720 et
1365 1663 1793 1729 mandavimus,
1832 1671 1902 1721 ut
1933 1682 2060 1728 vos,
2098 1663 2195 1720 vel
2232 1665 2382 1719 alter
2416 1682 2546 1719 ves-

436 1752 474 1778 “
515 1757 693 1812 trum,
722 1750 796 1805 de
835 1748 1129 1806 dictarum
1152 1749 1633 1821 Propositionum
1659 1755 1721 1805 et
1747 1748 2201 1805 conclusionum
2224 1749 2544 1805 assertione

441 1838 479 1863 ‘⁸
520 1852 771 1906 quarum
821 1834 1051 1906 copiam
1101 1834 1210 1889 sub
1247 1832 1427 1889 Bulla
1463 1840 1664 1889 nostra
1697 1834 1967 1889 misimus
2003 1833 2399 1899 interclusam,
2439 1853 2545 1889 vos

441 1922 478 1946 ‘⁶
519 1928 745 1974 secrete
794 1919 1195 1983 informantes,
1260 1918 1313 1973 si
1360 1918 1445 1973 ita
1485 1936 1615 1973 esse
1664 1918 2029 1983 inveniretis,
2085 1918 2395 1990 praefatum
2445 1919 2484 1973 J
2487 1937 2546 1973 o-

440 2006 477 2030 “
518 2005 768 2058 hannem
792 2002 1141 2059 auctoritate
1169 2009 1374 2059 nostra
1408 2003 1539 2074 capi
1577 2007 1636 2057 et
1669 2003 2000 2057 carceribus
2035 2003 2359 2074 mancipari
2395 2004 2547 2058 sace-

439 2091 477 2114 “
516 2089 682 2152 retis,
726 2105 980 2159 eumque
1019 2087 1130 2143 sub
1165 2086 1317 2143 bona
1351 2086 1619 2142 custodia
1641 2088 1921 2142 teneretis
1958 2086 2020 2141 in
2053 2086 2323 2151 vinculis,
2363 2087 2544 2144 donec

440 2174 478 2200 “
517 2190 553 2226 a
603 2172 773 2227 nobis
830 2189 1006 2244 super
1056 2171 1182 2226 haec
1219 2170 1563 2243 reciperetis
1612 2169 1776 2225 aliud
1815 2171 1876 2224 in
1912 2170 2220 2236 mandatis,
2259 2177 2435 2243 prout
2483 2172 2547 2227 in

441 2259 479 2283 “
518 2256 693 2311 dictis
730 2256 948 2311 litteris
984 2256 1218 2328 plenius
1242 2256 1591 2311 continetur.
1670 2253 2122 2310 Considerantes
2147 2256 2352 2327 utique
2391 2255 2547 2327 quod

440 2344 477 2368 ‘⁸
516 2341 797 2412 praefatus
847 2340 887 2395 J
889 2341 1165 2405 ohannes,
1216 2339 1557 2410 hujusmodi
1607 2339 1937 2409 captionem
1985 2344 2047 2395 et
2093 2339 2546 2395 carcerationem

440 2427 479 2451 “
519 2426 669 2480 forte
706 2424 1108 2496 praesentiens,
1152 2430 1371 2495 posset,
1413 2422 1571 2494 quod
1605 2423 1778 2486 absit,
1823 2422 2156 2495 perfugere,
2210 2441 2315 2478 seu
2354 2423 2547 2479 latita-

441 2510 477 2534 “
518 2508 694 2563 tionis
730 2507 1011 2580 praesidio
1063 2507 1287 2562 dictum
1327 2512 1598 2562 nostrum
1632 2506 1990 2571 mandatum,
2030 2507 2093 2562 in
2129 2507 2548 2577 gravissimum

441 2595 478 2618 “
520 2591 656 2646 fidei
682 2591 1120 2655 detrimentum,
1150 2589 1389 2646 eludere
1418 2614 1433 2656 ;
1471 2608 1599 2656 nos,
1631 2608 1707 2645 ne
1731 2596 1853 2645 tam
1887 2590 2249 2646 damnabiles
2274 2591 2545 2662 Proposi-

442 2678 479 2702 “
518 2676 707 2730 tiones
744 2681 806 2730 et
848 2674 1271 2731 Conclusiones
1308 2675 1677 2739 indiscussae,
1720 2681 1782 2730 et
1830 2692 2034 2729 earum
2070 2675 2416 2730 temerarius
2453 2694 2546 2730 as-

442 2762 480 2785 “
520 2764 710 2813 sertor
760 2758 1085 2831 impunitus
1139 2764 1489 2825 remaneret,
1547 2759 1611 2812 in
1661 2756 2078 2813 detrimentum
2129 2758 2546 2828 gravissimum

443 2846 481 2870 ‘⁸
519 2842 659 2897 fidei
709 2842 1052 2914 praelibatae,
1106 2842 1461 2898 fraternitati
1508 2847 1724 2897 vestrm
1772 2859 1879 2913 per
1933 2840 2274 2913 Apostolica
2329 2843 2549 2914 scripta

445 2930 482 2954 “
524 2927 944 2983 committimus
982 2932 1043 2983 et
1075 2926 1437 2992 mandamus,
1480 2933 1767 2997 quatenus
1796 2942 1920 2991 vos,
1953 2924 2049 2982 vel
2087 2925 2236 2980 alter
2258 2932 2540 2991 vestrum,

446 3014 483 3038 ‘⁸
522 3029 629 3082 per
670 3029 793 3075 voe,
852 3011 949 3067 vel
1000 3011 1184 3067 alium
1228 3028 1332 3065 seu
1384 3010 1550 3075 alios,
1597 3009 1906 3082 praefatum
1950 3008 1990 3063 J
1993 3008 2295 3075 ohannem,
2342 3011 2392 3065 si
2440 3028 2546 3081 per

446 3099 484 3123 ‘⁸
522 3114 628 3151 vos
665 3096 795 3167 oapi
844 3103 905 3150 et
945 3095 1296 3150 incarcerari
1342 3111 1458 3149 non
1494 3095 1701 3166 possit,
1758 3110 1866 3164 per
1914 3092 2172 3149 edictum
2220 3094 2541 3165 publicum,

446 3182 484 3207 ‘⁸
521 3178 960 3251 proponendum
986 3179 1047 3233 in
1076 3178 1285 3234 Studio
1315 3176 1573 3242 Oxoniae,
1601 3176 1998 3232 Lincolniensi
2022 3177 2299 3243 Dioecesi,
2329 3184 2389 3234 et
2411 3179 2544 3234 aliis

446 3265 483 3291 ‘⁴
522 3263 668 3318 locis
705 3262 979 3335 publicis,
1019 3261 1093 3316 de
1146 3261 1360 3332 quibus
1401 3262 1482 3317 sit
1515 3260 1861 3317 verisimilis
1904 3261 2241 3333 conjectura
2279 3262 2436 3332 quod
2471 3263 2547 3318 ad

447 3351 485 3374 ‘⁶
525 3347 666 3402 dicti
720 3347 759 3401 J
762 3346 1005 3401 ohannis
1057 3346 1328 3402 notitiam
1364 3345 1671 3418 pervenire
1707 3345 1920 3410 valeat,
1974 3351 2035 3401 et
2075 3343 2148 3400 de
2188 3346 2402 3418 quibus
2439 3366 2545 3403 vos

448 3434 487 3459 ‘⁸
526 3430 797 3503 expedire
846 3431 1132 3496 videatur,
1185 3448 1256 3486 ex
1297 3439 1464 3503 parte
1510 3435 1714 3485 nostra
1759 3431 2149 3502 peremptorie
2196 3448 2432 3486 monere
2487 3438 2547 3488 et

451 3517 490 3542 ‘⁸
530 3515 709 3570 citare
764 3515 1002 3580 curetis,
1062 3516 1217 3586 quod
1276 3514 1432 3570 infra
1478 3515 1662 3570 trium
1697 3514 1991 3570 mensium
2040 3516 2315 3586 spatium,
2356 3533 2392 3570 a
2451 3515 2545 3570 die

452 3601 489 3627 “
529 3600 822 3655 citationis
856 3599 1192 3670 hujusmodi
1227 3599 1291 3655 in
1327 3605 1498 3655 antea
1533 3598 2005 3670 computandum,
2044 3598 2377 3671 ubicunque
2406 3605 2546 3655 tunc

453 3686 514 3753 “,
528 3701 632 3739 nos
671 3701 799 3739 esse
836 3684 1167 3755 contigerit,
1208 3701 1563 3756 comparere,
1616 3701 1685 3738 ac
1720 3682 2108 3755 personaliter
2143 3701 2338 3739 coram
2375 3684 2545 3739 nobis

450 3771 489 3796 ‘⁸
528 3785 706 3839 super
730 3767 1233 3839 Propositionibus
1260 3772 1322 3823 et
1345 3766 1833 3823 Conclusionibus
1856 3767 2263 3839 hujuscemodi
2308 3785 2545 3840 respon·

444 3856 481 3880 ‘⁴
523 3871 716 3915 surae,
746 3869 814 3906 ac
851 3852 1160 3907 auditurus
1204 3857 1265 3907 et
1301 3852 1570 3908 facturus
1616 3851 1900 3923 quicquid
1938 3870 2115 3925 super
2150 3851 2167 3884 ¹
2188 3870 2286 3907 eos
2311 3851 2539 3907 duxeri·

446 3941 484 3966 ‘⁴
524 3954 655 3991 mus
693 3934 1095 4000 ordinandum,
1142 3942 1203 3991 et
1240 3935 1382 3991 ordo
1421 3936 1735 3992 dictaverit
1773 3938 2038 4003 rationis,
2076 3938 2443 4010 praedicendo
2482 3941 2545 3993 in

445 4024 483 4048 “
522 4018 861 4092 hujusmodi
911 4020 1205 4076 citationis
1267 4019 1476 4084 ediotO,
1533 4020 1689 4091 quod
1749 4021 1875 4076 sive
1926 4021 2083 4077 idem
2138 4021 2178 4076 J
2181 4022 2433 4078 ohannes
2484 4024 2545 4079 in

444 4108 481 4133 ‘⁴
520 4102 858 4175 hujusmodi
894 4104 1145 4158 termino
1181 4105 1591 4175 comparuerit,
1646 4105 1773 4160 sive
1821 4122 1937 4159 non
1973 4107 2384 4176 comparuerit,
2437 4126 2542 4163 nos

443 4192 480 4216 “
522 4205 698 4259 super
752 4188 1094 4258 praemissiS,
1158 4193 1218 4243 et
1277 4193 1480 4243 contra
1532 4205 1670 4243 eum
1730 4206 1918 4258 usque
1974 4189 2049 4244 ad
2103 4188 2360 4246 debitam
2409 4210 2541 4247 con·

442 4276 481 4298 ‘⁴
520 4271 951 4326 demnationem
985 4272 1172 4342 ipsius
1198 4270 1506 4336 inclusive,
1533 4271 1936 4342 procedemuS,
1964 4280 2140 4344 prout
2161 4273 2324 4345 'ejus
2349 4275 2541 4330 deme·

442 4359 480 4383 “
518 4357 635 4411 rita
677 4355 931 4424 exigent,
984 4373 1051 4409 ac
1100 4356 1286 4421 nobis,
1326 4354 1646 4410 secundum
1696 4354 1891 4410 Deum
1942 4363 2004 4413 et
2049 4361 2543 4416 conservationem

443 4444 481 4467 ‘⁸
520 4439 676 4503 fidei,
728 4438 1029 4495 videbitur
1078 4438 1368 4509 expedire.
1442 4438 1731 4495 Volumus
1775 4446 1990 4506 autem,
2042 4447 2103 4496 et
2164 4445 2543 4513 praesentium

443 4528 480 4552 ‘⁴
522 4533 721 4580 tenore
766 4524 1097 4589 statuimus»,
1139 4523 1293 4594 quod
1327 4523 1612 4596 praedicta
1649 4524 1872 4590 citatio,
1920 4525 2006 4580 sio
2053 4526 2225 4592 facta,
2266 4526 2541 4599 ³perinde

450 4672 533 4681 —o—
614 4670 1059 4677 ----'—--—..--—

1837 4669 1952 4676 ‘m
1969 4670 2022 4676 ..-
2085 4672 2148 4676 Δ..-
2203 4673 2252 4678 .-

513 4761 525 4789 ¹
549 4760 619 4808 eis
640 4757 694 4807 in
713 4758 797 4809 the
819 4758 1017 4823 printed
1038 4765 1186 4809 texts.
1605 4761 1625 4791 ⁸
1640 4759 1846 4825 provide
1867 4760 1923 4812 in
1946 4761 2031 4813 the
2046 4763 2245 4827 printed
2267 4772 2417 4817 texta.

508 4842 529 4869 ²
549 4838 860 4904 Incorrectly
882 4837 1080 4893 written
1101 4839 1172 4889 eis
1193 4838 1249 4890 in
1272 4838 1400 4904 orig.
