3300 5617
742 742 873 814 3⁷2
1402 752 1669 802 ‘moins
1709 748 2177 800 wammam

406 953 546 1006 Am.
573 954 719 1002 1878.
743 948 974 1007 eventu,
1002 947 1064 997 et
1088 945 1158 996 ut
1191 938 1553 994 destinarent
1582 937 1727 993 illuc
1763 954 1832 992 ex
1868 935 2159 1008 Anglicis,
2188 934 2292 1006 qui
2323 933 2483 989 villae
2518 931 2857 988 custodiam
2881 927 3012 978 MS-
3037 928 3166 979 Bm.

742 1027 1086 1083 obtinerent.
1182 1023 1355 1078 Missi
1402 1028 1542 1077 sunt
1585 1023 1774 1093 igitur
1820 1021 1897 1075 ad
1941 1017 2389 1075 custodiendum
2427 1016 2636 1071 villam
2679 1015 2856 1069 illam
2880 996 3118 1112 {aa

742 1128 815 1166 ex
861 1109 1127 1180 Anglicis
1166 1111 1310 1178 quot
1348 1105 1617 1161 sufficere
1664 1104 2052 1169 videbantur5
2097 1107 2159 1157 et
2198 1100 2377 1172 paulo
2414 1110 2552 1173 post
2584 1098 2854 1156 Comites

744 1195 807 1250 in
857 1193 1137 1263 Angliam
1175 1190 1495 1245 redierunt.

1010 1384 1217 1469 Huyo
1266 1381 1560 1449 Calverle
1603 1380 1788 1468 capit
1835 1379 2202 1447 Castellum
2248 1378 2332 1445 de
2373 1375 2580 1444 Merk-

415 1500 500 1552 Sil'
520 1500 679 1566 Hugh
817 1511 999 1583 Hugo
1048 1510 1349 1566 Calverlee
1414 1527 1519 1581 per
1566 1508 1726 1564 idem
1781 1507 2279 1580 tempus,—cujus
2336 1505 2620 1561 memoria
2675 1505 2853 1560 bene-

414 1566 680 1683 gffggffg
746 1596 999 1651 dictione
1047 1600 1139 1651 est
1187 1594 1651 1658 dormire‚-—non
1705 1593 1902 1648 sinens
1939 1591 2197 1648 Gallicos
2251 1608 2432 1664 prope
2481 1607 2635 1655 eum,
2691 1590 2854 1661 cepit

416 1700 568 1749 mue
590 1700 652 1748 of
747 1679 1039 1751 quoddam
1084 1678 1391 1734 castellum
1440 1675 1624 1746 ¹[cui]
1675 1694 1886 1731 nomen
1922 1682 2051 1731 erat
2099 1675 2388 1739 “Merk,'’
2440 1681 2503 1730 et
2541 1675 2616 1730 ad
2657 1675 2848 1729 solum

413 1765 578 1818 Merk-
746 1780 934 1834 usque
969 1762 1200 1833 dejecit,
1240 1779 1374 1817 cum
1410 1760 1664 1816 ecclesia
1697 1760 1965 1830 quadam,
2006 1777 2138 1831 quoe
2187 1759 2429 1815 castello
2475 1758 2670 1813 vicina
2718 1764 2849 1812 erat

745 1852 807 1902 et
827 1864 1105 1917 magnum
1129 1845 1469 1917 praesidium
1505 1843 1884 1899 Gallicurm.
1958 1844 2038 1899 Et
2059 1861 2242 1915 parvo
2275 1843 2602 1914 interiecto,
2639 1859 2848 1897 versus

747 1930 1027 1986 Sanctum
1060 1929 1463 1983 Andomarum
1511 1928 1903 1999 proficiscens,
1941 1928 2099 1997 cepit
2132 1927 2617 1981 innumerabilem
2652 1925 2849 1980 multi-

746 2015 1009 2071 tudinem
1044 2013 1385 2069 animalium
1421 2012 1807 2076 diversorum,
1847 2019 1907 2067 et
1942 2012 2017 2067 ad
2041 2011 2336 2066 Calesiam
2357 2027 2547 2083 usque
2573 2010 2843 2073 deduxit;

745 2098 908 2154 nullo
959 2097 1207 2153 audente
1260 2102 1500 2151 conatus
1554 2096 1684 2167 ejus
1730 2095 2034 2166 impedire,
2075 2095 2217 2166 quia
2251 2094 2413 2150 Deus
2450 2101 2579 2150 erat
2610 2112 2744 2149 cum
2779 2110 2849 2147 eo

746 2192 809 2238 et
841 2183 1035 2238 omnia
1069 2181 1197 2253 ejus
1232 2198 1411 2251 opera
1444 2179 1757 2250 dirigebat.

412 2260 497 2311 He
517 2261 704 2312 ‘10¹'aess
816 2266 964 2337 Ejus
1016 2271 1110 2321 est
1160 2265 1399 2335 insuper
1451 2262 1722 2318 laudibus
1786 2262 2215 2327 ascribendum,
2274 2263 2431 2334 quod
2467 2263 2844 2335 capitaneum

414 2336 724 2443 ’ἕῗζωῧω
746 2349 974 2406 castelli
997 2348 1071 2403 de
1092 2348 1272 2412 Arde,
1301 2346 1404 2417 qui
1428 2363 1563 2402 eum
1586 2345 1784 2402 dolose
1820 2347 2121 2418 decepisse
2149 2346 2508 2412 decreverat,
2545 2349 2671 2419 ipse
2687 2347 2847 2418 juste

414 2410 629 2525 angi„
650 2461 715 2510 of
747 2432 1096 2505 ²'deceperit,
1136 2437 1197 2487 et
1231 2431 1294 2485 in
1329 2431 1557 2486 foveam
1598 2449 1775 2502 quam
1811 2430 2090 2485 effoderat
2125 2431 2373 2486 eundem
2408 2430 2517 2486 tali
2552 2432 2848 2486 occasione

414 2527 499 2577 the
518 2527 672 2577 mnae
749 2517 1050 2588 impulerit
1073 2514 1382 2586 sapienter.
1458 2513 1721 2568 Petierat
1755 2512 1911 2569 idem
1946 2515 2283 2585 capitaneus
2320 2531 2358 2569 a
2391 2514 2557 2585 Rege
2593 2514 2851 2570 Franciae

414 2595 476 2643 ⁰¹*
490 2595 700 2643 Ardffl‘·
748 2604 1060 2660 auxiliares
1094 2603 1272 2667 vires,
1313 2601 1592 2657 videlicet
1627 2600 1911 2673 quosdam
1958 2601 2180 2656 milites
2217 2608 2277 2656 et
2310 2602 2701 2657 instrumenta
2733 2601 2853 2655 bel-

746 2687 881 2752 lica,
920 2685 1238 2750 machinas,
1277 2690 1339 2740 et
1373 2689 1682 2749 tormenta,
1723 2690 1785 2740 et
1833 2685 1951 2739 alia
2005 2684 2222 2755 quibus
2271 2685 2367 2740 vel
2419 2685 2706 2749 infestari,
2757 2685 2854 2740 rel

748 2771 983 2826 omnino
1033 2768 1346 2842 prosterni,
1387 2768 1578 2824 solent
1628 2769 1983 2824 munitiones
2034 2768 2332 2835 hostium;
2393 2770 2739 2839 promittens
2791 2786 2853 2823 se

743 2873 1024 2927 magnum
1048 2854 1325 2911 damnum
1347 2853 1564 2907 nostris
1587 2852 1948 2924 municipiis,
1987 2853 2284 2925 praecipue
2318 2853 2450 2909 sitis
2483 2870 2663 2925 prope
2688 2852 2851 2908 Cale·

746 2940 912 3005 siam,
940 2940 1264 2995 illaturum.
1337 2937 1637 2992 Praefinito
1660 2937 1848 3008 igitur
1870 2936 1986 3001 die,
2014 2954 2131 3009 quo
2153 2938 2280 2992 haec
2317 2937 2511 2992 omnia
2545 2936 2621 2991 ad
2654 2937 2854 2993 villam

746 3025 818 3080 de
841 3023 1003 3079 Arde
1026 3021 1397 3087 veherentur,
1426 3021 1638 3076 timens
1665 3020 1822 3075 idem
1840 3020 2197 3092 Capitaneus
2223 3021 2678 3076 sollicitudinem
2701 3021 2854 3092 ejus-

746 3108 880 3162 dem
916 3106 1211 3178 Hugonis‚
1238 3106 1341 3176 qui
1376 3105 1476 3160 vix
1510 3106 1648 3160 ’aut
1682 3122 1942 3174 unquam
1979 3104 2208 3160 sinebat
2230 3104 2488 3159 Gallicos
2523 3105 2621 3160 vel
2655 3122 2858 3160 eorum

744 3192 896 3246 bona
938 3208 1119 3263 prope
1170 3207 1308 3244 eum
1351 3188 1590 3260 impune
1638 3188 1910 3253 transire,
1973 3194 2042 3244 ut
2099 3205 2235 3243 eum
2292 3194 2520 3245 teneret
2577 3190 2857 3245 attentius

747 3281 1112 3346 occupatum,
1153 3272 1464 3345 quominus
1506 3271 1935 3344 impedirentur
1971 3272 2101 3344 ejus
2139 3279 2275 3329 vota
2311 3291 2442 3344 quae
2491 3282 2854 3346 conceperat,

745 3360 932 3414 mittit
965 3359 1040 3414 ad
1075 3376 1231 3424 eum,
1270 3357 1553 3412 nuncians
1588 3362 1658 3411 ut
1692 3356 1895 3428 aliqua
1927 3360 1946 3389 ⁴
1964 3357 2147 3412 vellet
2179 3364 2434 3412 mactare
2470 3375 2606 3412 cum
2641 3375 2742 3425 θος
2797 3365 2861 3413 et

745 3443 857 3498 hoc
893 3448 1063 3498 caute
1101 3442 1244 3514 egit,
1285 3448 1354 3497 ut
1403 3440 1606 3497 eodem
1660 3439 1758 3495 die
1793 3441 1947 3497 foret
1982 3441 2095 3497 iste
2131 3448 2437 3506 tractatus,
2475 3442 2628 3513 ‘quo
2664 3442 2860 3498 omnia

746 3525 1031 3599 praedicta
1088 3526 1466 3598 pervenirent
1526 3524 1602 3580 ad
1663 3542 1820 3580 eum.
1919 3525 2101 3597 Hugo
2161 3543 2323 3591 vere,
2386 3527 2483 3582 vir
2528 3527 2854 3598 perspicax,

750 3611 1048 3667 aestimans
1102 3627 1219 3664 non
1269 3626 1377 3681 pro
1436 3608 1623 3663 nihilo
1684 3609 1936 3664 eundem
1973 3609 2364 3681 capitaneum
2421 3616 2546 3666 tam
2605 3610 2858 3666 sollicite

750 3695 943 3751 eidem
977 3693 1157 3749 talem
1192 3693 1349 3748 diem
1385 3692 1460 3747 ad
1508 3692 1880 3748 tractandum
1925 3692 2258 3766 deputasse,
2300 3693 2414 3750 sibi
2451 3694 2690 3765 quidem
2724 3712 2860 3751 con-

751 3779 931 3833 cessit
963 3777 1093 3849 ipso
1129 3776 1224 3831 die
1262 3776 1492 3831 salvum
1528 3776 1899 3841 conductum,
1938 3784 2262 3834 tractamro
2296 3777 2370 3834 de
2408 3777 2859 3850 quibuscunque

748 3861 1043 3932 placeret;
1084 3861 1208 3916 suis
1245 3866 1444 3916 autem
1479 3860 1733 3931 propriis
1757 3860 2092 3917 hominibus
2116 3862 2283 3918 misit
2305 3862 2549 3927 occulte,
2575 3863 2859 3919 mandans

748 3950 818 4000 ut
850 3945 1011 4001 viam
1060 3944 1251 4017 ipsam
1304 3942 1661 4008 obsiderent,
1717 3945 2122 4017 secretiusque
2175 3945 2340 4002 ducit
2391 3946 2467 4001 de
2503 3947 2749 4003 Bolonia
2780 3946 2861 4003 ad

746 4028 953 4084 villam
992 4028 1066 4084 de
1116 4029 1297 4094 Arde,
1349 4046 1424 4083 ne
1474 4029 1625 4084 forte
1676 4027 1835 4084 idem
1874 4029 2231 4102 Capitaneus
2268 4048 2420 4086 nova
2455 4030 2657 4103 aliqua
2705 4032 2857 4104 ipsis

750 4113 960 4170 nociva
1008 4113 1105 4169 vel
1158 4113 1452 4169 contraria
1498 4113 1830 4168 moliretur.
1920 4113 2000 4169 Et
2034 4114 2255 4171 factum
2290 4120 2400 4179 est,
2439 4114 2673 4170 volente
2708 4115 2856 4181 Deo,

751 4202 820 4252 ut
853 4197 978 4253 haec
1003 4197 1198 4253 omnia
1218 4197 1293 4254 ab
1316 4197 1650 4253 hominibus
1675 4197 1864 4270 ipsius
1889 4198 2163 4270 Hugonis
2187 4216 2467 4271 prospere
2490 4206 2858 4271 caperentur,

817 4420 830 4450 ¹
859 4420 1101 4484 Supplied
1116 4421 1248 4471 stom
1269 4422 1357 4471 the
1378 4423 1579 4486 printed
1600 4429 1750 4473 texts.
1918 4426 1938 4454 ³
1959 4433 2048 4474 aut
2062 4424 2272 4475 omitted
2295 4424 2350 4474 in
2374 4424 2462 4475 the
2484 4424 2684 4489 printed
2705 4432 2861 4477 texts.

812 4499 834 4528 ²
853 4497 1108 4563 deceperat
1125 4500 1179 4548 in
1200 4500 1326 4565 orig.
1340 4503 1442 4551 and
1454 4502 1539 4552 the
1553 4500 1752 4566 printed
1918 4504 1935 4532 ⁴
1957 4501 2072 4551 velit
2091 4503 2148 4552 in
2169 4502 2258 4554 the
2278 4503 2480 4568 printed
2502 4510 2651 4555 texis.

748 4583 919 4708 ξιξ
940 4580 1196 4629 corrected
1218 4579 1349 4629 from
1370 4579 1506 4630 Bibl.
1531 4580 1659 4645 Reg.
1689 4585 1750 4630 13
1849 4580 2182 4712 ωΞέιιοηιοάο
2222 4583 2380 4633 omnia
2426 4584 2479 4632 in
2520 4584 2607 4634 the
2660 4584 2868 4639 printed
