3300 5617
1080 783 1408 837 mss-oms
1439 781 1859 836 ANGLIOANA.
2402 769 2538 841 20⁸7

432 972 473 999 ‘⁸
513 971 529 998 ⁸
550 970 721 1042 juxta
755 969 1075 1027 militarem
1110 972 1430 1029 theoricam
1479 972 1836 1039 edocentem,
1892 969 2050 1044 quod
2094 978 2269 1029 metm
2306 986 2538 1044 guerrae
2562 982 2699 1038 ΑΒ,
2727 991 2868 1041 1339.

432 1055 470 1083 ⁸⁸
509 1056 526 1082 ⁸
550 1053 882 1126 perieulum
940 1055 1075 1127 plus
1127 1056 1328 1119 evitat,
1387 1056 1489 1127 qui
1539 1074 1670 1111 eam
1710 1072 1747 1111 a
1792 1061 1969 1112 terrae
2019 1072 2141 1111 suoe
2190 1056 2349 1111 limit
2404 1074 2537 1127 pro-
2572 1067 2586 1072 ·

432 1141 472 1167 ⁸⁸
513 1141 530 1167 ⁸
557 1145 906 1211 sequestrat,
936 1145 1140 1196 eontra
1161 1140 1455 1195 notorium
1478 1138 1709 1196 hostem
1744 1146 2012 1196 nostrum
2047 1155 2154 1212 pro
2173 1140 2311 1212 jure
2334 1146 2538 1196 nostro

430 1225 470 1251 ⁸⁸
511 1225 528 1251 ⁸
552 1238 659 1278 nos
700 1222 998 1295 congredi,
1041 1230 1103 1279 et
1142 1224 1319 1280 terris
1356 1231 1663 1296 potentum
1702 1225 2038 1296 potentibus
2065 1226 2332 1290 sociatos,
2360 1242 2538 1296 quam

429 1309 468 1335 ⁸⁸
510 1308 526 1335 ⁸
552 1307 616 1362 in
651 1308 893 1379 propria
927 1324 1178 1379 persona
1221 1314 1426 1364 nostra
1472 1310 1644 1364 solos.
1721 1309 1857 1364 Non
1902 1309 2091 1381 igitur
2131 1308 2288 1381 apud
2322 1315 2535 1365 vestrae

426 1393 465 1420 ⁸⁸
508 1394 525 1419 ⁸
550 1392 781 1448 viscera
815 1392 1235 1448 misericordiae
1271 1397 1334 1449 et
1366 1393 1693 1450 sanctitatis
1728 1393 1925 1449 losum
1948 1393 2210 1451 inveniat
2232 1391 2538 1450 detrahen-

428 1479 466 1504 ⁸⁸
510 1479 526 1503 ⁸
551 1475 702 1531 tium
763 1475 1102 1533 informatio
1164 1477 1381 1532 aemuls
1439 1477 1535 1532 vel
1585 1474 1825 1532 sinistra
1872 1478 2044 1543 faeta,
2097 1476 2170 1534 de
2229 1477 2371 1542 filio,
2437 1477 2540 1548 qui

451 1562 467 1587 ⁸
509 1562 525 1587 ⁸
564 1573 806 1616 suorum
828 1560 1209 1616 haereditario
1240 1564 1378 1632 jure
1402 1561 1715 1632 majorum,
1751 1561 1814 1616 in
1852 1567 2187 1617 vestrorum
2217 1562 2541 1633 proedeoes-

427 1647 465 1672 ⁸⁸
508 1647 524 1671 ⁸
551 1659 770 1709 sorum,
820 1650 1038 1710 vestra,
1090 1650 1153 1700 et
1194 1644 1551 1716 Apostolioae
1614 1644 1805 1710 Sedis,
1845 1646 2043 1716 gratia
2090 1651 2152 1700 et
2209 1644 2542 1700 obedientia

428 1730 465 1755 ‘⁸
510 1730 525 1755 ⁸
552 1743 785 1801 semper
822 1727 1167 1786 inconcusse
1208 1728 1478 1801 persistit
1515 1733 1576 1784 et
1610 1728 1911 1800 persistet.
1987 1728 2197 1795 Immo,
2226 1729 2278 1784 si
2317 1728 2540 1800 quoevis

427 1814 466 1839 ⁸⁸
509 1815 526 1841 ⁸
549 1813 622 1868 de
646 1813 770 1869 filio
793 1814 995 1869 taliter
1019 1814 1174 1869 facta
1197 1812 1506 1885 suggestio
1540 1811 1871 1884 pulsaverit
1907 1818 2121 1868 vestrae
2157 1811 2539 1868 beatitudinis

429 1899 467 1924 ⁸⁸
511 1900 526 1924 ⁸
554 1897 802 1954 forsitan
843 1911 1035 1962 aures,
1087 1914 1205 1952 non
1250 1897 1418 1969 prius
1468 1915 1504 1951 a
1549 1901 1751 1952 vestra
1792 1896 2130 1968 dignatione
2174 1902 2375 1952 saneta
2414 1911 2540 1951 ore·

427 1983 465 2009 ⁸⁸
507 1984 522 2009 ⁸
550 1981 770 2038 dulitas
806 1980 899 2036 illi
937 1982 1131 2047 detur,
1174 1995 1351 2052 quam
1389 1979 1627 2036 auditus
1667 1981 1749 2036 sit
1771 1978 1930 2036 filius
1967 1978 2073 2051 qui
2108 1986 2407 2051 tangetur,
2436 1980 2539 2050 qui

427 2068 465 2093 ‘⁸
507 2067 524 2093 ⁸
556 2064 819 2130 oonfidit,
865 2070 927 2121 et
965 2065 1369 2122 indesinenter
1417 2064 1693 2130 intendit,
1745 2070 1881 2120 ante
1932 2065 2275 2121 Sanctitatis
2323 2069 2539 2120 vestrm

426 2152 464 2260 ΣΞ
507 2152 523 2259 ⁸
543 2146 1059 2305 ,ἱιιῖἱοίιὲιὲἐῶηιιέί
1095 2149 1418 2289 Ρῢὶωείιξίῃε
1456 2156 1762 2288 {mutuli-te,
1793 2148 2229 2289 (guodfnegare
2257 2149 2542 2287 3:348?ss

550 2251 748 2306 espr
952 2251 1244 2297 ,usm
1358 2250 1637 2299 oer,ve
1706 2250 2257 2305 Jusmacereq
2418 2250 2513 2287 ie

425 2319 464 2344 ⁸⁸
507 2320 522 2345 ⁸
549 2335 789 2374 oausam
815 2334 1000 2374 suam.
1077 2317 1240 2372 Illud
1264 2317 1502 2373 demum
1526 2317 1799 2383 dicimus,
1839 2316 1916 2372 ad
1949 2322 2165 2373 nostrae
2201 2317 2539 2372 intentionis

427 2404 465 2429 ⁸⁸
509 2404 524 2429 ⁸
550 2400 915 2475 majorisque
965 2400 1295 2458 devotionis
1345 2402 1703 2459 evidentiam
1766 2402 2209 2475 subjungentes,
2274 2401 2429 2473 quod
2489 2400 2540 2456 si

426 2488 465 2513 ⁸⁸
509 2488 524 2513 ⁸
552 2487 634 2542 sit
679 2486 898 2558 aliquis
944 2485 1023 2541 'de
1074 2486 1244 2541 nobis
1296 2484 1517 2541 soedere
1569 2491 1797 2542 naturae
1849 2485 2215 2556 conjunctus,
2254 2485 2541 2556 nobisque

425 2573 464 2595 ⁸⁸
509 2572 525 2597 ⁸
551 2569 627 2625 sd
659 2575 923 2626 nostram
958 2569 1358 2625 defensionem
1393 2570 1728 2641 adjunctus,
1755 2570 1860 2642 qui
1883 2587 1990 2641 per
2012 2569 2173 2626 viam
2196 2569 2541 2625 obedientiae

424 2656 463 2681 ⁸⁸
507 2656 522 2681 ⁸
548 2652 906 2725 Apostolicae
961 2652 1136 2710 Sedis
1187 2660 1403 2709 vestroe
1461 2672 1579 2710 non
1632 2654 1897 2709 ambulet
1948 2654 2104 2709 siout
2151 2654 2343 2719 debet,
2400 2652 2540 2708 dare

426 2740 467 2764 ‘⁸
508 2740 525 2764 ⁸
555 2738 938 2804 intendimus,
968 2756 1146 2809 quam
1170 2755 1288 2794 non
1310 2755 1523 2810 parum
1547 2738 1789 2794 utiliter⁸
1803 2737 1945 2792 dare
1969 2753 2144 2809 posse
2170 2736 2535 2801 eonfldimus,¹

425 2824 464 2849 ⁸⁸
508 2825 524 2849 ⁸
551 2837 793 2895 operam
844 2823 863 2856 ¹
883 2823 1260 2888 indefessam,
1324 2828 1410 2889 ut,
1461 2822 1624 2877 omni
1685 2821 1932 2878 dimisso
1991 2821 2183 2887 devio,
2246 2821 2322 2876 ad
2380 2821 2538 2875 viam

422 2909 462 2934 ⁸⁸
504 2909 521 2934 ⁸
547 2906 900 2963 obedientiae
934 2906 1158 2972 redeat,
1199 2921 1552 2977 omnemque
1583 2901 1765 2961 faeiat
1788 2906 2061 2961 semitam
2101 2918 2268 2961 suam
2291 2910 2531 2960 restam.

422 2994 461 3019 ⁸⁸
504 2993 520 3020 ⁸
549 2991 748 3048 Unum
783 3007 1012 3058 rursus,
1054 2991 1213 3063 quod
1253 3009 1289 3047 a
1323 2990 1529 3046 multis
1579 2989 1934 3056 audivimus,
1971 2990 2159 3062 petita
2190 2990 2367 3046 venia
2400 3005 2537 3045 oum

421 3078 461 3103 ⁸⁸
505 3078 521 3103 ⁸
546 3076 899 3142 reverentia,
962 3087 1079 3130 non
1136 3081 1421 3140 tacemus,
1486 3074 1643 3146 quod
1702 3074 1848 3129 alias
1908 3073 2255 3140 inauditum,
2320 3080 2537 3144 quanto

424 3162 462 3188 ‘⁸
507 3163 523 3187 ⁸
551 3159 958 3216 consideratur
1000 3160 1302 3224 attentius,
1354 3159 1570 3232 pungit
1628 3159 1860 3215 acutius
1920 3164 2180 3214 mentem
2232 3164 2531 3225 nostram3

421 3246 462 3271 ⁸⁸
505 3247 522 3271 ⁸
549 3239 833 3301 videlicet
888 3242 1046 3315 quod
1096 3242 1423 3298 adversm-ii
1472 3243 1662 3298 nostri
1713 3258 1921 3298 manus
1975 3242 2202 3299 notorie
2252 3257 2428 3309 nuno,
2468 3246 2537 3298 ut

422 3331 461 3356 ⁸⁸
506 3330 523 3355 ⁸
550 3328 737 3399 prius,
777 3326 800 3360 ¹
820 3327 896 3383 sd
928 3327 1120 3383 nostri
1154 3331 1386 3383 tantum
1421 3325 1743 3383 laborantis
1780 3323 2045 3393 exitium,
2085 3344 2221 3382 cum
2258 3341 2536 3399 guerram

420 3415 460 3440 ‘⁸
504 3414 521 3440 ⁸
550 3413 772 3468 faceret
803 3425 978 3467 nemo
1016 3409 1130 3467 sibi
1165 3425 1274 3466 neo
1309 3409 1437 3481 ipse
1475 3410 1579 3464 alii
1614 3410 1731 3465 nisi
1766 3409 1956 3475 nobis,
1997 3406 2069 3464 de
2108 3410 2333 3467 Christi
2354 3410 2536 3482 patri-

422 3500 461 3523 ⁸‘
504 3499 522 3524 ⁸
547 3498 745 3552 monio
797 3494 878 3552 sit
929 3500 1210 3551 armatus.
1301 3492 1472 3563 Quod
1520 3502 1682 3549 certe
1735 3493 1933 3566 Reges
1983 3494 2239 3565 Angliae,
2302 3501 2535 3550 nostros

424 3583 464 3608 ⁸⁸
509 3583 526 3608 ⁸
552 3580 1038 3653 praedeoessores,
1103 3577 1371 3634 illustres
1447 3576 1676 3633 Ohristi
1735 3578 1991 3650 pugiles,
2055 3577 2194 3633 fidei
2261 3579 2530 3644 athletas,

431 3667 471 3692 ‘⁸
514 3668 530 3692 ‘
562 3665 792 3722 Sanotae
845 3664 1126 3720 Romanas
1175 3663 1388 3718 Matris
1426 3662 1715 3718 Ecclesiae
1752 3662 2187 3719 amantissimos
2224 3663 2530 3728 zelatores,

420 3751 460 3777 ⁸⁸
505 3752 521 3777 ⁸
547 3748 796 3821 ejusque
818 3743 1229 3804 mandatorum
1253 3746 1667 3802 devotissimos
1704 3750 2053 3812 servatores,
2080 3741 2178 3802 vel
2201 3763 2307 3802 nos
2332 3746 2526 3808 etiam,

421 3836 460 3861 ‘⁸
503 3836 520 3861 ⁸
546 3847 655 3889 neo
691 3831 913 3889 scimus
948 3846 1058 3888 neo
1092 3830 1392 3887 oredimus
1427 3831 1737 3886 meruisse.
1814 3830 1895 3885 Et
1949 3829 2093 3885 licet
2144 3836 2383 3901 propter
2417 3826 2526 3885 hot:

421 3921 460 3946 ⁸⁸
505 3921 520 3946 ⁸
548 3918 781 3974 dicatur
829 3934 867 3973 a
917 3916 1209 3990 pluribus,
1261 3933 1380 3971 non
1428 3934 1466 3970 a
1515 3915 1706 3981 nobis,
1762 3915 1920 3986 quod
1968 3920 2171 3971 contra
2220 3932 2325 3969 nos
2375 3916 2530 3971 fact-n

421 4005 460 4029 ‘⁸
504 4005 520 4030 ⁸
549 4001 877 4068 subventiO‚
919 4001 1112 4073 quoad
1134 4018 1262 4067 nos,
1290 4006 1457 4055 aetus
1493 4000 1680 4072 patris
1717 4000 1816 4054 vel
1850 3998 2058 4054 matris
2093 4015 2210 4053 non
2245 3998 2522 4063 extiterit,

421 4089 460 4114 ⁸⁸
504 4087 520 4115 ⁸
548 4085 653 4143 sed
709 4099 1012 4152 nover0ae3
1089 4082 1476 4140 nihilominus
1547 4088 1746 4139 tamen
1816 4087 2149 4139 constanter
2207 4083 2526 4139 asserimus

421 4173 461 4199 ⁸⁸
503 4170 521 4200 ⁸
549 4167 707 4242 quod
743 4183 967 4238 snmus,
1021 4174 1084 4226 et
1131 4170 1582 4241 perseveranter
1628 4166 1870 4233 erimus,
1908 4171 2124 4223 vestrae
2161 4165 2522 4235 Sanctitatis,

485 4410 502 4447 ¹
521 4408 838 4480 indefensam,
907 4410 963 4463 in
1032 4405 1428 4478 Hemingburgh
1519 4410 1582 4460 of
1639 4405 2037 4475 Hemingburgh
2090 4404 2139 4459 is
2199 4409 2231 4438 ⁸⁸
2253 4414 2313 4458 ue
2366 4407 2526 4459 nostri

422 4491 526 4560 (ed.
573 4489 890 4559 Hamiltou),
920 4490 1014 4543 but
1049 4489 1311 4557 evidently
1361 4503 1430 4541 an
1521 4493 1551 4543 ⁸⁸
1574 4488 1645 4539 ad
1666 4496 1851 4539 taam
1890 4483 2162 4537 laborantis
2190 4486 2518 4539 navium&

420 4585 580 4635 error3
616 4574 872 4626 corrected
892 4571 1024 4624 stom
1044 4567 1189 4624 Harl.
1208 4574 1306 4622 655
1329 4571 1432 4621 and
1520 4565 1658 4618 'nm
1677 4563 1742 4618 of
1754 4564 1898 4619 Harl.
1919 4570 2016 4618 656
2036 4568 2138 4616 and
2153 4562 2518 4631 Walsinghsm‚

419 4652 504 4705 the
525 4648 727 4719 printed
747 4655 898 4706 texts.
1520 4661 1576 4699 as
1598 4644 1769 4713 given,
1792 4644 1839 4698 is
1860 4643 2157 4711 preferable.

491 4735 514 4766 ²
533 4733 649 4786 The
667 4735 881 4801 reading
919 4732 1038 4785 here
1076 4727 1131 4783 in
1166 4727 1255 4784 the
1275 4726 1429 4784 MSS.
