3300 5617
1118 834 1451 887 ms'romA
1480 835 1896 887 ANGLICANA.
2417 828 2546 890 405

118 1017 240 1068 MS.
266 1019 387 1069 Bibl
462 1017 774 1086 ¹fecerant,
825 1027 886 1077 et
939 1022 1013 1076 ad
1066 1040 1337 1079 securum
1387 1024 1582 1081 locum
1638 1025 2005 1098 comportari,
2069 1031 2136 1080 ut
2185 1024 2550 1096 quandocun-
2571 1031 2708 1083 A.D.
2736 1036 2884 1084 1379.

117 1084 254 1150 Reg.
284 1092 346 1136 13

117 1150 185 1201 Β.
211 1152 286 1202 ix.

465 1122 577 1175 que
656 1105 991 1162 advenisset
1073 1107 1149 1163 ad
1219 1110 1585 1165 tractandum
1674 1128 1773 1167 eos
1843 1110 1907 1165 in
1976 1108 2419 1165 mansuetudine
2492 1114 2554 1165 et

462 1189 719 1255 lenitate,
782 1198 851 1247 ut
900 1191 1130 1258 accidit,
1187 1193 1492 1250 thesauros
1552 1201 1674 1251 tam
1723 1195 2047 1268 insperatos
2109 1212 2284 1267 quam
2336 1194 2552 1250 iuaesti·

460 1274 708 1330 mobiles
792 1277 1125 1348 reperisset.
1230 1277 1366 1333 Dux
1449 1285 1646 1336 autem
1720 1280 1913 1336 omnia
1999 1280 2116 1335 ista
2173 1279 2551 1335 considerans

461 1364 676 1430 praeter
711 1377 874 1431 spem
925 1362 1207 1427 evenisse,
1246 1362 1537 1419 indicibili
1584 1363 1845 1437 repletus
1893 1365 2128 1437 gaudie,
2168 1365 2390 1437 gratias
2427 1365 2556 1435 agit

462 1441 604 1507 Dec,
635 1444 736 1514 qui
773 1445 1003 1516 quando
1026 1445 1173 1510 vult,
1214 1447 1495 1502 transfert
1528 1454 1589 1504 et
1610 1447 1921 1505 ’immutat
1943 1450 2215 1519 regiones
2251 1454 2312 1504 et
2346 1466 2547 1520 regna,

461 1532 522 1582 et
557 1527 769 1597 quibus
806 1528 936 1583 vult
970 1547 1041 1583 ea
1074 1529 1299 1585 tribuit.
1375 1530 1455 1587 Et
1488 1532 1744 1598 interim,
1784 1551 1919 1588 cum
1960 1539 2191 1604 tempus
2234 1520 2566 1587 miserandi

462 1609 589 1680 ejus
640 1610 959 1677 advenerit,
1011 1613 1273 1669 restituit
1322 1631 1392 1669 ea
1438 1615 1781 1673 timentibus
1831 1633 2043 1672 nomen
2083 1617 2229 1689 ejus.
2324 1615 2549 1670 Deinde

461 1695 636 1766 plebi,
675 1714 782 1768 pro
816 1696 1149 1752 incredibili
1200 1697 1313 1752 fide
1368 1703 1428 1755 et
1462 1700 1823 1770 gratitudine
1860 1719 2036 1773 quam
2089 1702 2152 1756 in
2187 1702 2272 1756 eis
2307 1700 2550 1762 invenit,

461 1781 818 1851 regratiatur
853 1782 1184 1849 uberrime3
1238 1784 1584 1854 promittens
1636 1802 1699 1840 se
1750 1786 1824 1841 de
1892 1790 2103 1841 caetero
2165 1785 2270 1848 οἰδ,
2321 1802 2438 1839 non
2486 1789 2554 1838 ut

460 1869 741 1933 tyrannus
784 1872 887 1921 aut
937 1864 1143 1931 hostis,
1200 1868 1589 1938 praefuturum
1638 1887 1774 1924 cum
1827 1871 2042 1934 furore,
2084 1869 2206 1934 sed,
2247 1873 2317 1924 ut
2364 1869 2549 1939 prius,

460 1948 730 2021 princeps
767 1967 901 2005 cum
929 1949 1168 2022 justitia
1202 1956 1271 2006 et
1297 1969 1513 2008 amore.

592 2235 1026 2305 Memorabile
1055 2239 1333 2326 factum
1375 2238 1675 2307 Domini
1720 2240 1795 2306 H
1795 2239 2045 2325 uyonis
2096 2239 2435 2307 Calverlee.

531 2392 658 2449 Nec
699 2393 977 2449 oblivioni
1011 2392 1298 2450 ³Lethoeae
1339 2395 1359 2427 ⁴
1378 2394 1725 2450 tradendum
1764 2396 1989 2451 aestimo
2027 2396 2245 2450 factum
2281 2395 2556 2459 notabile,

463 2477 680 2532 factum
716 2495 831 2533 non
863 2479 1059 2534 minus
1096 2478 1386 2534 laudabile
1425 2497 1601 2551 quam
1636 2479 2014 2535 memorabile
2060 2479 2223 2534 illius
2270 2480 2559 2534 virtutum

462 2568 523 2616 et
569 2560 590 2592 ⁵
606 2561 967 2618 fortitudinis
1023 2560 1045 2593 ⁶
1061 2561 1427 2634 exemplaris,
1484 2562 1647 2618 illius
1698 2563 2106 2636 praefulgentis
2144 2564 2368 2635 speculi
2406 2564 2560 2618 mili-

464 2646 625 2709 taris,
682 2645 918 2701 Domini
972 2646 1245 2718 Hugonis
1299 2646 1635 2713 Calverlee;
1697 2647 1799 2718 qui
1852 2653 2046 2702 tamen
2098 2666 2205 2703 sua
2253 2647 2556 2719 sapientia,

459 2730 846 2795 animositate,
886 2736 947 2786 et
992 2730 1231 2795 virtute,
1279 2730 1475 2802 ipsum
1511 2731 1736 2786 Ducem
1775 2731 2036 2786 servavit
2085 2749 2121 2785 a
2170 2730 2560 2786 derisionibus

458 2814 735 2877 hostium,
787 2820 848 2870 et
893 2815 1133 2887 insuper
1173 2833 1477 2871 commune
1514 2814 1733 2887 vulgus
1783 2814 1939 2886 quod
1976 2814 2347 2886 sequebatur,
2387 2830 2561 2885 appa-

460 2904 624 2954 ratus
667 2898 816 2955 auloe
867 2916 972 2955 seu
1013 2917 1260 2956 camerae
1296 2900 1602 2956 thesauros
1648 2899 1915 2972 publicos
1958 2905 2020 2955 et
2066 2899 2343 2970 privatos,
2396 2915 2559 2953 arma

460 2982 689 3047 bellica,
751 3002 895 3039 vasa
943 3002 1121 3039 aurea
1171 2990 1231 3040 et
1282 2990 1578 3055 argentea,
1644 3001 1991 3055 omnemque
2041 2983 2226 3039 Ducis
2273 2981 2556 3054 supellec-

462 3065 648 3131 tilem,
688 3066 949 3122 defendit
980 3085 1017 3122 a
1050 3067 1272 3139 rapinis
1310 3074 1371 3122 et
1406 3067 1806 3123 invasionibus
1839 3068 2238 3123 barbarorum.

534 3149 686 3206 Cum
720 3155 935 3216 autem,
974 3156 1044 3207 ut
1075 3151 1355 3222 praefatus
1384 3150 1519 3205 Dux
1544 3151 1866 3207 Britannias
1898 3156 1959 3207 et
1989 3151 2273 3207 Dominus
2306 3150 2559 3206 Thomas
2582 3146 2766 3199 Defeat
2786 3145 2847 3197 of

463 3235 672 3307 Percy,
717 3235 1031 3307 caeterique
1085 3235 1356 3307 majores,
1412 3242 1649 3308 portum
1700 3242 2219 3308 praeoccupassent,
2265 3235 2558 3306 simulque
2581 3214 2894 3293 1³⁸⁰?th

462 3337 598 3374 cum
634 3317 720 3374 eis
757 3318 1041 3374 Dominus
1077 3318 1260 3390 Hugo
1283 3324 1672 3385 memoratus;
1712 3337 1818 3375 nec
1855 3319 2030 3376 ⁷dum
2063 3338 2243 3375 naves
2279 3319 2560 3374 onerariae
2583 3282 2814 3414 ῗὲιῗζιίξ

464 3421 595 3472 quae
644 3402 925 3459 victualia
973 3402 1279 3469 vehebant,
1337 3409 1398 3459 et
1450 3410 1662 3459 caetera
1711 3422 1840 3475 quae
1890 3402 2286 3475 praediximus,
2325 3408 2560 3475 portum
2585 3415 2670 3466 Sir
2690 3415 2849 3480 Hugh

463 3486 841 3558 attigissent3
904 3505 1019 3542 non
1070 3487 1227 3542 enim
1275 3494 1545 3559 poterant
1603 3505 1804 3543 omnes
1866 3487 2044 3545 simul
2115 3487 2354 3552 intrare,
2421 3486 2562 3559 quia
2585 3482 2866 3546 CalverIQS

463 3577 666 3643 portus
727 3578 890 3627 artus
951 3577 1044 3627 est
1100 3577 1162 3627 et
1207 3572 1604 3643 periculosus;
1669 3590 1803 3628 ecce
1831 3571 1845 3625 Ξ
1908 3577 2148 3642 repente
2208 3572 2561 3644 vespiliones
2584 3549 2661 3600 ⁰ff
2675 3548 2763 3665 ἷξε
2776 3615 2806 3664 f

466 3654 697 3721 Gallici,
738 3656 915 3712 simul
952 3675 1086 3712 oum
1123 3657 1424 3729 Hispanis,
1457 3657 1609 3712 vecti
1647 3656 1834 3728 galeis
1871 3656 2163 3722 advolant,
2203 3657 2318 3712 rati
2353 3661 2564 3712 cuncta
2583 3630 2855 3748 {ogmgnffi

465 3741 579 3796 sibi
632 3759 871 3797 cessura
922 3759 1029 3813 pro
1077 3742 1251 3805 votis,
1305 3759 1441 3797 cum
1488 3758 1668 3798 naves
1709 3746 1942 3807 nostrae,
1993 3759 2126 3812 quae
2154 3741 2282 3814 jam
2328 3747 2562 3812 portum

465 3825 756 3891 tenebant,
783 3825 1003 3882 reverti
1037 3843 1153 3880 non
1187 3831 1458 3897 poterant
1486 3825 1560 3881 ad
1593 3823 1833 3881 ferenda
1866 3825 2174 3898 proesidia3
2214 3824 2454 3897 duplici,
2494 3830 2564 3880 ut

464 3910 553 3966 eis
587 3909 781 3965 visum
817 3916 925 3975 est,
966 3910 1039 3965 de
1075 3928 1269 3976 causa,
1312 3909 1451 3983 quia
1485 3909 1765 3966 videlicet
1799 3916 1860 3966 et
1894 3929 2039 3965 aura
2078 3917 2207 3965 erat
2229 3911 2315 3965 eis
2340 3914 2563 3965 contra-

464 3995 559 4049 ria
603 4000 664 4051 et
713 3994 941 4051 malitia
988 3994 1103 4051 loci
1156 4001 1445 4068 suspecta.
1518 3994 1647 4051 Nec
1700 4013 1882 4060 mora,
1938 3993 2230 4050 consuetis
2284 3993 2563 4050 adhibitis

465 4078 889 4146 instrumentis,
916 4079 1243 4136 missilibus
1280 4079 1525 4145 scilicet,
1553 4098 1685 4151 quse
1709 4079 1925 4151 vulgus
1967 4082 2006 4107 ‘⁶
2022 4096 2250 4151 gunnas
2271 4078 2307 4103 ”
2332 4086 2560 4145 vocant,

540 4371 553 4402 ¹
565 4370 798 4436 fecerunt
819 4369 875 4420 in
898 4371 982 4421 the
1002 4370 1201 4435 printed
1221 4377 1372 4420 texts.

538 4451 560 4480 ²
581 4457 733 4499 mutat
752 4449 809 4500 in
832 4449 920 4500 the
940 4450 1137 4515 printed
1154 4456 1300 4500 texts.

537 4535 557 4563 ⁸
581 4531 809 4582 Omitted
822 4530 875 4579 in
898 4530 984 4580 the
1005 4529 1202 4594 printed
1223 4536 1373 4579 texts.

538 4613 558 4642 ⁴
578 4628 686 4662 esse
726 4609 1008 4660 tradendum
1049 4609 1106 4658 iu
1152 4608 1236 4659 the
1272 4608 1474 4673 printed

475 4702 622 4745 texts.

541 4775 562 4803 ⁵
568 4773 920 4839 fortitudinum
933 4771 986 4822 in
1009 4771 1094 4823 the
1110 4770 1311 4837 printed
1322 4775 1473 4820 texts.

1630 4372 1650 4399 ⁸
1671 4365 1918 4433 exemplar
1995 4366 2052 4418 in
2112 4366 2238 4434 orig.
2312 4369 2419 4419 aud
2480 4369 2565 4418 the

1562 4449 1765 4512 printed
1789 4456 1937 4499 texts.

1624 4532 1641 4556 ⁷
1664 4546 1770 4579 cum
1807 4546 1954 4578 naves
1988 4545 2188 4580 onerare
2221 4529 2275 4578 in
2314 4529 2440 4593 orig.
2463 4529 2569 4579 and

1563 4609 1649 4659 the
1689 4608 1889 4672 printed
1927 4616 2100 4669 textu
2151 4610 2404 4661 corrected
2439 4609 2565 4660 stom

1561 4689 1699 4740 Bibl.
1725 4690 1850 4755 Reg.
1880 4695 1940 4739 13
1964 4689 2025 4740 Ε.
2048 4689 2124 4741 ix.
