3300 5617
1120 797 1450 851 msromA
1477 798 1896 849 Ammonia.
2414 785 2538 848 345

94 986 223 1036 MS.
244 986 395 1037 Bibl.
454 983 730 1039 videlicet
799 982 954 1054 quod
1017 1001 1204 1055 genus
1262 985 1563 1040 hominum
1622 986 1779 1058 apud
1840 984 2094 1041 Gallicos
2163 983 2546 1040 falsissimum
2565 984 2707 1036 A.D.
2736 987 2879 1038 1377.

92 1054 239 1131 1³²ss-
274 1059 337 1103 ¹3
455 1072 776 1138 reputatur,
832 1066 988 1137 quod
1046 1086 1243 1123 omnes
1298 1068 1536 1140 Anglici
1595 1068 1926 1134 exivissent,
1989 1074 2186 1141 portas
2247 1067 2544 1130 claudunt,
2733 1096 2742 1101 ·

92 1120 161 1169 Ε·
190 1134 273 1170 ¹¹⁴
456 1151 762 1207 castellum
822 1151 1109 1216 muniunt,
1162 1160 1223 1207 et
1268 1152 1543 1217 Gallicos,
1600 1154 1813 1224 quibus
1873 1153 2200 1226 proditione
2253 1152 2544 1214 favebant,

456 1236 789 1299 admittunt,
830 1236 1080 1293 exclusis
1114 1237 1221 1292 hoc
1258 1237 1492 1308 ingenio
1526 1237 1814 1309 Anglicis,
1855 1238 2067 1309 quibus
2098 1237 2322 1293 castelli
2361 1238 2552 1291 fuerat

458 1320 721 1376 custodia
756 1320 1047 1391 deputata.
1124 1320 1290 1391 Quod
1337 1322 1716 1393 comperiens,
1762 1328 1830 1377 ut
1865 1323 2319 1393 praelibavimus,
2360 1321 2550 1375 dictus

460 1405 743 1459 Dominus
804 1405 1004 1477 Euge,
1063 1406 1214 1461 facto
1273 1405 1494 1461 insultu
1548 1407 1854 1461 castellum
1907 1407 2078 1478 cepit,
2138 1407 2394 1462 Gallicos
2448 1405 2550 1475 qui

459 1489 813 1545 advenerant
847 1491 1181 1561 captivavit,
1221 1496 1283 1545 et
1317 1508 1515 1547 omnes
1551 1491 1849 1556 Picardos,
1895 1496 2171 1563 tanquam
2205 1490 2551 1562 proditionis

458 1591 608 1637 reos,
649 1574 1014 1646 excapitavit.

529 1660 766 1714 Transit
822 1676 1004 1715 annus
1066 1660 1177 1715 iste
1238 1660 1408 1716 laetus
1467 1661 1769 1732 temperie,
1833 1660 2133 1717 ¹abundus
2195 1661 2384 1731 fruge,
2449 1659 2552 1714 sed

459 1743 746 1798 fructibus
783 1742 1054 1797 arborum
1078 1762 1226 1815 pene
1251 1762 1489 1811 carens3
1530 1745 1686 1815 quod
1710 1752 1903 1800 autem
1935 1745 2011 1800 ad
2045 1763 2248 1815 pacem
2277 1744 2550 1817 pertinet,

457 1825 687 1898 Angliae
722 1827 1018 1898 inquietus
1056 1834 1116 1884 et
1151 1835 1474 1900 suspectus,
1513 1847 1628 1884 non
1656 1829 1848 1884 minus
1884 1828 2088 1884 fraude
2123 1829 2342 1884 civium
2379 1846 2554 1899 quam

459 1918 680 1966 terrore
719 1911 1113 1978 Gallicorum3
1167 1912 1411 1968 Gallicis
1458 1914 1820 1969 immanitate
1868 1931 2249 1985 expensarum
2297 1918 2359 1968 et
2403 1912 2552 1966 lucri

460 1996 716 2050 exilitate
766 1995 1014 2051 nimium
1064 2015 1374 2062 onerosus3
1427 2016 1561 2052 nam
1608 2016 1645 2051 a
1693 1997 1920 2053 Pascha
1972 2016 2157 2069 usque
2212 1997 2287 2052 ad
2339 1997 2552 2051 festum

458 2078 786 2144 Michaelis,
831 2080 906 2135 ad
953 2081 1307 2151 stipendium
1354 2081 1600 2153 triginta
1647 2089 1872 2152 septem
1919 2081 2260 2152 galeyarum
2316 2087 2376 2136 et
2425 2086 2554 2135 octo

459 2181 745 2235 cogonum
781 2183 817 2220 a
851 2165 1093 2221 Francis
1117 2165 1517 2237 pendebantur
1552 2166 1760 2222 diebus
1807 2166 2058 2238 singulis
2100 2165 2263 2221 mille
2300 2183 2550 2229 mareae3

459 2266 590 2319 quae
640 2250 897 2320 profecto
935 2268 1180 2313 summa,
1235 2251 1569 2305 continuata
1626 2256 1787 2305 tanto
1845 2258 2124 2321 tempore,
2186 2248 2554 2321 ⁶·'apporiassc

457 2338 685 2405 poterat
721 2334 991 2405 quodque
1026 2335 1313 2407 praedives
1351 2353 1617 2406 regnum.

528 2418 698 2473 Anno
734 2418 1054 2475 Dominicae
1080 2419 1501 2475 Incarnationis
1536 2419 1851 2476 millesimo
1885 2419 2293 2475 trecentesimo
2328 2424 2557 2490 septua-
2581 2430 2884 2482 A,D,137s,

459 2503 685 2572 gesimo
731 2509 953 2567 octav0,
1008 2504 1109 2575 qui
1166 2510 1258 2559 est
1313 2522 1498 2559 annus
1544 2505 1716 2576 regni
1770 2504 1954 2575 Regis
2001 2504 2241 2559 Ricardi
2304 2502 2556 2558 Secundi

458 2588 702 2658 primus,
740 2588 932 2643 tenuit
966 2587 1121 2642 idem
1159 2587 1285 2642 Rex
1319 2587 1532 2644 Natale
1567 2587 1724 2660 apud
1758 2587 2234 2659 Wyndeleshore.

529 2672 740 2727 Paucis
778 2672 982 2726 diebus
1019 2677 1149 2727 ante
1186 2672 1398 2727 Natale
1441 2672 1834 2736 Dominicum‚
1875 2673 2040 2728 misit
2076 2672 2361 2727 Dominus
2397 2670 2557 2742 Papa
2582 2684 2700 2734 132111
2726 2690 2835 2734 sent

460 2756 691 2811 Bullam
730 2775 895 2812 suam
919 2755 1303 2812 Universitati
1328 2755 1582 2821 Oxoniae,
1609 2757 1938 2812 ministerio
1961 2756 2236 2827 Magistri
2263 2754 2554 2810 Edmundi
2582 2759 2635 2801 to
2659 2751 2743 2829 {he
2810 2816 2821 2827 ·

462 2840 732 2906 Stafford,
760 2841 1066 2913 increpans
1102 2858 1201 2896 eos
1239 2841 1594 2896 correctione
1617 2847 1860 2912 paterna
1896 2858 2072 2912 super
2108 2858 2310 2894 eorum
2334 2838 2559 2894 desidia
2583 2818 2886 2933 ἕῃὸᾞέιῖἑῖ

458 2925 784 2990 manifesta,
840 2943 908 2980 eo
959 2924 1115 2997 quod
1173 2930 1336 2980 tanto
1389 2931 1651 2997 tempore
1703 2924 2001 2997 opiniones
2052 2941 2321 2979 erroneas
2370 2923 2556 2994 ipsius
2583 2952 2652 3015 by
2671 2922 2810 3013 liope

457 3009 808 3065 Antichristi
855 3008 1148 3080 discipuli,
1199 3008 1426 3065 scilicet
1470 3008 1746 3079 Magistri
1795 3008 1836 3063 J
1838 3008 2079 3064 ohannis
2114 3008 2363 3078 Wyclef,
2402 3007 2555 3061 radi·
2583 3018 2818 3082 Gregory

459 3094 580 3149 cari
652 3094 1038 3166 permiserant
1112 3093 1266 3148 inter
1339 3110 1457 3158 eos,
1534 3092 1676 3148 dum
1736 3110 1850 3148 non
1915 3093 2107 3148 fuerat
2174 3092 2277 3164 qui
2336 3091 2558 3146 ferrum
2583 3083 2768 3144 X1·‚i¹1

460 3178 736 3234 doctrinae
791 3178 1105 3233 Catholicoe
1156 3194 1454 3234 assumere
1507 3177 1799 3233 laboraret
1851 3177 1926 3232 ad
1976 3176 2382 3248 extirpandum
2436 3180 2557 3231 tam
2581 3150 2835 3266 {gfssffinoe

460 3264 752 3333 pestiferoe
775 3262 1150 3335 plantationis
1188 3259 1535 3317 'aconitum.
1613 3261 1800 3333 Cujus
1836 3260 2254 3317 Universitatis
2292 3258 2557 3314 moderni
2584 3284 2778 3347 Hem),
2801 3282 2865 3333 of

459 3353 882 3419 procuratores,
941 3347 1065 3402 sive
1116 3352 1392 3410 rectore3‚
1452 3352 1737 3417 quantum
1795 3344 2281 3415 degeneraverint
2333 3362 2370 3398 a
2422 3360 2557 3415 pru·
2584 3349 2725 3400 John

460 3432 657 3488 dentis
692 3451 799 3488 seu
834 3431 1119 3503 sapientia
1153 3431 1545 3501 antiquorum,
1580 3448 1688 3501 per
1723 3430 1831 3485 hoc
1867 3430 2036 3484 facile
2073 3428 2284 3499 conjici
2320 3429 2553 3499 poterit,
2583 3416 2794 3481 WY‘ffif·

461 3518 634 3589 quod,
674 3517 877 3573 audita
910 3533 1087 3572 causa
1132 3514 1416 3569 adventus
1452 3513 1597 3568 dicti
1645 3512 1884 3585 Papalis
1920 3512 2139 3576 nuncii,
2181 3512 2284 3566 diu
2321 3513 2383 3567 in
2419 3530 2555 3584 pen·

461 3601 600 3658 dulo
632 3602 949 3665 hoerebant,
1002 3606 1201 3655 utrum
1237 3598 1517 3669 Papalem
1560 3596 1795 3651 Bullam
1838 3596 2119 3652 deberent
2167 3613 2300 3651 cum
2336 3596 2555 3651 honoro

460 3688 739 3759 recipere,
779 3687 876 3742 vel
911 3685 1145 3741 omnino
1192 3701 1327 3738 cum
1363 3681 1644 3736 dedecore
1694 3681 1969 3735 refutare.
2046 3679 2370 3735 Oxoniense
2421 3679 2554 3734 Stu-
2582 3689 2693 3739 The
2714 3686 2886 3740 writer

461 3771 625 3825 dium
679 3769 983 3842 generale!
1047 3785 1223 3840 quam
1274 3766 1443 3838 gravi
1502 3765 1675 3836 lapsu
1726 3782 1762 3818 a
1815 3763 2115 3835 sapientiae
2177 3770 2238 3819 et
2297 3763 2554 3819 scientim
2581 3757 2792 3808 lamen&
2806 3757 2891 3806 the

462 3857 715 3912 culmine
767 3854 1058 3918 decidisti,
1109 3852 1265 3925 quod
1312 3850 1601 3922 quondam
1662 3848 2087 3904 inextricabilia
2143 3854 2317 3919 atque
2377 3846 2557 3901 dubia
2579 3825 2892 3941 gffiffissmcy

462 3942 571 3997 toti
605 3940 820 3995 mundo
855 3939 1152 3995 declarare
1182 3935 1493 4000 consuesti,
1522 3935 1647 4007 jam
1683 3934 2026 4005 ignorantiae
2055 3932 2256 3988 nubilo
2291 3931 2551 3987 obfusca·
2581 3954 2893 4024 Universitffl

462 4033 589 4082 tum
632 4024 898 4079 dubitare
945 4042 1061 4079 non
1104 4021 1350 4085 vereris,
1391 4038 1522 4091 quae
1560 4019 1884 4091 quemlibet
1916 4035 1949 4072 e
1985 4018 2152 4073 laicis
2201 4016 2553 4072 Christianis

464 4110 731 4165 dubitare
777 4127 893 4164 non
940 4108 1122 4162 decet.
1221 4105 1416 4161 Pudet
1455 4102 1873 4159 recordationis
1908 4107 2086 4157 tantae
2125 4100 2551 4171 imprudentiae,

464 4198 525 4248 et
560 4193 690 4248 ideo
727 4191 1076 4264 supersedeo
1108 4191 1168 4245 in
1197 4187 1535 4261 hujusmodi
1566 4187 1814 4242 materia
1829 4185 2161 4250 immorari;
2189 4203 2263 4240 ne
2295 4190 2558 4240 materna

461 4276 482 4309 ⁴
496 4277 699 4333 videar
722 4277 905 4332 ubera
927 4275 1239 4346 decerpere
1264 4272 1555 4338 dentibus,
1585 4289 1717 4343 quae
1741 4270 1880 4326 darc
1904 4270 2016 4335 lac,
2043 4275 2248 4342 potum
2274 4263 2552 4335 scientiae,

461 4378 831 4421 consuevere.

958 4516 989 4523 -.
1014 4518 1059 4521 --
1112 4514 1201 4521 ---ο
1218 4512 1531 4520 --—-----.--.—-
1749 4509 1976 4517 *aq—-

2133 4510 2320 4517 ’.η-.-

529 4603 542 4642 ¹
566 4607 823 4661 abundans
846 4607 897 4659 in
922 4607 1007 4658 the
1028 4604 1223 4672 printed
1246 4612 1392 4655 texts.
1627 4604 1646 4634 ³
1669 4602 1878 4653 radicem
1925 4602 1979 4652 in
2019 4603 2105 4652 the
2142 4601 2339 4667 printed
2383 4609 2516 4655 texts
2541 4624 2555 4665 ;

528 4690 549 4722 2
567 4690 846 4756 opperiasse
888 4687 944 4737 in
997 4686 1123 4750 orig.
1147 4707 1161 4745 ς
1208 4685 1462 4736 corrected
1561 4684 1800 4732 aconitum
1825 4681 1876 4731 in
1903 4673 2035 4733 Bibl.
2059 4682 2185 4747 Reg.
2216 4687 2275 4731 13
2299 4682 2359 4732 Ε.
2385 4681 2456 4732 ix.

464 4772 592 4822 from
624 4770 761 4822 Bibl.
796 4770 922 4835 Reg.
963 4773 1023 4817 13
1051 4767 1111 4816 Ε.
1136 4765 1208 4816 ix.
1232 4778 1246 4818 ὲ
1280 4764 1461 4831 depau-
1627 4765 1645 4793 ⁴
1669 4761 1830 4812 videor
1845 4762 1898 4813 in
1922 4762 2046 4829 orig.

454 4867 658 4915 per-asse
678 4850 735 4899 in
752 4849 838 4900 the
859 4846 1058 4914 printed
1079 4852 1228 4897 texts.
1509 4860 1522 4907 ι
