3300 5617
1047 816 1381 874 msromA
1425 818 1839 871 mancum
2364 801 2496 873 44³7

94 1013 170 1065 [3,
196 1016 341 1069 Βῑω,
402 996 555 1058 citus
588 998 924 1072 pertulisse,
965 997 1179 1069 quibus
1213 996 1488 1067 legaliter
1524 996 1650 1051 sive
1685 994 1849 1051 licite
1883 998 2152 1066 poterant
2184 992 2493 1058 restitisse,
2521 1001 2661 1052 ΑΒ.
2690 1005 2833 1052 1380.

95 1098 188 1160 eg.
221 1089 285 1134 13
404 1100 580 1156 quam
620 1082 951 1155 Anglorum
985 1081 1425 1138 adventantium
1460 1096 1531 1134 ea
1575 1079 1724 1144 vice,
1774 1076 1848 1133 'de
1887 1078 2121 1149 quibus,
2170 1077 2499 1132 reverentia
2522 1093 2593 1157 by
2622 1092 2705 1142 the

98 1186 111 1199 ·
139 1164 223 1202 ¹x‘
404 1169 753 1241 cognitionis
825 1172 886 1222 et
954 1167 1180 1238 patriae,
1243 1180 1466 1221 necnon
1534 1166 1699 1219 metu
1761 1163 1983 1235 legum,
2044 1174 2163 1218 non
2231 1165 2501 1233 poterant
2523 1157 2847 1236 preseneepf

402 1253 707 1309 vindicari.
782 1252 927 1308 Post
974 1251 1216 1306 idicirco
1264 1249 1625 1322 apporiatam
1684 1249 1954 1320 patriam,
2006 1254 2142 1320 post
2192 1262 2503 1318 expensam
2524 1223 2842 1344 {hrffnEnssfflh

404 1334 810 1392 incredibilem
831 1335 962 1390 auri
987 1350 1292 1398 summam,
1309 1332 1588 1389 videlicet
1603 1330 1877 1387 undecim
1897 1332 2152 1387 mimum
2174 1344 2505 1386 marcarum
2636 1307 2685 1356 Υ·

404 1438 511 1494 per
545 1426 678 1477 ante
714 1416 1090 1475 collectarum
1125 1417 1198 1473 de
1234 1417 1528 1474 communi
1549 1416 1738 1488 plebe,
1765 1432 2036 1472 reversus
2069 1422 2161 1471 est
2194 1415 2504 1478 exercitus,

404 1500 490 1561 nil
512 1505 650 1561 boni
672 1510 976 1577 reportans
998 1504 1225 1575 patriae,
1264 1507 1479 1574 praeter
1502 1517 1685 1571 equos
1710 1514 1857 1572 quos
1894 1502 2232 1573 susceperat
2265 1499 2341 1557 ad
2362 1516 2506 1557 usus

404 1591 690 1664 proprios,
729 1594 1091 1661 comparatos
1127 1605 1164 1644 a
1200 1586 1392 1643 Scotis
1416 1601 1487 1641 ea
1507 1586 1656 1642 vice.

509 1769 787 1837 Litteroe
828 1773 1105 1857 repertoe
1148 1774 1388 1835 contra
1429 1764 1888 1854 Radulphum
1932 1768 2013 1836 de
2056 1768 2418 1837 Ferrarii&

475 1898 613 1954 Hiis
650 1899 877 1963 diebus,
906 1915 1051 1969 quos
1076 1897 1277 1953 inanes
1312 1895 1480 1952 duxit
1511 1900 1713 1952 nostra
1745 1895 1977 1963 militia,
2015 1897 2253 1969 quidam
2286 1915 2508 1970 pauper
2533 1907 2737 1960 certain

405 1983 671 2038 inventas
712 1982 939 2039 litteras
988 1980 1269 2053 quasdam
1306 1979 1595 2051 sigillatas
1643 1980 1845 2036 attulit
1898 1981 1937 2036 J
1939 1981 2152 2037 ohanni
2211 1982 2504 2054 Philipot;
2532 1974 2844 2026 tremnflble

407 2067 529 2137 qui,
556 2065 884 2122 convocatis
909 2065 1084 2120 sociis
1108 2063 1357 2128 civibus,
1375 2080 1554 2118 unam
1577 2064 1863 2136 aperiens,
1891 2064 2096 2135 patriae
2119 2065 2508 2137 proditionem
2533 2044 2701 2093 lenem

405 2151 554 2223 legit
576 2152 639 2206 in
664 2168 750 2216 ea,
790 2156 868 2215 et,
909 2148 1108 2221 sigillo
1143 2147 1417 2204 exteriori
1454 2149 1734 2219 inspecto,
1773 2149 2049 2219 cognovit
2083 2150 2206 2205 fore
2244 2151 2508 2222 sigillum
2532 2111 2704 2240 ἓξὲξ
2721 2116 2784 2224 ἑξ

407 2234 702 2305 Radulphi
738 2233 811 2288 de
848 2231 1137 2288 Ferrariis
1161 2231 1390 2296 militis,
1439 2231 1541 2302 qui
1587 2232 1744 2286 inter
1778 2231 1975 2303 regios
1999 2232 2361 2289 consiliarios
2387 2235 2509 2289 fere
2536 2244 2752 2293 Fen-ers.

406 2319 598 2373 tenuit
645 2318 901 2390 primum
953 2317 1182 2382 locum3
1235 2332 1485 2387 moxque
1536 2314 1682 2370 alias
1738 2321 1988 2386 quatuor
2022 2316 2268 2382 litterae,
2310 2318 2513 2373 eodem

410 2402 688 2465 firmatas,
727 2400 920 2473 primo
953 2400 1125 2471 regni
1159 2398 1541 2462 CancellariO,
1569 2397 1779 2453 deinde
1804 2398 1977 2471 Regi,
2017 2398 2224 2456 defert.
2289 2400 2515 2470 Quibus

409 2485 708 2557 inspectis,
747 2489 809 2539 et
832 2483 1001 2555 signo
1037 2482 1335 2554 Radnlphi
1370 2482 1624 2555 cognito,
1650 2496 1875 2537 necnon
1908 2483 2272 2540 considerato
2305 2485 2517 2555 quibus

410 2569 676 2640 personis
716 2567 952 2622 directae
978 2566 1246 2630 fuissent,
1287 2565 1431 2630 Rex,
1459 2564 1762 2637 Regisque
1803 2565 1959 2638 quod
1993 2580 2100 2638 pro
2140 2572 2281 2623 tunc
2318 2569 2521 2624 aderat

412 2651 754 2716 Consilium,
793 2651 1115 2723 plurimum
1139 2649 1412 2706 admirati
1438 2654 1610 2715 sunt;
1651 2654 1713 2704 et
1734 2666 1804 2705 eo
1838 2651 2132 2722 praecipue
2157 2652 2313 2723 quod
2348 2651 2518 2708 miles

409 2740 532 2792 tam
586 2752 779 2800 senex,
833 2734 896 2788 in
939 2750 1055 2804 quo
1111 2734 1290 2788 etiam
1344 2746 1560 2803 magna
1614 2749 1748 2804 spes
1788 2734 1997 2804 patrioe
2045 2735 2161 2790 sita
2213 2736 2346 2801 fuit,
2385 2754 2516 2808 pro-

409 2818 730 2876 ditionibus
800 2817 1131 2874 inserviret.
1228 2816 1502 2889 Namque
1573 2815 1798 2873 dii-ecta
1856 2824 1984 2874 erat
2054 2836 2172 2874 una
2242 2836 2314 2875 ex
2371 2822 2518 2892 ipsis

409 2901 737 2957 Bartrando
809 2900 1098 2973 Oleykyn,
1172 2899 1291 2955 alia
1348 2900 1577 2955 Bruero
1635 2899 1710 2955 de
1764 2899 1824 2955 la
1882 2900 2065 2957 River
2123 2908 2186 2958 et
2253 2903 2518 2960 Francioe

411 2984 815 3051 Gamberlan0,
878 3002 997 3040 una
1047 3000 1188 3040 vero
1233 2984 1486 3040 Domino
1535 2982 1608 3039 de
1645 2987 1659 3018 ¹
1689 2983 1957 3055 Olysson,
1996 2991 2059 3041 et
2102 3004 2222 3042 una
2271 2993 2518 3059 patrono

410 3069 755 3140 galeyarum
790 3073 851 3124 et
886 3067 1023 3126 duci
1069 3067 1431 3123 Francorum
1477 3072 1538 3122 et
1583 3064 1986 3139 Hispanorum
2032 3068 2362 3137 exercitus;
2416 3072 2517 3142 qui

411 3152 614 3209 eodem
645 3158 908 3224 tempore
945 3168 1052 3224 per
1092 3150 1328 3208 diversa
1361 3151 1492 3206 loca
1523 3152 1822 3207 maritima
1854 3152 2230 3224 remigantes,
2262 3154 2519 3226 plurima

412 3236 623 3293 damna
655 3239 863 3309 patriae
901 3236 1246 3291 inferebant.
1323 3234 1713 3292 continebant
1746 3234 1891 3291 adeo
1914 3237 2203 3307 protunda
2236 3239 2421 3311 Regis
2459 3246 2520 3296 et

411 3321 581 3391 regni
655 3320 918 3385 consilia,
980 3322 1050 3375 ut
1119 3316 1271 3374 nulli
1333 3319 1566 3375 veniret
1630 3318 1695 3374 in
1765 3319 2011 3375 dubium
2064 3318 2281 3377 'alium
2342 3336 2518 3395 quam

412 3402 787 3475 Radulphum
834 3404 1100 3469 Ferrers,
1150 3402 1248 3459 vel
1295 3403 1493 3468 talem,
1558 3404 1663 3473 qui
1724 3405 1953 3476 privato
2012 3405 2197 3478 Regis
2259 3406 2519 3464 Consilio

409 3488 740 3625 assistebat,
814 3487 1074 3558 potuisse
1133 3486 1231 3542 vel
1294 3487 1669 3558 imaginasse,
1732 3488 1827 3544 vel
1900 3489 2163 3557 scivisse,
2222 3491 2319 3548 vel
2378 3492 2522 3548 talia

451 3572 752 3627 enudasse.

483 3652 700 3725 Igitur,
741 3672 875 3711 cum
911 3670 1144 3710 summa
1176 3653 1547 3710 festinatione
1583 3655 1752 3711 missi
1790 3662 1927 3713 sunt
1988 3656 2227 3730 quidam
2276 3660 2517 3728 milites,

415 3755 552 3794 cum
587 3738 747 3795 dicto
802 3734 1069 3793 Johanne
1105 3734 1416 3810 Philipott,
1457 3739 1533 3794 ad
1585 3732 1831 3807 Ducem,
1888 3740 1990 3813 qui
2042 3749 2182 3801 tunc
2235 3743 2323 3817 (ut
2374 3764 2519 3818 prae-

415 3820 690 3893 diximus)
752 3818 827 3877 ad
875 3820 1249 3878 tractandum
1298 3838 1434 3879 cum
1507 3823 1700 3881 Scotis
1767 3825 1831 3881 in
1897 3834 2094 3899 partes
2155 3836 2523 3887 concesserat

415 3905 711 3972 Boreales,
753 3924 888 3962 eum
927 3924 1042 3979 quo
1096 3907 1277 3963 etiam
1337 3912 1397 3962 et
1446 3904 1796 3981 Radulphus
1852 3910 1924 3965 de
1974 3912 2265 3970 Ferrariis
2315 3912 2519 3971 eadem

415 3995 762 4063 tempestate
798 3991 947 4047 fuit:
990 3988 1179 4062 sigilli
1213 4009 1355 4047 vero
1390 3992 1873 4064 impressionibus
1911 3994 2063 4052 Duci
2101 4004 2324 4054 secrete
2359 4018 2520 4055 mon-

417 4075 636 4139 stratis,
681 4080 925 4130 vocatus
964 4077 1057 4131 est
1091 4070 1440 4147 Radulphus
1491 4074 1564 4130 de
1613 4077 1923 4143 FerrariiS,
1965 4084 2025 4135 et
2073 4066 2338 4154 sigillum
2386 4101 2519 4156 pro·
2544 4108 2628 4159 He
2648 4108 2694 4160 ἱ,

417 4158 613 4230 prium
672 4164 998 4214 monstrare
1045 4158 1269 4230 jussae.
1342 4158 1669 4215 Collatione
1718 4160 1805 4217 ita
1857 4163 2012 4219 facta
2044 4164 2515 4238 impressionum,
2548 4175 2768 4242 charged

415 4245 776 4313 compertum
800 4248 891 4299 est
910 4241 1060 4298 nihil
1084 4242 1317 4298 omnino
1352 4242 1617 4299 differre:
1659 4244 1735 4299 ad
1757 4247 2059 4302 cumulum
2082 4250 2259 4305 etiam
2281 4252 2522 4325 majoris
2546 4242 2671 4320 'fifh
2694 4243 2779 4292 ²¹¹0

418 4326 783 4398 suspicionis,
823 4327 1116 4382 fatebatur
1150 4326 1310 4381 idem
1344 4326 1691 4400 Badulphus
1743 4347 1806 4385 se
1841 4331 1991 4386 nulli
2028 4335 2389 4394 commisisse
2426 4339 2521 4393 sui
2546 4324 2716 4389 φῶθ’
2738 4310 2839 4360 ²¹²⁶

417 4406 605 4481 sigilli
640 4409 965 4467 custodiam
998 4427 1105 4483 per
1155 4416 1279 4467 tres
1329 4429 1510 4468 annos
1562 4418 1894 4482 anteactog3
1947 4414 2102 4474 unde
2153 4417 2352 4478 ”visus
2407 4423 2524 4481 fuit
2544 4391 2720 4496 :¹3²3

492 4644 505 4674 ¹
534 4641 743 4707 Glysson
755 4642 812 4692 in
826 4643 954 4709 orig.
973 4663 988 4704 ς
1023 4645 1279 4695 corrected
1291 4642 1423 4695 stom
1523 4644 1609 4696 the
1630 4645 1830 4711 printed
1850 4636 2000 4700 texts.

421 4722 507 4775 the
527 4723 728 4788 printed
743 4730 893 4774 texts.
1588 4724 1610 4756 ⁸
1628 4727 1783 4777 visum
1804 4725 1861 4778 in
1882 4725 1969 4780 the
1987 4727 2192 4794 printed
2210 4739 2359 4787 texts.

488 4800 670 4853 ²aliad
705 4802 764 4854 in
798 4802 965 4871 orig.;
1005 4805 1262 4856 corrected
1292 4805 1425 4856 stom
