3300 5617
1121 805 1447 859 meroen
1475 804 1892 859 Ausucum
2425 795 2557 860 363

29 986 203 1039 MS,
242 993 409 1047 Βῑω,
473 981 512 1007 “
545 994 661 1034 non
699 977 873 1035 debet
907 979 1364 1052 suppositionem
1400 982 1565 1053 lapso
1601 982 1677 1038 de
1722 980 1990 1055 possibili
2024 985 2188 1037 tanta
2229 979 2559 1047 obstinatia,
2591 986 2728 1041 A.D.
2758 995 2898 1045 1378.

29 1053 350 1177 ἔξω

472 1065 511 1091 “
552 1064 696 1133 quin
741 1063 1028 1119 medelam
1075 1065 1392 1135 superioris
1455 1066 1565 1129 sui,
1619 1066 1811 1137 quoad
1873 1065 2083 1132 Deum,
2109 1065 2412 1121 humiliter
2467 1082 2559 1120 ac·

471 1148 511 1175 “
540 1146 831 1218 captabit;
858 1147 1015 1203 unde
1037 1147 1387 1219 ¹practicam
1411 1148 1582 1209 istius
1608 1149 2010 1207 Conclusionis
2034 1148 2235 1205 multae
2260 1148 2563 1205 Chronica}

472 1232 510 1258 “
545 1235 911 1286 attestantur.
1030 1230 1207 1288 Absit
1270 1232 1342 1286 ab
1414 1232 1682 1289 Ecclesia
1742 1233 1965 1289 Christi
2028 1232 2184 1304 quod
2253 1232 2561 1289 damnetur

472 1316 510 1342 “
543 1313 780 1380 veritas,
810 1314 950 1387 qnia
979 1314 1133 1371 male
1158 1321 1326 1372 sonat
1353 1317 1757 1388 peccatoribus
1796 1317 1892 1373 vel
1934 1317 2194 1389 ignaris;
2239 1317 2380 1389 quia
2418 1322 2560 1373 tunc

472 1399 510 1425 ‘⁶
547 1403 671 1455 tota
704 1398 848 1455 fides
892 1397 1211 1470 Scripturae
1253 1399 1405 1455 foret
1450 1400 1854 1456 damnabilis.”
2493 1466 2498 1479 ι

537 1482 668 1537 Hoc
700 1482 903 1538 eodem
937 1481 1109 1537 modo
1145 1482 1300 1538 idem
1324 1484 1656 1554 versipellis
1687 1484 1727 1539 J
1729 1484 1981 1540 ohannes
2007 1483 2270 1556 Wyclyfl'
2297 1485 2561 1557 ponendo
2586 1484 2802 1550 Regi-ets
2824 1491 2886 1538 of

467 1567 829 1622 intellectum
874 1567 937 1622 in
997 1568 1120 1622 suis
1178 1567 1444 1624 nefandis
1480 1568 2006 1640 Propositionibus,
2059 1575 2128 1624 ut
2173 1569 2397 1625 dictum
2445 1575 2555 1631 est,
2586 1551 2871 1672 fflwfiltff’

468 1650 664 1706 favore
705 1656 765 1706 et
810 1650 1120 1721 diligentia
1156 1651 1665 1717 Londoniensium,
1705 1652 1922 1709 delusit
1945 1670 2081 1709 suos
2118 1654 2556 1716 examinatores,
2584 1699 2698 1735 esea
2723 1636 2786 1685 ΥΟ
2872 1641 2897 1675 ⁸

468 1734 786 1805 Episcopos
825 1735 1051 1800 derisit,
1095 1741 1155 1791 et
1193 1736 1399 1793 evasit.
1476 1734 1619 1805 Quae
1658 1753 1876 1800 omnes,
1920 1735 1971 1790 si
2010 1736 2356 1808 simpliciter
2395 1754 2561 1808 cape-
2698 1702 2774 1750 pe.

466 1823 670 1873 rentur
710 1818 1029 1874 secundum
1076 1818 1313 1874 modum
1374 1836 1490 1891 quo
1548 1819 1676 1890 ipse
1723 1820 1785 1875 in
1833 1819 2047 1875 scholis
2094 1827 2156 1875 et
2200 1821 2263 1875 in
2309 1819 2560 1893 publicis

467 1902 974 1973 praedicationibus
1020 1919 1120 1958 eas
1166 1903 1429 1975 protulit,
1492 1903 1828 1958 haereticam
1888 1903 2269 1974 proculdubio
2328 1902 2563 1975 sapiunt

466 1987 831 2057 pravitatem.
893 1985 1029 2041 Non
1053 1987 1208 2041 enim
1232 1987 1804 2043 circumlocutionem
1828 1986 2086 2057 aliquam
2111 1987 2195 2042 eis
2220 1988 2559 2051 immiscuit,

468 2068 696 2139 quando
742 2087 840 2124 eas
888 2069 1171 2125 laicorum
1218 2071 1456 2128 auribus
1504 2070 1831 2136 instillavit,
1885 2069 1988 2125 sed
2035 2069 2187 2124 nude
2235 2077 2296 2125 et
2341 2076 2558 2141 aperte,

465 2159 534 2208 ut
568 2153 1044 2225 praescribuntur,
1091 2171 1190 2209 eas
1232 2153 1462 2219 docuit3
1516 2160 1755 2225 captans
1793 2170 1901 2225 per
1935 2153 2079 2207 talia
2113 2153 2366 2222 gratiam
2389 2153 2564 2208 laico·

466 2255 616 2301 rum,
665 2237 764 2308 qui
802 2237 1052 2292 libenter
1094 2237 1340 2293 audiunt
1377 2255 1507 2309 quae
1543 2254 1822 2308 perversa
1858 2246 2011 2300 sunt,
2053 2236 2346 2308 praecipue
2371 2242 2564 2292 tamen

467 2322 538 2377 de
577 2320 842 2376 Ecclesia
879 2328 940 2377 et
978 2322 1241 2392 personis
1281 2321 1725 2385 ecclesiasticis;
1769 2327 1830 2376 et
1864 2320 2142 2376 libentius
2184 2320 2563 2391 impelluntur

467 2405 540 2459 ad
563 2405 773 2460 damna
793 2405 891 2460 vel
915 2405 1162 2476 injurias
1187 2405 1490 2460 inferenda
1515 2405 1810 2476 religiosis
1847 2410 1907 2460 et
1930 2405 2180 2469 clericis,
2208 2422 2343 2460 cum
2367 2404 2566 2476 aliqua

465 2488 864 2560 opportunitas
913 2506 977 2544 se
1024 2489 1340 2560 ingesserit
1386 2506 1516 2561 quae
1563 2488 1795 2544 omuino
1843 2493 2003 2544 extat
2039 2488 2123 2543 eis
2160 2487 2563 2545 desiderabilis

467 2579 527 2628 ct
560 2572 775 2628 votiva.

535 2655 819 2727 Idemque
873 2660 1226 2713 memoratus
1276 2655 1600 2728 hypocrita,
1640 2672 1777 2711 cum
1811 2655 1884 2710 ab
1933 2655 2240 2727 Episcopis
2290 2655 2564 2711 mandata
2585 2666 2636 2714 Ν
2637 2681 2712 2716 ew

466 2741 733 2811 cepisset,
760 2756 834 2794 ne
857 2738 1105 2794 ulterius
1135 2740 1198 2794 in
1221 2740 1437 2795 scholis
1476 2756 1581 2796 seu
1606 2738 1989 2803 sermonibus,
2016 2745 2254 2810 propter
2278 2738 2560 2794 laicorum
2586 2732 2800 2811 Qonclu-

467 2823 820 2888 scandalum,
857 2822 1004 2879 tales
1044 2818 1476 2895 Proposstiones
1515 2824 1931 2893 frequentaret,
1975 2827 2172 2894 spreto
2211 2822 2304 2877 sui
2341 2821 2558 2878 Metro-
2586 2814 2860 2919 Βωηεάῐὲἑο·

466 2907 710 2980 politani
758 2913 1070 2979 praecepte,
1110 2907 1437 2965 obstinatus
1486 2913 1546 2963 et
1592 2906 1948 2971 inobediens,
1999 2905 2144 2961 alias
2191 2922 2372 2961 novas
2412 2905 2559 2962 Con·
2585 2882 2877 3001 {guaryenfi

465 2992 754 3047 clusiones
788 3008 1002 3064 ponere
1038 3008 1154 3047 non
1191 2992 1407 3059 omisit,
1434 2991 1579 3047 adeo
1614 2990 1768 3045 male
1797 2990 1892 3046 vel
1916 2988 2085 3061 pejus
2125 3006 2300 3059 quam
2337 2989 2561 3060 priores

466 3082 753 3141 sonantes,
782 3082 852 3131 ut
885 3081 1048 3146 patet
1063 3098 1153 3130 :—

536 3161 587 3216 1.
633 3162 670 3187 “
691 3158 1032 3214 Dominium
1067 3156 1241 3213 civ-ile
1277 3158 1298 3187 ²
1318 3156 1460 3229 [cst]
1499 3157 1821 3213 dominium
1859 3156 2331 3229 proprietarium,
2368 3161 2560 3212 actum

468 3246 507 3272 “
544 3243 786 3300 viatoris
823 3259 999 3314 super
1034 3242 1201 3297 bonis
1238 3242 1407 3313 plene
1445 3241 1764 3298 secundum
1799 3242 1961 3312 leges
1998 3240 2297 3296 humanas.

534 3327 587 3382 2.
632 3331 669 3354 “
689 3327 825 3382 Non
861 3332 979 3382 stat
1012 3343 1158 3398 pure
1195 3326 1476 3382 clericum
1512 3326 1732 3398 absque
1773 3324 2009 3381 mortali
2047 3330 2283 3397 peccato
2308 3324 2563 3380 civiliter

469 3415 507 3441 “
545 3412 867 3478 dominari;
891 3411 1062 3467 '’—et
1084 3410 1371 3482 intelligit
1392 3427 1497 3481 per
1524 3413 1562 3437 ‘⁴
1580 3427 1728 3482 pure
1752 3409 2059 3474 clericos,''
2086 3410 2328 3482 Papam,
2359 3409 2560 3466 Cardi-

466 3496 646 3559 nales,
688 3496 1027 3569 Episcopos,
1068 3493 1376 3557 Diaconos,
1417 3500 1478 3549 et
1512 3493 1658 3549 alios
1696 3494 2044 3550 sacerdotes.

535 3581 587 3635 3.
632 3579 851 3650 “Papa
895 3597 1011 3634 non
1068 3582 1262 3650 potest
1323 3578 1659 3649 dispensare
1719 3584 1921 3633 contra
1978 3577 2346 3649 Apostolum,
2411 3577 2563 3633 sicut

469 3665 507 3691 ‘⁶
545 3681 653 3720 nec
692 3682 828 3719 cum
859 3668 879 3698 ⁸
897 3661 1094 3736 [pure]
1137 3661 1370 3727 clericO,
1415 3667 1483 3716 ut
1522 3662 1737 3717 habeat
1774 3660 2027 3717 civiliter
2061 3661 2382 3733 proprium.

532 3748 587 3803 4.
632 3750 669 3776 ‘⁶
691 3747 1030 3803 Dominium
1053 3747 1245 3812 civile,
1286 3745 1610 3802 formaliter
1645 3745 1887 3811 dictum,
1917 3746 2073 3816 sapit
2093 3745 2562 3817 inseparabiliter

468 3834 506 3859 “
543 3838 864 3904 peccatum.

534 3915 587 3971 5.
631 3918 669 3943 “
689 3915 876 3972 Actus
914 3914 1106 3972 civilis
1145 3920 1235 3970 est
1271 3920 1436 3971 actus
1474 3913 1775 3969 rationalis
1813 3918 2114 3979 creaturae,
2143 3913 2332 3969 factus
2355 3930 2555 3968 secun·

469 4002 507 4026 “
548 3998 692 4054 dum
716 3999 912 4071 legem
935 3998 1265 4053 humanam.

535 4083 588 4138 6.
632 4085 670 4110 “
690 4082 858 4138 Sicut
893 4082 1055 4137 Deus
1091 4099 1206 4137 non
1246 4086 1439 4153 potest
1478 4097 1749 4137 exercere
1790 4086 1956 4136 actus
1995 4080 2217 4145 civiles,
2258 4095 2365 4134 nec
2387 4080 2558 4137 homo

468 4172 505 4195 ‘⁶
544 4168 606 4222 in
630 4172 787 4224 statu
827 4165 1188 4233 innocentiae,
1229 4167 1315 4222 sic
1348 4165 1624 4222 illicitum
1661 4171 1753 4222 est
1789 4165 1965 4221 alicui
1990 4181 2135 4236 pure
2159 4164 2370 4220 clerico
2394 4170 2557 4221 actus

469 4255 507 4280 “
546 4251 750 4309 civiles
787 4256 807 4285 ⁴
822 4250 1047 4321 aliquos
1084 4266 1372 4307 exercere.

533 4336 587 4391 ⁹7.
633 4338 671 4362 ‘⁸
692 4333 1088 4406 Quodcunque
1136 4333 1452 4404 collegium
1502 4332 1851 4388 clericorum
1908 4331 2062 4403 quod
2110 4331 2369 4403 adquirit
2407 4334 2557 4390 bona

1250 4483 1347 4490 —.....
1354 4484 1411 4489 .-
1428 4481 2522 4490 -—-——-————-——.—.—..——

533 4594 546 4622 ¹
564 4591 794 4658 practica
816 4590 872 4639 in
894 4589 980 4640 the
1001 4587 1201 4653 printed
1222 4594 1371 4638 texts.
1626 4588 1646 4617 ⁸
1663 4585 1903 4650 Supplied
1925 4586 2057 4635 stom
2079 4585 2218 4637 Bibl.
2244 4587 2373 4653 Reg.
2406 4595 2467 4640 13
2491 4589 2552 4640 Ε.

530 4672 551 4702 ²
574 4669 815 4735 Supplied
838 4668 966 4718 from
986 4666 1120 4717 Bibl.
1143 4666 1271 4730 Reg.
1299 4670 1360 4715 13
1396 4664 1454 4716 Ε.
1558 4665 1654 4716 ix.:
1682 4665 1891 4716 omitted
1912 4666 1967 4715 in
1983 4666 2070 4717 the
2102 4668 2308 4731 printed
2326 4674 2473 4720 texts.

467 4750 540 4802 ix.
558 4770 571 4801 z
608 4748 818 4800 omitted
850 4747 905 4799 in
927 4747 1013 4800 the
1033 4746 1231 4811 printed
1245 4751 1390 4797 texts.
1623 4746 1641 4776 ⁴
1666 4744 1890 4798 Omitted
1909 4745 1965 4797 in
1980 4745 2067 4798 the
2087 4745 2283 4809 printed
2305 4753 2452 4801 texts.
