3300 5617
1150 825 1478 876 msromA
1523 824 1944 876 metucns.
2451 813 2579 876 329

795 1297 906 1363 ΒΕ
950 1296 1280 1363 Tmou:
1325 1295 1546 1362 Rnffls
1592 1295 1899 1363 RchRm
1945 1295 2275 1363 Saevum.

99 1496 187 1545 M
196 1498 257 1547 S.
284 1495 424 1546 Bibl.
560 1488 731 1543 Anno
767 1485 1085 1542 Dominicae
1118 1484 1540 1543 Incarnationis
1570 1484 1884 1540 millesimo
1918 1485 2326 1541 trecentesimo
2361 1491 2588 1557 septua-
2614 1488 2754 1539 AJ).
2785 1484 2927 1541 1'377.

96 1563 272 1640 13²3·
295 1568 358 1613 ¹3
495 1573 719 1645 gesimo
756 1571 1021 1644 septime,
1060 1570 1294 1642 cognito
1333 1570 1490 1641 quod
1525 1569 1777 1626 illustris
1818 1569 1944 1624 Rex
1977 1569 2213 1641 Anglioe
2244 1569 2587 1634 Edwardus,
2614 1579 2923 1644 Deputation

96 1629 192 1682 Ε·
220 1644 303 1680 ¹²2
494 1657 727 1713 Tertius
776 1674 814 1710 a
862 1654 1234 1725 Conquaestm
1297 1654 1362 1709 in
1417 1653 1647 1724 vigilia
1708 1652 1907 1708 saneti
1966 1652 2200 1718 Amani,
2261 1652 2591 1725 Anglorum
2616 1646 2679 1697 of
2690 1645 2902 1697 citizens

492 1738 964 1809 Protomartyris,
1025 1734 1303 1794 videlicet
1359 1736 1640 1793 vicesimo
1713 1737 1905 1809 primo
1965 1735 2060 1791 die
2120 1737 2338 1792 mensis
2400 1736 2440 1791 J
2442 1737 2585 1801 unii,
2615 1712 2675 1763 οῗ
2690 1714 2904 1791 L⁰Pd⁰¹¹

488 1823 644 1879 diem
680 1840 851 1879 suum
887 1822 1100 1878 clausit
1127 1827 1469 1885 extremum,
1497 1820 1929 1875 Londonienses
1966 1820 2254 1875 miserunt
2287 1819 2361 1875 de
2393 1820 2590 1875 valen·
2614 1781 2874 1897 ffiffi'f

483 1908 730 1964 tioribus
790 1905 1016 1962 civibus
1076 1906 1151 1961 ad
1210 1904 1227 1937 ¹
1244 1905 1646 1976 Kyngestone,
1712 1904 1814 1958 ubi
1852 1909 1994 1958 tunc
2040 1904 2415 1960 morabantur
2468 1910 2590 1960 tam

481 1991 796 2065 'Princeps
840 2008 1017 2063 quam
1053 1996 1242 2045 mater
1281 1989 1410 2061 ejus
1452 1988 1846 2059 Principissa;
1887 1995 1955 2043 ut
1994 1988 2293 2044 civitatem
2334 1995 2396 2044 et
2431 1988 2589 2045 cives

483 2075 911 2132 Londonienses
942 2072 1479 2129 recommendarent
1506 2071 1747 2126 eisdem.
1812 2071 1852 2126 J
1854 2072 2107 2126 ohannes
2138 2089 2279 2128 vero
2306 2073 2586 2144 Philipot,

482 2159 900 2215 Londoniensis
953 2157 1120 2223 civis,
1183 2157 1445 2213 facturus
1480 2156 1663 2212 verba
1709 2173 1817 2228 pro
1867 2155 2220 2221 concivibus,
2271 2157 2590 2214 orationem

482 2242 887 2315 hujuscemodi
922 2240 1222 2297 inchoavit
1246 2264 1337 2296 :—

557 2331 594 2355 “
631 2326 803 2382 Nova
838 2325 1153 2390 afferimus,
1194 2323 1682 2380 excellentissime
1718 2323 1986 2388 Domine,
2027 2341 2159 2395 quae
2207 2325 2333 2380 sine
2379 2342 2591 2397 magno
2618 2309 2809 2374 speech
2833 2312 2895 2362 Of

485 2414 523 2439 “
560 2427 810 2466 moerore
845 2410 1066 2464 referre
1102 2426 1218 2464 non
1250 2423 1581 2479 possumus,
1622 2408 1695 2463 de
1730 2414 1918 2464 morte
1954 2408 2352 2465 indubitanter
2399 2409 2589 2464 immi·
2617 2376 2761 2508 {¹332ss
2779 2378 2901 2428 Phi·

486 2498 523 2522 “
560 2501 734 2550 nente
771 2492 1145 2549 invictissimi
1179 2492 1366 2547 nostri
1402 2490 1586 2561 Regis
1622 2490 1937 2558 Edwardi3
1978 2491 2081 2563 qui
2104 2509 2211 2547 nos
2236 2497 2297 2548 et
2342 2510 2593 2564 regnum

485 2584 522 2606 ‘⁴
563 2579 739 2643 istud,
791 2583 861 2633 ut
913 2578 998 2633 ita
1046 2576 1256 2640 dicam,
1312 2593 1419 2648 per
1474 2575 1690 2631 saecula
1741 2575 1930 2631 multa
1977 2576 2040 2630 in
2078 2577 2400 2648 tranquilla
2449 2595 2591 2649 pace

485 2668 521 2691 ‘⁶
561 2661 879 2719 custodivit
913 2666 975 2717 et
1008 2661 1176 2724 rexit,
1217 2665 1294 2715 et·
1305 2660 1449 2731 jam,
1500 2659 1828 2714 manifestis
1879 2659 1942 2714 in
1996 2677 2066 2714 eo
2119 2661 2326 2715 mortis
2378 2661 2585 2732 signis,

484 2751 521 2774 ‘⁴
560 2746 777 2802 desinit
811 2762 940 2801 esse
975 2750 1168 2799 rector
1201 2749 1418 2799 noster.
1494 2743 1664 2799 Unde
1710 2760 2008 2813 rogamus,
2048 2761 2120 2799 ex
2153 2750 2320 2816 parte
2368 2745 2588 2800 civium

486 2834 523 2858 ‘⁶
562 2837 625 2886 et
670 2830 928 2885 civitatis
977 2827 1418 2891 Londoniensis,
1458 2831 1527 2882 ut
1558 2826 1824 2884 habeatis
1872 2828 2399 2884 recommendatam
2447 2846 2589 2899 erga

490 2918 527 2942 ‘⁴
565 2920 823 2971 vestram
874 2912 1282 2976 reverentiam,
1334 2911 1635 2967 civitatem
1681 2916 1957 2978 vestram,
2009 2911 2316 2967 Cameram
2365 2913 2593 2969 scilicet

489 3002 527 3027 ‘⁸
566 3005 839 3062 vestram,
904 2996 1006 3068 qui
1064 2996 1129 3050 in
1186 2995 1447 3067 proximo
1506 2994 1672 3050 eritis
1731 3001 1930 3051 noster
1988 2996 2131 3061 Rex,
2190 3014 2364 3069 quem
2402 2998 2592 3053 solum

491 3086 528 3111 ‘⁸
566 3082 792 3153 Regem
837 3079 1345 3151 recognoscimus3
1409 3078 1578 3150 cujus
1640 3078 1824 3135 solius
1884 3080 2264 3152 subjiciemur
2321 3081 2587 3154 imperio,

490 3170 528 3195 ‘⁴
566 3167 870 3221 flectemur
918 3164 1181 3229 arbitri0,
1251 3163 1501 3236 parituri
1564 3180 1793 3219 summo
1847 3164 2121 3230 dominio,
2177 3166 2592 3221 famulabimur

491 3254 528 3278 “
567 3257 688 3307 tam
723 3266 986 3321 personae
1023 3265 1200 3320 quam
1233 3247 1432 3302 verbo·
1508 3247 1604 3312 Et,
1644 3254 1714 3304 ut
1749 3254 1961 3303 caetera
1996 3266 2351 3320 exequamur
2377 3258 2591 3305 nostrte

489 3338 527 3362 ‘⁴
567 3334 877 3406 legationis
912 3332 1143 3396 nuncia,
1170 3332 1400 3387 noverit
1421 3337 1620 3387 vestra
1648 3333 1982 3387 reverentia
2016 3333 2312 3390 civitatem
2336 3341 2594 3390 vestram

490 3423 527 3448 “
566 3417 947 3474 indicibiliter
983 3415 1331 3488 perturbari,
1389 3432 1458 3470 eo
1517 3415 1675 3486 quod
1723 3422 1980 3472 vestram
2029 3418 2400 3489 praesentiam
2439 3419 2593 3474 elon-

489 3506 527 3530 “
566 3502 751 3574 gastis
788 3500 862 3556 ab
898 3517 985 3564 ea,
1026 3517 1158 3570 quoe
1192 3503 1421 3554 tantum
1455 3498 1623 3554 vobis
1658 3500 1922 3556 noscitur
1957 3518 2086 3557 esse
2123 3502 2350 3567 devota,
2389 3510 2457 3559 ut
2479 3522 2594 3559 non

489 3592 526 3614 ‘⁴
564 3586 755 3640 solum
789 3589 995 3655 parata
1030 3583 1111 3638 sit
1143 3581 1294 3637 bona
1329 3600 1437 3637 sua
1469 3583 1830 3654 temporalia,
1878 3585 1981 3640 sed
2021 3585 2217 3651 etiam,
2259 3587 2310 3642 si
2356 3606 2594 3643 necesse

489 3674 527 3698 ‘⁴
567 3671 663 3735 sit,
723 3687 829 3742 pro
875 3668 1042 3723 vobis
1103 3665 1437 3739 impendere
1484 3667 1668 3722 vitam
1706 3687 1890 3724 suam.
1990 3669 2190 3740 Igitur
2230 3671 2305 3726 ad
2338 3679 2594 3728 vestram

490 3758 527 3782 “
566 3753 938 3826 proesentiam
997 3752 1369 3816 accessimus,
1423 3752 1716 3823 precaturi
1766 3757 1835 3809 ut
1883 3753 2121 3819 ibidem,
2171 3760 2294 3810 tam
2340 3757 2415 3812 ad
2461 3775 2593 3813 con-

490 3843 528 3866 “
568 3839 913 3895 solationem
937 3837 1156 3893 civium
1183 3854 1359 3908 quam
1383 3837 1567 3892 vestri
1593 3838 1972 3893 securitatem
1988 3845 2050 3895 et
2064 3840 2357 3905 solatium,
2376 3843 2594 3897 morari

489 3927 527 3951 “
564 3923 780 3978 velitis.
858 3922 1256 3993 Deprecamur
1293 3921 1552 3992 insuper,
1580 3921 1863 3994 Princeps
1889 3922 2308 3989 illustrissime,
2359 3930 2427 3980 ut
2474 3925 2590 3983 dis-

490 4010 527 4034 “
566 4006 780 4062 cordiae
817 4023 948 4076 quae
982 4004 1138 4059 inter
1173 4005 1333 4059 cives
1355 4010 1584 4060 nostros
1618 4010 1683 4061 et
1717 4005 2032 4061 Dominum
2055 4014 2338 4073 nostrum,
2367 4008 2592 4065 Ducem

491 4094 529 4118 ⁴⁸
567 4088 940 4153 Lance-striae,
968 4105 1155 4159 nuper
1180 4088 1543 4159 quorundam
1568 4089 1965 4146 simultatibus
2003 4098 2131 4146 orta
2154 4098 2262 4157 est,
2296 4092 2593 4149 nullorum

492 4176 531 4202 ‘⁸
572 4172 810 4245 quidem
845 4171 1165 4236 commodo,
1194 4172 1298 4227 sed
1332 4173 1721 4244 plurimorum
1746 4174 2067 4246 dispendi0‚
2096 4175 2269 4229 finem
2294 4176 2590 4249 imponere

496 4262 534 4286 “
573 4255 917 4327 dignemini,
958 4255 1076 4327 ipsi
1112 4255 1265 4310 Duoi
1303 4262 1365 4310 et
1398 4257 1614 4312 nostris
1651 4258 1880 4313 civibus
1918 4259 2342 4315 fructuosum.”

557 4340 740 4397 'Hoec
777 4346 838 4395 et
869 4339 987 4395 hiis
1024 4339 1316 4394 similibus
1352 4340 1425 4394 ab
1462 4357 1531 4395 eo
1553 4342 1858 4412 peroratis,
1887 4360 2230 4414 responsum
2254 4351 2346 4401 est
2368 4364 2404 4401 a
2420 4346 2589 4402 Prin·
2614 4323 2915 4444 ᾒὲδὲἑξοέῗ

557 4579 572 4609 ¹
595 4576 858 4642 Probably
874 4573 1205 4640 Kenynqwne,
1221 4573 1348 4624 asin
1367 4589 1495 4641 page
1537 4577 1553 4665 1
1661 4578 1682 4607 ⁸
1700 4575 1788 4627 Sic
1823 4577 1874 4628 in
1914 4578 2059 4645 orig„
2083 4583 2184 4632 and
2217 4582 2352 4635 Bibl.
2377 4584 2503 4650 Reg.
2532 4591 2592 4635 13

495 4662 593 4707 326
626 4663 783 4746 att-te..
891 4732 904 4746 ·
1027 4732 1040 4745 ·
1542 4667 1556 4776 Ι
1596 4655 1658 4706 Ε.
1682 4655 1754 4707 ix.

560 4737 581 4767 ²
603 4734 867 4799 Prmcnpes
888 4748 943 4783 m
966 4748 1120 4798 ong.;
1155 4733 1495 4798 erroneously.
