3300 5617
1081 820 1409 872 ms'romA
1451 818 1869 870 1111611οΑ111*υ
2396 809 2519 871 431

65 1016 218 1072 ms.
251 1018 392 1077 Bibl,
433 1007 588 1080 quod
628 1008 914 1063 “Bonum
933 1007 968 1030 ”
1005 1006 1217 1061 merito
1270 1005 1615 1077 appellatur,
1670 1013 1931 1078 tempore
1985 1005 2221 1060 Domini
2256 1003 2529 1059 Edwardi
2554 1007 2692 1059 A.D.
2719 1013 2860 1059 1380.

65 1084 206 1169 {eg-
247 1096 311 1141 13
433 1092 635 1162 Regis,
675 1093 861 1147 Tertii
885 1095 1019 1163 post
1043 1089 1480 1160 Oonqnaestum,
1508 1089 1746 1145 Thomae
1785 1089 2179 1160 Katringtone
2217 1089 2528 1158 armigero,

65 1168 118 1202 '⁴‘
152 1169 253 1208 ¹¹·
432 1177 721 1247 quondam
760 1174 1004 1231 Custodi
1041 1173 1268 1229 castelli
1304 1173 1378 1228 de
1417 1173 1631 1229 Sancto
1671 1174 1991 1239 Salvatore,
2021 1173 2177 1244 quod
2209 1171 2532 1227 recolendas

427 1262 726 1315 memoriae
761 1260 1048 1315 Dominus
1085 1258 1379 1313 «Iohannes
1418 1258 1731 1314 chaundos
1766 1263 2167 1313 construxerat
2199 1258 2263 1311 in
2299 1256 2529 1320 Galliis,

429 1344 586 1399 intra
619 1344 871 1399 insulam
908 1342 980 1397 de
1018 1342 1380 1407 Constantin‚
1433 1342 1795 1414 imposuerat
1825 1348 2025 1397 notam
2058 1341 2424 1412 proditionis,
2464 1357 2532 1394 eo

431 1427 586 1498 quod
636 1428 860 1483 dictum
913 1426 1238 1491 castellum,
1293 1432 1361 1481 ut
1413 1427 1686 1490 asseruit,
1739 1425 2083 1481 vendiderat
2135 1424 2379 1480 Gallicis
2427 1441 2532 1495 pro

429 1511 826 1567 inaestimabili
899 1528 1130 1566 summa
1197 1510 1480 1582 pecuniae,
1555 1524 1691 1565 cum
1764 1528 1870 1565 nec
1932 1509 2191 1564 defensio
2251 1508 2366 1563 sibi
2424 1525 2531 1562 nec

428 1597 709 1653 victualia
767 1597 1122 1653 defuissent:
1201 1597 1262 1650 in
1323 1614 1440 1667 qua
1497 1613 1692 1660 causa,
1756 1613 1891 1651 cum
1963 1595 2168 1650 eodem
2238 1594 2531 1664 armigero

430 1699 727 1737 armorum
787 1682 918 1752 lege
977 1681 1193 1737 obtulit
1251 1698 1315 1735 se
1384 1687 1801 1752 pugnaturum.
1895 1679 1991 1735 Ad
2051 1698 2186 1735 eum
2257 1696 2527 1750 namque,

428 1766 652 1821 ratione
687 1766 885 1821 uxoris
923 1783 1063 1829 sues,
1090 1765 1188 1819 cui
1216 1764 1535 1820 debebatur
1569 1764 1900 1829 haereditas‚
1939 1772 2218 1836 tanquam
2253 1763 2530 1834 proximas

430 1850 503 1904 de
539 1850 816 1906 affinitate
852 1849 995 1906 dicti
1051 1849 1090 1904 J
1092 1849 1334 1904 ohannis
1386 1847 1719 1913 chaundos,
1772 1848 2098 1904 dominium
2150 1848 2315 1903 illius
2351 1846 2527 1902 castri

429 1939 771 2005 spectasset,
823 1935 874 1990 si
911 1952 1026 1990 non
1059 1932 1381 2004 proditiose
1416 1932 1735 1988 alienatum
1770 1932 1981 1989 fuisset
2015 1932 2361 1988 commentis
2385 1932 2527 1986 dicti

431 2017 687 2072 Thomae.
776 2017 1101 2073 Praedictus
1152 2023 1349 2072 autem
1401 2016 1654 2071 Thomas
1705 2034 1814 2087 pro
1866 2017 1977 2072 hac
2017 2035 2196 2072 causa
2229 2023 2434 2087 captus
2471 2022 2530 2071 et
2553 2028 2794 2095 Rau-ing.

427 2101 824 2157 incarceratus
874 2102 990 2157 fuit,
1021 2118 1130 2173 pro
1177 2106 1351 2167 tunc,
1409 2100 1514 2155 sed
1562 2101 1680 2157 cito
1714 2108 1865 2172 post,
1906 2101 2137 2172 quando
2173 2102 2325 2157 Duci
2359 2103 2532 2158 licuit
2555 2097 2827 2174 ‘031581112-

432 2185 715 2255 quicquid
771 2184 963 2250 libuit,
1027 2185 1168 2240 dum
1226 2185 1353 2241 Rex
1412 2192 1579 2255 pater
1639 2185 1769 2256 ejus
1839 2186 1902 2239 in
1960 2186 2234 2241 extremis
2294 2186 2524 2257 agebat,
2551 2164 2803 2226 Ρωοῃθὼ

429 2268 785 2325 deliberatus
822 2276 929 2334 est,
969 2270 1320 2333 interventu,
1360 2275 1430 2324 ut
1477 2268 1713 2335 dicitur,
1754 2269 1990 2324 Domini
2027 2269 2099 2324 de
2124 2269 2402 2334 Latimer,
2430 2272 2527 2325 cui
2552 2279 2657 2330 But
2677 2279 2827 2329 aster-

427 2351 586 2407 idem
621 2354 880 2424 armiger
927 2353 991 2407 in
1043 2370 1186 2424 pace
1235 2358 1297 2408 et
1344 2353 1409 2407 in
1457 2352 1628 2417 bello,
1668 2353 1733 2407 in
1760 2353 1942 2423 justis
1978 2359 2039 2408 et
2072 2353 2137 2407 in
2169 2353 2425 2424 injustis,
2466 2355 2527 2409 in
2552 2347 2861 2397 ΜΒΝ·

423 2437 583 2491 veris
620 2443 681 2491 et
713 2437 776 2492 in
810 2438 996 2500 falsis,
1035 2454 1141 2507 per
1173 2442 1307 2492 ante
1359 2436 1735 2492 militaverat.
1823 2436 1883 2491 N
1885 2455 1952 2491 ec
2000 2438 2194 2507 potuit
2230 2436 2526 2493 «Iohannes
2549 2414 2704 2463 'med‘

421 2518 713 2575 Anneslee
773 2522 866 2575 sui
921 2520 1193 2576 clamoris
1253 2520 1525 2574 effectum
1583 2538 1690 2592 per
1747 2525 1936 2575 totum
1989 2526 2220 2591 tempus
2276 2538 2526 2592 sequens

422 2605 703 2675 consequi
757 2620 945 2674 usque
997 2604 1189 2669 modo,
1255 2604 1606 2673 quibusdam
1678 2604 2073 2660 asserentibus
2134 2610 2336 2660 contra
2386 2606 2527 2676 jura

422 2688 592 2757 regni
629 2688 752 2743 fore
789 2687 1048 2758 aliquem
1083 2688 1155 2742 de
1192 2688 1321 2759 ipso
1367 2704 1552 2758 regno
1598 2705 1707 2758 pro
1756 2687 1880 2742 ulla
1926 2705 2104 2742 causa
2138 2688 2244 2742 tali
2281 2689 2414 2759 lege
2462 2689 2524 2743 in

423 2788 608 2841 regno
665 2788 948 2843 pugnare.
1038 2771 1362 2827 Obstabant
1421 2788 1597 2842 quam
1655 2772 1922 2836 maxime,
1986 2772 2090 2842 qui
2150 2772 2331 2827 simili
2388 2779 2527 2829 nota

424 2855 670 2926 percelli
717 2856 1036 2921 timebant3
1101 2855 1206 2910 sed
1239 2854 1475 2910 tandem
1511 2855 1728 2910 coactis
1765 2855 1781 2887 ¹
1791 2855 2065 2926 juridicis
2102 2862 2163 2912 et
2197 2857 2523 2911 senioribus

423 2938 715 2995 militibus
758 2940 1039 3011 regionis,
1091 2939 1402 2993 diffinitum
1455 2944 1547 2994 est
1581 2956 1690 3010 pro
1745 2957 1922 2994 causa
1966 2941 2309 3005 extrinseca,
2350 2942 2522 2996 sicuti
2550 2945 2662 2995 The
2682 2952 2862 2996 matter

423 3040 532 3093 pro
577 3024 854 3093 praesenti
891 3040 1084 3088 causa,
1141 3041 1272 3095 quse
1318 3040 1434 3077 non
1480 3023 1636 3077 infra
1680 3024 1851 3094 regni
1898 3024 2117 3078 limites
2153 3030 2284 3079 orta
2317 3031 2424 3089 est,
2466 3042 2499 3078 6
2550 3014 2730 3076 agreed
2753 3021 2805 3062 ²0

423 3123 531 3177 pro
561 3107 927 3177 possessione
962 3124 1162 3161 rerum
1195 3107 1737 3172 transmarinarum,
1778 3107 1924 3162 bene
1959 3107 2137 3161 licere
2174 3125 2525 3178 quemquam
2550 3079 2612 3193 ge
2633 3079 2844 3195 {eeil‘led

425 3189 622 3245 duello
671 3191 1003 3261 confligere,
1056 3190 1109 3245 si
1171 3189 1616 3246 Constabulario
1669 3196 1731 3246 et
1787 3191 2133 3246 Marescallo
2191 3192 2362 3263 regni
2420 3210 2526 3263 per
2585 3161 2621 3210 y
2679 3161 2740 3195 ue
2762 3185 2774 3196 '

422 3278 556 3329 ante
610 3292 787 3330 causa
819 3274 1032 3330 fuisset
1070 3274 1383 3339 notificata,
1424 3281 1485 3330 et
1533 3275 1596 3328 in
1647 3291 1851 3330 eorum
1898 3276 2212 3346 praesentia
2263 3276 2525 3331 duellum

423 3373 461 3410 a
493 3356 759 3427 partibus
795 3363 1177 3429 acceptatum.

498 3440 791 3496 Statuitur
828 3458 971 3511 crgo
1008 3441 1135 3496 dies
1172 3440 1333 3505 belli,
1374 3448 1437 3497 et
1471 3441 1709 3497 interim
1743 3449 2147 3515 praeparantur
2183 3443 2380 3499 duello
2428 3462 2526 3499 ne-
2550 3454 2792 3518 Prepara-

424 3525 681 3580 cessaria
737 3525 802 3579 in
852 3524 1033 3579 Curia
1087 3525 1243 3596 apud
1294 3525 1904 3591 westmonasterium,
1957 3526 2177 3584 limites
2227 3529 2521 3594 videlicet,
2551 3522 2685 3571 fi0¹1⁸
2708 3530 2763 3602 at·

426 3626 571 3679 quas
631 3612 669 3637 “
696 3608 918 3665 listas”
973 3615 1202 3674 vocant,
1256 3609 1331 3664 de
1380 3610 1560 3682 lignis
1613 3610 1935 3666 fortissime
1992 3613 2343 3677 fabrefacta),
2399 3619 2524 3669 tan-
2548 3589 2825 3638 wemma·

427 3710 602 3764 quam
638 3700 923 3765 perpetuo
953 3693 1271 3749 duraturae.
1345 3693 1712 3750 Adveniente
1749 3695 1843 3749 die
1879 3697 2133 3766 praefi10‚
2174 3699 2526 3753 conveniunt
2550 3655 2751 3773 {¹⁵35oe
2771 3656 2857 3705 the

424 3776 499 3831 de
533 3779 760 3832 cunctis
797 3777 969 3848 regni
1005 3777 1272 3848 partibus
1309 3778 1384 3833 ad
1418 3777 1440 3809 ²
1457 3779 1755 3834 insuetum
1802 3778 1944 3834 belli
1995 3782 2411 3850 spectaculum,
2461 3783 2525 3836 in

422 3864 588 3915 tanta
623 3861 860 3932 quidem
901 3861 1086 3932 copia,
1132 3868 1202 3917 ut
1239 3879 1519 3917 numerus
1555 3862 1872 3918 Londoniis
1922 3865 2334 3920 confluentium
2374 3865 2523 3921 mul·

423 3943 737 4000 titudinem
773 3961 976 4000 eorum
1001 3945 1105 4016 qui
1141 3945 1217 4001 ad
1253 3945 1438 4017 Regis
1465 3946 1914 4001 Coronationem
1948 3948 2152 4017 paucis
2187 3949 2354 4015 annis
2390 3954 2524 4004 ante

422 4025 444 4057 ³
458 4033 892 4094 concurrerant,
919 4029 1235 4094 excessivo,
1262 4029 1583 4085 multorum
1604 4030 1958 4093 testimonio,
1988 4038 2309 4102 superaret.
2384 4032 2525 4104 Ipso

424 4128 566 4167 vero
616 4112 730 4179 die,
774 4128 1003 4169 summo
1055 4130 1245 4178 mane,
1301 4114 1466 4185 Rege
1505 4132 1640 4169 cum
1688 4115 2029 4185 proceribus
2066 4122 2128 4170 et
2160 4116 2331 4187 regni
2368 4135 2522 4172 com·

424 4195 710 4252 munitate
731 4196 928 4251 locum
950 4197 1257 4267 ingressis,
1283 4204 1461 4268 prout
1494 4197 1677 4253 moris
1702 4205 1810 4262 est,
1841 4198 2012 4253 miles
2036 4198 2220 4255 intrat
2241 4212 2520 4266 armatus,

425 4279 687 4335 insidens
741 4280 1102 4336 dextrarium
1153 4281 1564 4336 decentissime
1627 4282 2016 4352 phaleratum.
2117 4282 2274 4338 Nam
2325 4285 2522 4356 appel-

499 4573 513 4607 1
537 4573 760 4625 vir-idida
780 4573 836 4623 in
857 4568 945 4624 the
966 4572 1168 4638 printed
1188 4580 1338 4626 texts.
1528 4582 1676 4629 texts.

497 4657 519 4685 ²
538 4656 730 4704 insueta
767 4653 823 4702 in
859 4651 987 4719 orig.
1025 4653 1126 4703 and
1141 4652 1275 4704 Bibl.
1299 4653 1425 4720 Bag.
1591 4658 1611 4686 ¹
1631 4655 1970 4721 corfinus-erant
2032 4659 2088 4711 in
2154 4659 2241 4714 the
2322 4664 2523 4729 printed

436 4741 496 4785 13
528 4734 592 4785 Ε.
624 4734 732 4793 ix.;
765 4733 1000 4783 insuetum
1026 4731 1082 4781 in
1114 4731 1201 4783 the
1229 4733 1427 4797 printed
1527 4742 1676 4788 texts.
