3300 5617
1086 802 1413 855 msrossu
1456 800 1874 855 mancum.
2391 790 2515 853 301

36 991 200 1045 MS.
227 994 374 1047 Bibl.
435 990 588 1045 Duci
634 990 1012 1061 Burgundioe,
1065 991 1200 1063 ¹qui
1244 991 1534 1062 quondam
1580 991 1735 1064 patri
1795 1008 1903 1047 suo
1949 990 2010 1045 in
2054 989 2274 1061 Anglia
2335 988 2527 1044 fuerat
2549 990 2687 1042 Aa).
2713 995 2857 1042 1364.

35 1059 214 1125 Reg.
245 1068 314 1112 13

41 1125 126 1175 E.
163 1128 253 1180 ix.

47 1192 244 1245 Cout.

435 1082 891 1214 cogzuffngsdsem
926 1166 1207 1230 tempore,
1270 1159 1332 1214 in
1377 1159 1566 1231 planis
1625 1159 1931 1231 Turkeyae‚
2001 1157 2063 1213 in
2109 1158 2205 1213 die
2253 1156 2528 1212 Omnium
2554 1157 2713 1209 Great
2733 1157 2817 1205 de-

47 1258 407 1326 Murimmh,
435 1241 799 1308 Sanctorum,
845 1243 1221 1298 commissum
1255 1248 1348 1298 est
1381 1242 1602 1298 bellum
1648 1244 2079 1299 atrocissimum
2101 1243 2255 1298 inter
2280 1241 2528 1297 Christi-
2552 1224 2654 1274 seat
2666 1223 2726 1272 ⁰f
2742 1223 2825 1276 the

2552 1290 2757 1354 Pagans
2783 1292 2836 1341 in

45 1340 159 1390 pp.
191 1334 319 1393 200,
342 1336 385 1382 1.
432 1325 590 1381 colas
636 1332 696 1381 et
741 1327 1045 1397 Paganos;
1085 1327 1188 1381 ubi
1237 1326 1578 1392 Christiani,
1619 1329 1888 1398 quamvis
1932 1326 2104 1399 gravi
2139 1327 2348 1382 damno
2397 1342 2523 1391 su0,
2553 1356 2778 1420 Turkey·

80 2694 210 2776 M'S.
234 2725 391 2793 Cleop

81 2790 161 2840 A.
188 2794 305 2845 xvi.

83 2856 248 2909 Cont.

432 1409 598 1465 fuere
678 1410 949 1466 victores.
1060 1410 1340 1466 Attamen
1398 1411 1470 1466 de
1552 1410 1904 1467 Christianis
1978 1410 2195 1466 ibidem
2268 1408 2529 1465 cecidere

430 1491 453 1524 ²
470 1494 761 1565 principes
806 1493 829 1526 ⁸
845 1494 907 1549 J.
957 1494 1084 1549 Rex
1137 1493 1486 1565 Hungariae,
1541 1493 1843 1550 Siwardus
1903 1494 2029 1548 Rex
2090 1493 2420 1565 Gorgoniae‚
2460 1499 2524 1548 et

432 1576 729 1648 Magister
775 1577 1110 1651 Hospitalis
1158 1578 1377 1634 Insuiae
1415 1577 1523 1633 ⁴de
1565 1577 1815 1643 Roodes,
1853 1586 1915 1633 et
1951 1577 2266 1634 Christiani
2315 1577 2391 1632 ad
2421 1595 2527 1632 nu-

432 1677 660 1716 merum
708 1662 966 1733 quinque
1005 1662 1261 1718 millium
1307 1661 1692 1717 ducentorum
1745 1667 1806 1717 et
1839 1661 2060 1717 decem.
2132 1661 2222 1717 De
2269 1660 2526 1731 Paganis

432 1746 613 1800 missa
647 1752 784 1801 sunt
817 1745 894 1801 ad
927 1746 1173 1801 Tartara
1195 1745 1457 1801 virorum
1481 1745 1873 1818 quadraginta
1893 1745 2085 1800 millia
2116 1745 2523 1810 robustorum3

435 1849 567 1902 quae
635 1838 940 1905 perempta
998 1840 1138 1889 sunt
1183 1833 1419 1897 ibidem,
1474 1849 1611 1888 cum
1658 1832 1791 1888 aliis
1838 1831 2217 1905 popularibus
2276 1850 2526 1904 quorum

429 1932 708 1970 numerus
755 1933 870 1970 non
903 1916 1096 1987 potuit
1138 1915 1569 1987 comprehendi.
1659 1915 1739 1971 Et
1771 1916 2011 1971 fuerunt
2056 1915 2353 1987 principes
2413 1916 2522 1971 Pa·

432 2016 733 2069 ganorum,
776 1998 1064 2055 Soldanus
1101 1999 1440 2065 Babiloniae,
1481 1999 1623 2054 Rex·
1642 2000 1915 2071 Turkyae‚
1954 2000 2080 2055 Rex
2114 2000 2359 2065 Baldok,
2399 1999 2525 2054 Rex

431 2082 820 2147 Belmarinus,
861 2082 988 2139 Rex
1034 2083 1428 2147 Tartarorum,
1470 2088 1532 2139 et
1577 2083 1707 2138 Rex
1740 2082 1813 2138 de
1861 2083 2150 2150 Lettow03
2191 2101 2265 2139 ex
2310 2083 2526 2155 quibus

433 2172 555 2222 tres
600 2167 894 2224 interfecti
957 2169 1212 2233 fuerunt,
1276 2178 1345 2223 ut
1389 2166 1474 2221 hii
1524 2167 1626 2237 qui
1684 2168 2069 2223 interfuerant
2115 2167 2270 2224 dicto
2316 2167 2526 2239 proelio

433 2250 782 2306 referebant.

501 2334 672 2390 Anno
731 2335 939 2405 gratiae
987 2335 1302 2391 millesimo
1365 2334 1776 2391 trecentesimo
1842 2333 2241 2406 ¹⁵sexagesimo
2301 2334 2523 2406 quinto,
2552 2333 2862 2387 A.D.1365.

436 2419 539 2489 qui
600 2424 692 2474 est
738 2436 924 2473 annus
982 2420 1151 2490 regni
1214 2419 1398 2490 Regis
1460 2418 1757 2483 Edwardi,
1821 2437 1858 2475 a
1904 2419 2259 2491 Conquaestu
2320 2420 2523 2485 Tertii,
2552 2414 2717 2464 A⁸011
2734 2416 2862 2494 qu

433 2502 764 2557 tricesimus
833 2519 1037 2566 nonus,
1114 2508 1287 2557 natus
1359 2508 1452 2558 est
1507 2501 1812 2568 EdwardO,
1875 2503 2127 2574 principi
2172 2502 2404 2559 Walliae
2468 2509 2529 2558 et
2550 2489 2604 2531 ω
2617 2481 2703 2531 the
2716 2482 2901 2531 Pnnoe

433 2585 826 2656 Aquitanniae,
877 2586 1032 2657 apud
1080 2586 1514 2657 Angolismum,
1561 2591 1623 2642 et
1667 2591 1909 2642 vocatus
1945 2591 2038 2642 est
2083 2586 2240 2642 filius
2290 2586 2525 2643 nomine
2551 2547 2863 2664 &1¹33th

434 2668 617 2740 patris
667 2669 761 2724 sui
802 2668 1243 2724 “Edwardus.''
1326 2669 1446 2725 Hic
1482 2687 1631 2725 anno
1666 2670 1857 2725 aetatis
1894 2688 2017 2725 suae
2069 2671 2317 2741 septimo
2370 2670 2526 2725 diem
2552 2697 2617 2731 an
2639 2681 2777 2745 early

395 2766 407 2779 ·
432 2752 646 2808 clausit
667 2760 1008 2819 extremum,
1035 2770 1151 2807 non
1172 2758 1368 2808 tamen
1390 2759 1759 2824 praemature,
1786 2759 1856 2808 ut
1877 2752 2116 2824 plurimi
2136 2753 2489 2809 asserebant.
2553 2762 2664 2811 ³80·

506 2834 764 2891 ⁶Eodem
810 2854 979 2901 annn,
1031 2836 1404 2907 Ingelramus
1454 2836 1740 2892 Dominus
1789 2836 1862 2891 de
1899 2836 2099 2908 Ooucy
2145 2837 2301 2908 apud
2346 2837 2525 2907 Wyn·
2553 2841 2862 2936 ffiffiog

84 2925 404 2991 marimuth,
430 2918 792 2975 deleshoram
815 2919 1188 2991 desponsavit
1221 2919 1552 2984 Isabellam,
1592 2919 1774 2974 filiam
1810 2919 1992 2991 Regis
2027 2919 2299 2976 Edwardi
2324 2921 2526 2987 Tertii,
2553 2943 2762 2988 labeus.

82 3008 136 3056 p.
164 2999 285 3046 ποι.

85 3101 209 3153 ΜΒ.
235 3103 375 3156 Bibl.

87 3168 227 3248 Beg.
258 3176 319 3221 13

89 3236 156 3287 E.
183 3251 261 3287 lx.

434 3023 572 3062 cum
613 3024 831 3079 magna
871 3007 1259 3063 solemnitate.

500 3089 521 3128 ⁷
536 3091 668 3146 Hoc
703 3092 883 3147 etiam
929 3108 1079 3146 anno
1131 3090 1257 3147 Rex
1305 3091 1538 3164 prriae
1583 3091 1742 3163 cepit
1781 3090 2195 3147 Alexandriam
2229 3091 2524 3165 Magnam,
2556 3091 2775 3157 Captum
2791 3093 2854 3143 of

434 3191 565 3245 quae
614 3174 796 3230 clavis
856 3180 949 3231 est
991 3176 1259 3247 AEgypti,
1316 3175 1654 3247 ⁸perempta
1705 3174 1832 3230 illic
1888 3193 2003 3230 non
2055 3176 2285 3231 modica
2329 3176 2528 3232 multi·
2553 3160 2788 3238 Alfium·

433 3258 636 3314 tudine
718 3259 1109 3330 Paganorum.
1220 3259 1525 3331 Principes
1608 3260 1796 3330 igitur
1878 3260 2307 3332 praedictorum,
2393 3279 2531 3317 cum
2554 3228 2681 3278 ἀπ’·

435 3341 706 3408 Soldan0,
761 3343 911 3398 illud
952 3343 1172 3399 factum
1216 3342 1455 3415 indigne
1490 3345 1764 3409 ferentes,
1803 3343 1824 3373 ⁹
1837 3345 2171 3401 innumeros
2211 3344 2531 3401 adunantes

436 3424 707 3481 Sathanae
749 3427 1051 3493 satellites,
1078 3434 1367 3484 venerunt
1400 3432 1603 3483 contra
1644 3445 1797 3483 eum.
1871 3427 2133 3496 Quorum
2161 3428 2529 3484 multitudini

434 3508 560 3565 Rex
605 3517 668 3566 et
711 3511 806 3567 sui
853 3529 916 3567 se
963 3518 1266 3567 cernentes
1305 3512 1538 3567 omnino
1582 3511 1858 3583 impares,
1909 3528 2046 3567 cum
2090 3530 2205 3567 non
2251 3512 2533 3569 haberent

434 3594 750 3650 exercitum
810 3596 912 3667 qui
971 3595 1266 3651 custodire
1316 3601 1516 3667 posset
1560 3596 1798 3652 tertiam
1844 3602 2072 3668 partem
2108 3596 2387 3663 civitatis,
2436 3597 2532 3652 usi
2557 3601 2680 3651 Part
2700 3601 2761 3651 of
2774 3601 2862 3651 the

433 3680 675 3735 oonsilio
711 3681 978 3752 sapienti,
1019 3680 1337 3753 depraedati
1374 3687 1514 3738 sunt
1549 3681 1717 3737 illam
1752 3688 1980 3753 partem
2024 3700 2202 3753 quam
2237 3689 2527 3756 ceperant,
2556 3668 2662 3732 city
2680 3669 2826 3732 plun-

433 3764 762 3821 auferentes
781 3765 969 3837 spolia
986 3773 1047 3821 et
1068 3766 1305 3821 divitias
1331 3783 1463 3837 quae
1487 3766 1812 3836 quemlibet
1833 3772 2170 3823 exsaturare
2185 3767 2526 3823 valuissent.
2557 3736 2722 3785 ‘iered‘

431 3847 660 3921 Nempe
681 3866 799 3904 non
822 3856 1102 3921 ceperunt
1121 3849 1236 3906 nisi
1260 3867 1438 3904 unam
1459 3856 1687 3921 partem
1710 3850 1893 3916 urbis,
1921 3868 1993 3906 ex
2015 3869 2133 3907 una
2152 3856 2319 3924 parte
2342 3850 2528 3915 fluvii,

433 3932 574 4002 quia
629 3933 935 3989 brachium
980 3932 1273 4004 quoddam
1319 3932 1360 3966 ¹⁰
1372 3934 1666 3988 marinum
1712 3934 1921 3989 urbem
1966 3941 2145 3992 secat.
2218 3934 2530 4005 Reliquam

499 4115 513 4144 ¹
531 4113 662 4163 This
704 4128 914 4180 passage
949 4113 996 4164 is
1039 4119 1132 4164 not
1171 4113 1229 4162 in
1285 4113 1435 4166 Cont.
1593 4116 1615 4145 ⁸
1637 4114 1905 4167 Corrected
1947 4122 2001 4166 to
2030 4120 2062 4144 ‘⁸
2077 4131 2206 4165 anno
2243 4116 2363 4177 36,”
2400 4116 2455 4165 in
2499 4131 2533 4166 a

436 4193 742 4244 Murimuth.
1526 4194 1802 4245 somewhat
1834 4195 1961 4245 later
1998 4194 2150 4256 hand,
2172 4193 2230 4245 in
2259 4194 2375 4246 MS.
2392 4195 2529 4246 Bibl.

501 4277 523 4306 ²
537 4273 851 4339 principibus
872 4273 928 4324 in
949 4274 1036 4324 the
1050 4273 1249 4338 printed
1271 4278 1421 4324 texts.
1525 4271 1658 4337 Reg.
1688 4278 1749 4323 18
1773 4273 1834 4323 Ε.
1858 4273 1933 4324 ix.

499 4355 520 4385 ⁸
539 4352 697 4404 Leuis
719 4369 822 4403 was
842 4353 931 4402 the
952 4367 1099 4404 name
1121 4352 1182 4403 of
1206 4351 1293 4402 the
1314 4350 1436 4401 then
1592 4353 1611 4380 ⁷
1634 4350 1765 4401 This
1785 4351 2038 4404 narrative
2061 4352 2106 4402 is
2138 4352 2333 4420 greatly
2354 4353 2531 4404 abbre-

431 4431 577 4499 King
588 4432 1011 4498 ofHungary,but
1026 4432 1093 4482 he
1103 4431 1220 4481 died
1232 4430 1437 4482 in1382.
1525 4428 1697 4480 viated
1716 4430 1773 4480 in
1794 4431 1882 4482 the
1905 4430 2272 4483 continuation
2291 4431 2354 4484 of
2365 4433 2529 4484 Muri-

501 4514 520 4543 ⁴
533 4520 581 4563 et
592 4510 785 4562 Roodes
797 4510 853 4562 in
867 4510 994 4577 orig.
1006 4531 1020 4572 ;
1036 4511 1293 4563 corrected
1306 4510 1436 4559 stom
1525 4508 1687 4572 math,
1708 4524 1757 4574 p.
1784 4514 1898 4561 201.

436 4592 523 4642 the
545 4591 748 4656 printed
768 4598 921 4642 texts.
1531 4652 1542 4665 ο
1590 4590 1611 4619 ⁸
1626 4590 1870 4655 perempti
1888 4588 1946 4639 in
1968 4589 2095 4658 orig.

498 4672 520 4700 ³
534 4671 930 4738 quinquaqesimo
977 4669 1035 4720 in
1087 4670 1176 4721 the
1236 4668 1435 4735 printed
1592 4670 1613 4699 ⁹
1634 4670 1906 4719 innumera
1926 4668 1983 4720 in
2005 4670 2139 4736 orig.

436 4757 583 4802 texts.
1595 4749 1634 4779 ¹·
1653 4748 1891 4800 marinam
1912 4748 1968 4801 in
1987 4749 2076 4802 the
2094 4748 2296 4815 printed
2315 4754 2467 4803 texts.
