3300 5617
741 776 829 840 42
1393 788 1656 841 'mom
1702 785 2172 840 wusmcnm

400 974 539 1025 A.D.
568 979 711 1028 1292.
735 974 1003 1049 praedicti
1037 974 1274 1032 Domini
1309 973 1493 1048 Regis
1527 975 1782 1048 Anglioe,
1833 981 1895 1031 et
1940 969 2258 1048 superioris
2304 974 2525 1031 domini
2573 973 2822 1041 Scotiae3
2849 983 3042 1037 Rmm,
3135 1026 3148 1040 ,

737 1067 798 1116 et
844 1060 1065 1116 dictum
1102 1061 1219 1116 fuit
1265 1061 1350 1116 eis
1402 1078 1508 1132 per
1561 1059 1885 1116 Consilium
1934 1060 2078 1115 dicti
2126 1058 2362 1115 Domini
2415 1058 2617 1129 Regis,
2671 1056 2827 1129 quod
2850 1054 2965 1106 MS.
2986 1004 3134 1110 Βίὶἵ

736 1144 1100 1200 declararent
1142 1144 1448 1199 manifeste
1483 1144 1772 1199 actionem
1819 1142 2055 1198 Domini
2102 1142 2287 1214 Regis
2333 1142 2683 1212 Norwagioe,
2721 1158 2828 1213 per
2849 1122 2995 1239 {egb
3007 1129 3066 1173 ¹³

739 1246 914 1299 quam
952 1226 1260 1283 intendunt
1291 1244 1635 1298 recuperare
1672 1244 1919 1298 regnum
1955 1226 2166 1282 Scotioe
2189 1233 2467 1299 tanquam
2484 1226 2586 1298 jus
2608 1224 2830 1281 domini
2901 1227 2913 1239 ⁰
2997 1228 3011 1241 ‘

738 1312 850 1367 sui.
949 1311 1062 1381 Qui
1123 1310 1360 1383 quidem
1413 1309 1689 1366 attornati
1737 1308 2162 1383 responderunt
2213 1316 2275 1366 et
2330 1310 2617 1374 dixerunt,
2675 1307 2831 1379 quod

737 1396 1048 1464 voluerunt
1078 1395 1243 1466 prius
1279 1394 1494 1450 habere
1544 1392 1901 1465 colloquium
1951 1412 2086 1449 cum
2120 1394 2399 1466 proedioto
2434 1394 2666 1449 domino
2702 1410 2827 1458 suo,

740 1479 902 1549 Rege
937 1478 1286 1549 Norwagioe,
1327 1483 1390 1533 et
1421 1477 1618 1550 ipsum
1654 1495 1829 1549 super
1865 1479 2092 1533 actione
2127 1484 2189 1534 et
2220 1477 2501 1550 petitione
2533 1477 2831 1549 proedictis

737 1563 1057 1630 consulere,
1109 1568 1421 1634 antequam
1470 1561 1720 1618 ulterius
1769 1568 2277 1634 prosequerentur.
2365 1562 2445 1618 Et
2494 1561 2831 1618 multotiens

740 1647 1028 1717 requisiti,
1093 1644 1249 1716 quod
1321 1645 1663 1717 petitionem
1733 1646 1963 1718 praefati
2033 1645 2254 1701 domini
2315 1647 2408 1701 sui
2465 1645 2832 1701 manifestius

738 1730 1117 1795 declament,
1139 1729 1375 1785 tandem
1391 1728 1665 1784 dixerunt
1679 1729 1941 1801 praecise,
1965 1729 2122 1801 quod
2137 1728 2494 1802 'petitionem
2513 1727 2832 1801 supradicti

738 1814 958 1869 domini
999 1814 1093 1869 sui
1128 1813 1441 1888 noluerunt
1484 1812 1800 1879 declarare,
1843 1831 1951 1870 nec
1997 1814 2246 1871 ulterius
2295 1832 2471 1887 super
2516 1815 2626 1869 hoo
2673 1812 2833 1868 aliud

739 1898 951 1963 dicere,
1002 1904 1314 1969 antequam
1360 1897 1609 1952 eundem
1656 1897 1955 1953 dominum
2002 1917 2175 1954 suum
2222 1899 2472 1955 consulti
2519 1899 2741 1954 fuerint
2771 1898 2834 1952 in

737 1983 1076 2054 praemissis.
1130 1982 1272 2037 Ideo
1295 1981 1465 2037 datus
1490 1987 1581 2037 est
1597 1982 1684 2036 eis
1708 1980 1834 2037 dies
1859 1982 1931 2036 de
1954 1981 2050 2037 die
2073 1981 2136 2037 in
2160 1982 2316 2037 diem
2341 2000 2534 2038 coram
2556 1981 2835 2054 praedicto

740 2066 989 2121 Domino
1024 2066 1189 2137 Rege
1223 2064 1476 2136 Anglioe,
1513 2065 1812 2136 superiore
1848 2064 2080 2120 domino
2118 2064 2260 2121 dicti
2295 2066 2464 2137 regni
2504 2065 2734 2131 Scotiae,
2760 2064 2835 2120 ad

739 2149 1090 2206 audiendum
1142 2149 1432 2221 judicium
1492 2166 1666 2204 suum
1723 2148 1797 2203 de
1855 2165 1943 2214 ee,
2008 2148 2163 2220 quod
2219 2148 2532 2206 noluerunt
2587 2149 2834 2205 ulterius

740 2235 1015 2306 prosequi
1049 2234 1387 2305 petitionem
1410 2232 1629 2288 domini
1667 2233 1760 2287 sui
1793 2231 2079 2303 praedicti.

411 2340 559 2392 ffinal
812 2319 1028 2390 Igitur,
1089 2323 1225 2389 post
1279 2316 1623 2388 diligentem
1682 2316 1860 2388 hujus
1918 2318 2140 2388 negotii
2201 2315 2624 2376 discussionem
2682 2317 2835 2374 inter

406 2410 574 2459 awai-d
595 2409 650 2457 in
743 2410 1003 2469 caeteros,
1042 2402 1115 2457 de
1151 2420 1391 2458 assensu
1427 2401 1740 2466 communi,
1784 2400 1824 2456 J
1826 2402 2037 2456 ohanni
2073 2401 2147 2456 de
2182 2402 2451 2468 Balliole,
2481 2403 2584 2474 qui
2619 2401 2693 2457 de
2715 2402 2838 2457 filia

412 2477 588 2525 favour
600 2475 661 2525 0f
744 2484 954 2551 David,
994 2485 1178 2556 Regis
1231 2484 1554 2550 Scotorum,
1605 2484 1985 2540 descenderat
2032 2486 2276 2552 seniore,
2317 2485 2678 2557 adjudicavit
2711 2486 2835 2541 Rex

407 2543 635 2659 gffisslde
743 2588 815 2625 ex
846 2570 1080 2640 integro
1114 2585 1364 2639 regnum
1413 2568 1625 2640 ipsum.
1721 2567 2012 2624 Robertus
2065 2584 2274 2641 nempe
2326 2569 2399 2625 de
2453 2571 2628 2636 Brus,
2684 2571 2837 2625 inter

576 2646 588 2659 ”
744 2669 919 2723 quem
954 2659 1015 2708 et
1049 2653 1243 2725 ipsum
1279 2650 1319 2706 J
1320 2652 1603 2707 ohannem
1638 2650 1712 2706 de
1747 2651 2015 2718 Balliolo,
2044 2653 2295 2709 exclusis
2319 2655 2565 2720 centoris,
2594 2653 2839 2725 quaestio

741 2736 1095 2802 vertebatur,
1123 2736 1264 2792 licet
1301 2753 1417 2791 uno
1452 2734 1642 2807 gradu
1677 2743 1836 2792 esset
1868 2736 2266 2809 propinquior,
2306 2744 2501 2794 tamen
2542 2737 2842 2797 descendit

743 2839 780 2877 a
813 2821 936 2876 filia
970 2820 1154 2892 Regis
1190 2819 1385 2875 David
1421 2818 1692 2876 secunda.

410 2922 507 2973 His
528 2938 669 2974 θοι-ο.
815 2903 856 2961 J
857 2905 1111 2961 ohannes
1176 2903 1250 2959 de
1316 2902 1585 2970 Balliolo,
1647 2904 1712 2958 in
1771 2904 1921 2959 festo
1984 2901 2185 2961 Sancti
2241 2901 2494 2961 Andreae
2554 2905 2839 2978 sequenti,

411 2989 599 3043 ustion.
744 2990 1059 3047 collocatus
1110 3005 1288 3060 super
1328 2986 1584 3059 lapidem
1629 2987 1912 3059 regalem,
1966 3005 2141 3060 quem
2192 2988 2376 3045 Jaoob
2422 2988 2446 3022 ²
2463 2996 2846 3064 supposuerat

743 3075 923 3147 capiti
959 3092 1082 3138 su0,
1123 3072 1265 3128 dum
1298 3071 1414 3126 iret
1447 3070 1520 3125 de
1555 3070 1848 3126 Bersabee
1884 3076 1946 3126 et
1978 3078 2254 3143 pergeret
2287 3073 2487 3140 ’Aram
2515 3074 2578 3129 in
2601 3074 2849 3130 ecclesia

745 3157 1169 3214 Canonicorum
1192 3154 1577 3227 Regularium
1601 3154 1675 3209 de
1703 3153 1907 3219 Smne,
1937 3155 2273 3211 solemniter
2304 3163 2630 3213 coronatur.
2705 3158 2850 3212 Post

744 3242 1173 3297 coronationem
1227 3257 1368 3295 vero
1422 3237 1702 3295 accedens
1753 3238 1830 3294 ad
1880 3238 2108 3311 Regem
2164 3239 2418 3312 Anglioe,
2475 3243 2576 3313 qui
2634 3242 2848 3322 festum

744 3323 1089 3381 Nativitatis
1157 3321 1479 3378 Dominicae
1547 3322 1703 3395 apud
1771 3321 2009 3378 Novum
2081 3323 2355 3379 Castrum
2425 3325 2616 3381 tenuit
2674 3343 2848 3397 super

746 3409 989 3479 Tynam,
1029 3407 1219 3463 eidem
1255 3406 1398 3463 feeit
1430 3407 1771 3477 homagium
1808 3405 1918 3462 sub
1953 3406 2070 3462 hiis
2105 3407 2304 3463 verbis
2322 3429 2414 3463 :—

414 3508 643 3625 {onfflge
668 3515 730 3625 ts}
822 3497 861 3521 “
879 3493 1127 3547 Domine
1141 3490 1445 3555 Edwarde,
1464 3490 1589 3545 Rex
1605 3490 1862 3561 Angliae,
1892 3490 2161 3563 superior
2185 3491 2433 3548 Domine
2461 3491 2691 3549 Scotiae.
2719 3493 2849 3566 Ego

566 3577 577 3589 ⁰
751 3581 790 3605 u
1404 3575 1415 3586 ·
1878 3576 1890 3587 ·
2005 3578 2026 3607 ς
2698 3579 2710 3591 .

411 3583 700 3708 {timii-⁰
751 3664 788 3689 «ι
816 3575 1558 3730 ἷὲᾘέἓθωῗὶἲέζίᾈ
1573 3574 2850 3733 ffiz‘ffiif‘zffiffizzgffisssssswffi

752 3749 788 3773 ‘⁶
830 3763 960 3816 quae
997 3744 1074 3800 ad
1105 3745 1215 3799 hoo
1250 3749 1546 3815 spectant3
1587 3741 1745 3813 quod
1775 3760 2023 3814 regnum
2057 3762 2257 3800 meum
2289 3751 2478 3812 teneo,
2518 3752 2579 3802 et
2612 3745 2686 3801 de
2715 3746 2851 3818 jure

752 3834 790 3856 “
828 3829 1011 3884 debeo
1053 3835 1115 3884 et
1150 3828 1385 3883 clamito
1420 3833 1639 3891 tenere,
1690 3826 2061 3883 haereditarie
2110 3829 2182 3884 de
2217 3829 2384 3885 vobis
2426 3837 2487 3886 et
2521 3830 2850 3886 haeredibus

753 3919 790 3942 ‘⁴
829 3914 1063 3979 vestris,
1112 3912 1354 3983 regibus
1390 3910 1644 3982 Angliae,
1685 3917 1747 3967 et
1780 3911 1852 3966 de
1899 3913 2025 3968 vita
2059 3918 2121 3968 et
2165 3914 2464 3981 membris,
2516 3922 2578 3971 et
2620 3921 2851 3971 terreno

753 4002 789 4025 ‘⁶
810 3999 1065 4078 ¹honore,
1099 4002 1302 4052 contra
1336 4012 1535 4051 omnes
1566 3994 1832 4050 homines
1870 3997 1973 4067 qui
1998 3997 2280 4068 ‘possunt
2309 3998 2509 4054 vivere
2545 4005 2608 4055 et
2639 3995 2850 4054 mori.'’

817 4082 899 4138 Et
944 4082 1071 4137 Rex
1115 4080 1352 4152 Angliae
1398 4079 1623 4151 recepit
1668 4077 2008 4151 homagium
2055 4080 2118 4136 in
2164 4082 2353 4137 forma
2396 4083 2694 4154 praedicta,
2747 4100 2852 4139 suo

748 4173 810 4223 et
832 4166 1074 4222 alterius
1093 4165 1229 4237 jure
1252 4166 1274 4195 ⁸
1291 4163 1471 4220 salvo.
1536 4162 1796 4235 Recepto
1819 4170 2015 4220 autem
2040 4164 2224 4237 Regis
2251 4166 2290 4220 J
2292 4167 2534 4223 ohannis
2557 4167 2848 4239 homagio,

748 4251 873 4305 Rex
914 4249 1148 4320 Angliae
1191 4246 1380 4303 eidem
1417 4265 1668 4319 regnum
1713 4246 1924 4304 Scotiae
1971 4249 2357 4320 integraliter,
2408 4269 2543 4307 cum
2586 4249 2852 4308 omnibus

749 4333 1140 4406 pertinentiis,
1181 4331 1446 4388 restituit
1477 4330 1741 4386 indilate.

819 4546 833 4577 ¹
852 4545 1081 4610 petitioni
1099 4543 1155 4594 in
1172 4542 1328 4610 orig.;
1353 4544 1610 4597 corrected
1624 4541 1755 4594 stom
1917 4543 1935 4574 ⁴
1951 4544 2174 4597 Omitted
2191 4544 2248 4596 iu
2269 4544 2356 4598 the
2377 4546 2578 4612 printed
2599 4553 2747 4599 texts.

751 4624 837 4674 the
858 4623 1058 4687 printed
1080 4629 1226 4673 texts.
1917 4625 1937 4654 ⁸
1943 4634 2126 4690 putant
2144 4626 2199 4676 in
2223 4626 2310 4678 the
2331 4627 2532 4692 printed
2551 4635 2699 4680 texts.

817 4704 839 4734 ²
865 4704 1064 4753 Genesis
1085 4701 1265 4753 xxviii.
1289 4707 1312 4752 1
1325 4707 1364 4756 Ι.
1920 4705 1941 4734 ‘
1956 4703 2144 4756 Added
2163 4703 2219 4755 in
2242 4721 2273 4756 a
2294 4706 2421 4758 later
2441 4706 2593 4758 hand.

820 4785 840 4814 ⁸
860 4782 1017 4834 Aram
1039 4781 1094 4835 in
1114 4782 1379 4837 Oamdeu's
1398 4789 1521 4836 text.
