3300 5617
1053 832 1381 882 ms'romA
1410 831 1827 881 Ans-molina.
2401 821 2524 882 341

75 1016 204 1069 MS.
231 1019 367 1072 Bim,
428 1008 621 1078 Quare
696 1012 1091 1083 permiserunt
1166 1034 1266 1072 eos
1342 1016 1576 1088 ingredi
1660 1022 1876 1071 terram
1955 1032 2141 1078 suam,
2218 1019 2287 1069 ut
2355 1013 2533 1069 certis
2557 1027 2697 1081 ΑΛ),
2724 1034 2873 1085 1377,

73 1083 309 1162 Reg.13
428 1094 777 1151 intromissis
840 1099 1053 1170 quibus
1124 1101 1442 1171 praevalere
1500 1102 1799 1167 rebantur,
1859 1099 2056 1156 caeteri
2118 1097 2192 1153 ab
2259 1098 2533 1170 ingressu

72 1150 140 1201 E·
168 1168 248 1203 ¹¹·
425 1186 792 1248 arcerentur;
852 1182 956 1238 sed
1022 1202 1190 1240 secus
1255 1185 1469 1241 accidit
1536 1204 1713 1257 quam
1773 1184 2104 1241 credebant.
2214 1182 2390 1247 Nam,
2466 1188 2534 1238 ut

426 1264 697 1331 diximus,
764 1268 1113 1338 quibusdam
1174 1270 1547 1335 intromissis,
1612 1270 1805 1326 conati
1869 1274 2006 1325 sunt
2053 1268 2361 1325 Vectuarii
2411 1267 2533 1323 adi-

424 1366 584 1404 mere
631 1353 858 1408 coeteris
907 1354 1242 1424 ingressum
1275 1361 1485 1421 terrae3
1550 1355 1654 1411 sed
1696 1357 1935 1419 frustm,
1990 1353 2270 1424 quoniam
2318 1352 2531 1407 Gallici

424 1439 545 1488 tam
580 1434 808 1490 abunde
866 1444 1275 1510 proruperunt,
1340 1458 1517 1510 quam
1576 1445 1908 1496 constanter
1943 1438 2242 1494 insulanos
2279 1456 2316 1492 a
2349 1437 2530 1492 maris

424 1519 690 1574 custodia
722 1521 1102 1593 repulerunt3
1143 1529 1210 1579 ut
1252 1524 1378 1595 jam
1417 1524 1905 1596 compellerentur
1961 1523 2213 1579 latebras
2251 1521 2529 1593 fugiendo

426 1621 706 1674 quoerere,
761 1606 864 1677 qui
923 1608 1087 1678 prius
1149 1607 1463 1664 credebant
1521 1626 1583 1664 se
1642 1627 1814 1681 posse
1873 1625 1981 1681 pro
2041 1625 2161 1664 suae
2212 1606 2528 1663 voluntatis

425 1687 668 1743 arbitrio
723 1688 977 1745 Gallicos
1025 1692 1338 1763 captivare.
1440 1691 1655 1747 Gallici
1703 1693 1908 1764 igitur,
1963 1691 2068 1747 tali
2116 1690 2289 1746 modo
2338 1689 2532 1745 insula

424 1771 705 1842 praedicta
737 1774 928 1845 potiti,
967 1775 1225 1846 undique
1276 1781 1690 1847 pervagantur,
1742 1782 2002 1847 stragem
2038 1793 2109 1829 ex
2143 1773 2350 1829 incolis
2392 1772 2532 1828 faci-

427 1855 593 1919 ende,
646 1856 819 1913 villas
886 1859 1168 1929 quasdam
1221 1859 1628 1924 comburendO,
1692 1865 1755 1915 et
1805 1859 2128 1915 incolarum
2176 1857 2531 1914 substantias

427 1939 771 1995 abradenda
848 1942 1107 1999 Tandem
1142 1943 1217 1998 ad
1253 1943 1578 2008 castellum,
1625 1944 1783 2015 quod
1835 1944 1900 1998 in
1935 1944 2140 1998 eadem
2191 1942 2388 1998 insula
2421 1946 2530 2004 est,
2560 1957 2674 2007 The

427 2024 744 2089 venientes,
797 2032 857 2081 et
903 2044 1032 2082 eam
1081 2028 1199 2083 levi
1246 2029 1484 2098 negotio
1526 2046 1809 2100 occupare
1859 2032 2149 2099 putantes,
2188 2027 2537 2082 invenerunt
2558 2023 2763 2074 French
2781 2037 2867 2074 are

429 2107 647 2163 ibidem
700 2109 1061 2167 incredibilis
1108 2112 1441 2184 asperitatis
1496 2112 1820 2178 stimulum,
1862 2110 2176 2166 Dominum
2218 2110 2534 2181 Hugonem
2559 2091 2787 2208 3¹⁸}th

432 2192 626 2261 'PyreL
686 2192 1000 2250 Custodem
1059 2196 1285 2252 castelli
1344 2196 1646 2268 prandiam
1712 2197 1814 2268 qui
1873 2195 1960 2251 eis
2013 2195 2288 2250 audacter
2355 2211 2534 2266 prope
2561 2173 2739 2290 Hyugff

429 2277 736 2334 castellum
772 2297 1098 2346 occurrens,
1157 2280 1296 2337 fecit
1347 2281 1662 2336 maximam
1722 2286 1980 2351 stragem
2030 2279 2185 2335 inter
2236 2279 2406 2343 illos,
2461 2278 2533 2333 ob
2563 2292 2731 2357 Tyml,

431 2378 609 2432 quam
642 2380 877 2418 causam
926 2364 1000 2418 ab
1048 2364 1210 2420 illius
1262 2365 1489 2421 castelli
1540 2365 1912 2420 infestatione
1949 2363 2316 2427 destiterunt,
2357 2367 2418 2416 ct
2463 2361 2535 2416 de

432 2450 641 2501 caetero
675 2464 789 2501 non
824 2448 1172 2505 arbitrantes
1226 2454 1420 2504 tutum
1471 2449 1804 2504 cohabitare
1861 2454 1981 2504 tam
2015 2447 2209 2503 vicino
2258 2445 2533 2517 serpenti,

431 2529 688 2600 praedam
736 2549 911 2603 quam
963 2539 1280 2604 potuerunt
1331 2552 1402 2588 ex
1451 2533 1645 2589 insula
1693 2532 2074 2603 collegerunt,
2131 2537 2193 2587 et
2239 2530 2538 2586 insulanos
2562 2547 2713 2611 They
2725 2551 2875 2596 met

432 2620 752 2684 coegerunt
804 2622 1144 2688 extorquere
1180 2617 1254 2672 ab
1290 2617 1494 2672 amicis
1547 2634 1695 2688 quos
1749 2615 2039 2671 habebant
2074 2621 2238 2671 extra
2285 2613 2538 2670 insulam
2565 2630 2597 2664 a
2618 2628 2820 2664 ransom

433 2697 595 2751 mille
629 2714 856 2755 marcas
891 2701 1140 2771 argenti,
1179 2720 1285 2773 pro
1339 2700 1661 2757 salvatione
1722 2699 2026 2756 domorum
2080 2699 2152 2754 ab
2206 2698 2444 2770 ignibus
2482 2703 2543 2753 et
2565 2680 2796 2797 frfthe

432 2781 666 2837 residuo
725 2783 1008 2839 bonorum
1068 2803 1326 2841 suorum.
1437 2785 1707 2856 Insuper,
1771 2790 2010 2856 accepto
2074 2783 2407 2854 juramento
2466 2782 2539 2837 de
2565 2762 2871 2879 222⁰&erst-

432 2865 713 2923 fidelitate
748 2868 822 2923 ab
869 2868 1091 2924 eisdem
1126 2868 1538 2934 conservanda,
1578 2876 1641 2925 et
1693 2868 1849 2940 quod
1899 2885 2013 2922 non
2061 2867 2405 2922 resisterent
2452 2867 2538 2922 eis

430 2967 536 3022 per
554 2950 840 3008 circulum
861 2953 1035 3009 unius
1059 2954 1214 3019 anni,
1238 2954 1736 3026 quotienscunque
1775 2953 2035 3025 placeret
2064 2950 2285 3007 eisdem
2307 2950 2538 3023 ingredi

433 3040 652 3091 terram
684 3036 871 3103 illam,
910 3056 948 3094 a
980 3037 1110 3094 loco
1154 3042 1541 3096 recesserunt.

753 3217 1008 3289 Gallici
1044 3220 1463 3310 puqnabant
1507 3219 1708 3309 apud
1764 3218 2194 3306 winchelsay.

506 3354 649 3416 Post
672 3362 1109 3435 occupationem
1143 3362 1352 3418 insulse
1378 3361 1748 3435 supradictae,
1778 3359 2011 3424 Gallici,
2052 3360 2291 3432 galeyas
2326 3360 2539 3415 iterum
2565 3374 2678 3425 The

435 3451 780 3516 repetentes,
808 3447 1168 3502 circuierunt
1196 3465 1359 3502 oram
1392 3446 1752 3502 maritimam
1786 3443 2116 3517 usquedum
2151 3450 2543 3516 pervenerunt
2565 3440 2765 3490 French
2782 3446 2862 3519 pt·

436 3528 511 3583 ad
552 3529 845 3601 objectum
880 3531 1038 3587 villae
1081 3530 1154 3586 de
1185 3530 1590 3601 Wynchelsee.
1668 3531 1748 3585 Et
1794 3534 2207 3601 cognoscentes
2254 3527 2544 3584 Abbatem
2567 3507 2859 3623 3110}me-

437 3614 509 3668 de
551 3614 721 3670 Bello
767 3615 843 3671 ad
890 3616 1053 3672 illam
1094 3617 1431 3674 convolasse
1481 3635 1659 3673 causa
1704 3615 2002 3681 custodias,
2047 3615 2246 3670 missis
2293 3613 2540 3679 nunciis,
2568 3590 2661 3691 {a}
2676 3589 2861 3691 ἓξὲἠ,

435 3704 644 3770 petunt
702 3705 772 3755 ut
828 3701 1032 3757 villam
1066 3703 1336 3758 redimat.
1446 3702 1648 3758 Abbas
1701 3719 1843 3757 vero
1878 3706 2058 3772 negat
2111 3716 2174 3756 se
2212 3706 2542 3772 empturum
2567 3708 2743 3773 pulsed
2757 3708 2827 3772 by

437 3784 591 3854 quod
628 3802 744 3840 non
790 3784 1159 3856 perdiderat;
1200 3787 1345 3857 quin
1378 3787 1573 3859 potius
1609 3785 1925 3841 denunciat
1959 3790 2028 3840 ut
2062 3784 2135 3839 ab
2171 3784 2540 3839 infestatione
2566 3776 2652 3825 the
2667 3773 2846 3823 Abet

434 3867 594 3923 villae
653 3868 957 3936 desistant,
1011 3872 1120 3927 sub
1180 3871 1650 3928 interminatione
1711 3870 1909 3926 damni
1971 3869 2128 3941 quod
2185 3869 2270 3924 eis
2329 3867 2545 3939 poterit
2569 3842 2630 3893 ⁰f
2643 3841 2828 3892 Baffle·

435 3952 762 4023 provenire.
839 3953 1071 4021 Gallici,
1111 3956 1240 4028 ejus
1274 3973 1553 4028 responso
1588 3955 1930 4028 exasperati,
1970 3959 2194 4027 petunt,
2235 3953 2287 4009 si
2321 3951 2541 4007 bellum

436 4035 598 4101 velit,
638 4042 708 4092 ut
756 4037 977 4110 singuli
1014 4056 1086 4094 ex
1113 4046 1362 4112 utraque
1398 4046 1565 4112 parte
1599 4040 1927 4104 mittantur,
1967 4038 2063 4095 vel
2114 4042 2271 4093 certe
2320 4036 2539 4108 plures,

437 4121 559 4191 qui,
600 4127 899 4192 spectante
935 4129 1186 4195 utroque
1224 4124 1502 4188 exercitu,
1543 4123 2029 4194 congrediantur:
2085 4120 2189 4177 sed
2237 4138 2343 4176 nec
2392 4120 2542 4175 hanc

434 4204 777 4275 petitionem
825 4205 1026 4263 Abbas
1077 4206 1335 4272 admisit,
1390 4205 1590 4261 dicens
1643 4225 1707 4261 se
1758 4206 2104 4277 religiosum
2138 4205 2335 4259 virum
2390 4221 2539 4268 esse,

436 4294 499 4344 et
544 4306 660 4343 non
707 4290 887 4346 licere
938 4290 1053 4346 sibi
1106 4291 1283 4363 hujus
1332 4290 1643 4363 petitiones
1681 4289 2024 4355 admittere;
2067 4306 2175 4344 nec
2212 4289 2354 4343 illuc
2401 4287 2544 4343 belli

436 4391 630 4439 causa,
670 4374 774 4429 sed
823 4376 1089 4431 tuitionis
1139 4382 1201 4432 ct
1248 4374 1704 4432 conservationis
1758 4374 1918 4445 pacis
1953 4373 2177 4445 patriae,
2218 4372 2539 4428 advenisse.

436 4457 574 4513 Hiis
624 4458 857 4525 auditis,
914 4460 1128 4516 Gallici
1177 4460 1534 4515 aestimantes
1582 4460 1840 4515 animum
1887 4458 2136 4514 Abbatis
2187 4474 2543 4527 suorumque

438 4541 453 4571 ¹
474 4542 696 4610 deesse,
734 4562 870 4600 mox
904 4544 1154 4601 admotis
1190 4544 1596 4601 instrumentis
1646 4543 1895 4609 bellicis,
1954 4543 2181 4598 scilicet
2216 4541 2543 4598 missilibus

1072 4779 1088 4811 ¹
1112 4776 1350 4845 dqfecisee
1373 4778 1430 4828 in
1453 4777 1540 4829 the
1561 4777 1759 4843 printed
1779 4782 1929 4828 texts.
