3300 5617
778 785 864 848 86
1427 797 1687 847 ‘mom
1731 796 2200 848 wsmmom

438 975 1032 1056 A.D.1301.¹positis‚
1084 1000 1220 1040 cum
1270 982 1396 1039 Rex
1446 983 1659 1040 Scotiae
1708 983 1785 1038 ad
1831 982 2203 1055 praeentiam
2270 980 2457 1054 Regis
2506 981 2745 1054 Anglin
2797 997 2863 1038 se
3121 1024 3131 1038 .

770 1069 1153 1141 personaliter
1185 1067 1544 1133 contulisset,
1582 1068 1776 1123 eidem
1808 1068 2151 1124 fidelitatem
2184 1069 2556 1140 impensurus
2605 1086 2715 1140 pro
2749 1068 2863 1123 eis·
2887 1055 2997 1105 MS·
3016 1055 3114 1106 ΒΜ

769 1154 906 1210 dem
939 1154 1112 1210 ten-is
1148 1161 1393 1218 tantum,
1431 1153 1496 1208 in
1517 1153 1737 1224 Anglia
1773 1154 1921 1216 sitis,
1959 1172 2078 1209 non
2112 1159 2180 1209 ut
2214 1152 2341 1208 Rex
2378 1153 2591 1209 8005ae
2624 1170 2735 1208 neo
2756 1169 2865 1223 pro
2886 1121 3085 1239 {3¹³-

769 1256 951 1312 regno
989 1238 1198 1294 Scotiae
1234 1237 1575 1293 fidelitatem
1607 1237 1850 1292 eandem
1887 1238 2181 1303 exhibuit3
2233 1238 2375 1308 quia
2424 1237 2619 1310 palam
2669 1254 2867 1293 coram

767 1322 983 1394 populo
1031 1327 1413 1393 protestatum
1462 1327 1571 1386 est,
1635 1321 1792 1393 quod
1849 1339 1956 1393 pro
2006 1339 2192 1394 regno
2252 1321 2465 1377 Scotiae
2524 1321 2867 1376 fidelitatem

769 1407 1028 1478 aliquam
1080 1406 1233 1478 Regi
1280 1405 1516 1478 Angliae
1566 1406 1759 1461 facere
1806 1424 1923 1462 non
1968 1406 2231 1462 debebat.
2308 1405 2481 1471 Item,
2527 1405 2686 1477 quod
2720 1423 2867 1478 prae-

769 1491 960 1546 dictus
1020 1490 1145 1545 Rex
1201 1489 1532 1545 Alexander
1600 1490 1846 1562 reliquit
1915 1490 2173 1561 puellam
2244 1490 2556 1554 haeredem,
2633 1490 2867 1546 nomine

772 1573 1287 1645 “Margaretam,”
1348 1582 1580 1646 neptem
1631 1574 1816 1646 Regis
1864 1574 2119 1645 Angliae,
2173 1582 2314 1630 tuno
2360 1575 2605 1630 minoris
2653 1574 2863 1641 aetatis,

768 1659 938 1730 cujus
989 1660 1256 1716 custodia
1313 1677 1429 1714 non
1487 1658 1563 1714 ad
1610 1658 1840 1729 Regem
1904 1659 2158 1730 Angliae,
2212 1659 2381 1715 velut
2438 1660 2513 1715 ad
2566 1658 2866 1714 dominum

769 1762 1124 1815 supremum,
1180 1745 1467 1816 pervenit,
1525 1744 1632 1799 sed
1679 1745 1754 1800 ad
1806 1751 2046 1800 caeteros
2102 1743 2367 1815 ejusdem
2414 1744 2587 1816 regni
2657 1743 2869 1799 Scotiae

768 1846 1054 1899 proceres,
1109 1829 1185 1884 ad
1238 1828 1345 1883 hoc
1397 1828 1629 1884 electon.
1720 1828 2134 1900 Redargnebat
2180 1829 2359 1883 etiam
2407 1828 2572 1899 Papa
2620 1826 2865 1898 Regem,

767 1931 838 1966 eo
886 1913 1044 1984 quod
1077 1919 1212 1984 post
1269 1917 1517 1968 mortem
1553 1912 1699 1967 dicti
1734 1912 2053 1967 Alexandri
2104 1912 2307 1984 Regis,
2350 1911 2554 1968 Scotos
2590 1917 2868 1983 tanquam

769 1996 1094 2067 acephalos,
1151 2001 1212 2052 et
1261 1996 1428 2052 ducis
1478 1996 1828 2067 suffragium
1874 2014 1991 2050 non
2040 1996 2338 2061 habentes,
2392 1996 2552 2067 ipsos
2604 2012 2712 2067 per
2746 1995 2869 2050 vim

769 2080 884 2135 sibi
921 2081 1297 2152 subjugavit;
1350 2085 1411 2135 et
1444 2088 1667 2135 metum
1716 2082 1780 2136 in
1814 2081 2222 2152 praejudicium
2275 2088 2338 2137 et
2385 2097 2706 2152 gravamen
2753 2097 2869 2136 non

770 2164 1064 2220 modicum
1119 2166 1394 2220 Romanae
1446 2165 1727 2221 Ecclesiae
1802 2165 2104 2237 adjicienS,
2170 2166 2327 2237 quod
2385 2184 2521 2221 cum
2583 2163 2868 2220 Dominus

771 2249 934 2320 Papa
968 2250 1222 2305 officium
1257 2250 1571 2323 legationis
1608 2250 1788 2305 alicui
1813 2250 2129 2306 committit
2151 2251 2555 2322 exequendum
2589 2251 2653 2305 in
2688 2266 2869 2320 regno

775 2332 1028 2404 Angues,
1083 2353 1260 2391 causa
1307 2336 1611 2392 solutionis
1663 2335 1922 2400 deoimae,
1978 2334 2074 2391 vel
2125 2335 2303 2391 etiam
2350 2353 2458 2407 pro
2494 2335 2704 2406 quavis
2757 2333 2873 2389 alia

777 2435 954 2472 causa
1001 2418 1353 2484 rationabili,
1418 2426 1479 2475 et
1524 2419 1864 2491 hujusmodi
1911 2419 2132 2490 legatio
2181 2419 2397 2474 litteris
2448 2424 2511 2474 et
2556 2417 2872 2490 privilegio

778 2501 1016 2572 speciali
1054 2502 1225 2558 dictae
1263 2503 1432 2559 Sedis
1467 2502 1840 2574 Apostolicae,
1891 2501 1967 2558 ad
2001 2503 2225 2557 dictum
2269 2519 2524 2574 regnum
2562 2501 2775 2558 Scotiae
2811 2518 2873 2556 se

777 2603 892 2640 non
927 2587 1214 2653 extendat,
1267 2588 1658 2644 resistendum
1708 2593 1800 2643 est
1834 2593 1895 2642 et
1928 2586 2275 2642 obstandum
2327 2586 2667 2658 hujusmodi
2719 2585 2875 2657 lega-

777 2669 943 2734 tioni,
994 2678 1170 2741 prout
1226 2677 1486 2743 tempore
1522 2671 1713 2727 felicis
1774 2670 2192 2726 recordationis
2241 2670 2491 2742 contigit
2548 2669 2868 2726 evidenter.

777 2751 935 2809 Nam
969 2753 1228 2824 Legatus
1279 2755 1407 2827 ipse
1453 2755 1530 2811 ad
1577 2755 1892 2827 praefatum
1939 2771 2191 2825 regnum
2242 2754 2455 2814 Scotiae
2506 2754 2875 2827 aliquatenus

780 2835 1071 2893 admissus
1107 2856 1222 2893 non
1268 2839 1481 2904 extitit,
1539 2838 1724 2895 donec
1771 2856 1877 2909 per
1913 2838 2140 2894 litteras
2175 2838 2544 2911 Apostolicas
2595 2837 2877 2911 speciales

781 2921 894 2976 sibi
931 2921 1242 2992 legationis
1294 2924 1547 2979 officium
1594 2924 1713 2979 fuit
1745 2922 1808 2977 in
1859 2924 2062 2978 eodem
2110 2925 2503 2980 commissum.
2577 2923 2734 2980 Item
2782 2922 2879 2978 ad·

780 3005 948 3070 didit,
1004 3007 1160 3077 quod
1212 3008 1370 3063 idem
1428 3025 1679 3081 regnum
1740 3008 1952 3065 Scotiae
2010 3025 2116 3079 per
2175 3009 2345 3065 Beati
2393 3008 2560 3065 Petri
2612 3005 2879 3081 Apostoli

781 3091 1138 3146 venerandas
1203 3092 1503 3165 reliquias,
1564 3111 1681 3149 non
1741 3093 1869 3148 sine
1927 3093 2165 3164 superni
2224 3093 2372 3149 dono
2431 3095 2712 3159 muneris,
2751 3111 2882 3149 con·

783 3192 1020 3231 versum
1056 3176 1251 3233 extitit
1285 3177 1360 3232 ad
1394 3178 1531 3234 fidei
1569 3178 1885 3234 Catholicae
1921 3179 2226 3233 unitatem.
2300 3178 2380 3234 Et
2414 3179 2671 3250 qualiter
2705 3179 2879 3234 etiam

785 3260 1042 3330 antiquis
1078 3262 1436 3332 temporibus
1472 3262 1858 3317 Eboracensis
1893 3261 2384 3334 Archiepisoopus
2421 3263 2523 3333 qui
2560 3269 2702 3318 tuno
2737 3267 2878 3326 erat.

786 3349 948 3398 mota
1004 3361 1111 3415 per
1169 3363 1304 3400 eum
1364 3363 1540 3418 super
1591 3347 1730 3418 jure
1765 3345 2211 3416 metropolitano
2270 3347 2552 3402 adversus
2610 3346 2883 3418 praelatos

791 3427 1003 3482 Scotiae
1055 3430 1390 3500 quaestione,
1429 3449 1536 3501 pro
1572 3449 1636 3486 se
1671 3430 1940 3503 nequivit
1992 3431 2338 3487 sententiam
2390 3432 2672 3487 obtinere.

451 3501 708 3554 Delmmlss
863 3511 1001 3567 Hiis
1037 3514 1370 3585 propositis,
1410 3516 1638 3571 monuit
1672 3516 1835 3588 Papa
1869 3515 2094 3586 Regem
2130 3534 2237 3588 per
2260 3516 2488 3572 litteras
2527 3535 2689 3582 suas,
2731 3513 2885 3587 quod

451 3570 727 3687 ffissemffgb
793 3595 1128 3668 Episcopos‚
1166 3596 1444 3664 Abbates,
1486 3600 1721 3664 electos,
1762 3607 1824 3655 et
1858 3617 2057 3656 omnes
2078 3600 2224 3657 alios
2273 3602 2443 3673 regni
2483 3601 2700 3658 Scotioe
2741 3618 2884 3672 quos

453 3704 540 3754 the
560 3703 714 3768 pope,
727 3652 763 3701 y
791 3680 1089 3736 detinebat
1110 3683 1371 3754 captivos
1409 3684 1472 3739 in
1507 3702 1758 3750 carcere,
1787 3684 1970 3739 libere
2008 3685 2169 3739 abire
2204 3687 2605 3757 permitteret3
2647 3692 2710 3743 et
2732 3685 2885 3757 quod

790 3764 1063 3820 officiales
1101 3781 1239 3822 suos
1285 3766 1358 3822 de
1395 3785 1578 3839 regno
1618 3769 1830 3824 Scotiae
1876 3775 2196 3824 memorato
2241 3776 2560 3836 revocaret,
2615 3789 2761 3843 quos
2824 3770 2882 3823 in

790 3849 1218 3920 praejudicium‚
1258 3855 1321 3907 et
1353 3850 1650 3923 injuriam,
1693 3858 1753 3907 et
1787 3869 1971 3923 grave
2008 3853 2365 3918 scandalum,
2405 3855 2671 3910 fidelium
2706 3871 2880 3926 popu-

791 3932 1002 3998 lorum,
1044 3940 1106 3990 et
1140 3936 1575 4007 oppressionem
1604 3937 1920 4008 justorum,
1973 3936 2036 3990 in
2071 3936 2230 3993 dioto
2275 3956 2459 4009 regno
2497 3943 2784 3995 statuerat
2826 3945 2883 3993 et

794 4019 1195 4087 ordinaverat3
1246 4021 1333 4076 ita
1356 4021 1513 4092 quod
1536 4022 1831 4093 acceptior
1853 4028 1913 4076 et
1936 4021 2161 4092 gratior
2184 4022 2353 4078 fleret
2374 4022 2519 4089 Deo,
2548 4030 2610 4080 et
2632 4026 2883 4080 favorem
2932 4076 2943 4086 ,

793 4101 1145 4173 Apostolicae
1184 4104 1354 4161 Sedis
1391 4106 1454 4161 in
1486 4105 1597 4161 hoc
1622 4106 1734 4162 sibi
1760 4105 2098 4176 adquireret
2117 4106 2366 4178 plenius.
2423 4109 2503 4164 Et
2526 4109 2579 4164 si
2600 4109 2667 4165 in
2689 4108 2883 4164 eodem

795 4204 977 4256 regno
1030 4188 1257 4252 Scotiae,
1311 4188 1407 4245 vel
1458 4190 1658 4261 aliqua
1708 4190 1834 4261 ojus
1886 4197 2072 4261 parte,
2122 4191 2225 4262 jus
2275 4192 2513 4264 aliquod
2563 4193 2777 4248 habere
2826 4208 2882 4247 se

797 4278 1101 4336 assereret,
1158 4291 1265 4344 per
1318 4281 1724 4345 procuratores
1771 4281 1830 4329 et
1878 4276 2121 4331 nuncios
2175 4294 2331 4341 suos,
2390 4277 2465 4332 ad
2513 4278 2625 4333 hoc
2678 4276 2885 4349 specia-

795 4353 934 4409 liter
969 4357 1333 4424 constitutos,
1389 4377 1524 4415 cum
1560 4359 1831 4415 omnibus
1875 4359 2113 4430 juribus
2163 4367 2225 4417 et
2258 4362 2637 4418 munimentis
2691 4362 2881 4433 hujus·

1171 4541 1422 4551 Q

1594 4655 1607 4685 ¹
1635 4655 1828 4718 positus
1860 4653 1914 4704 in
1937 4655 2062 4722 orig.
