3300 5617
1122 816 1452 867 msronni
1495 816 1914 869 maneam,
2436 807 2564 873 369

73 987 231 1041 MS.
259 993 397 1045 Bibl.
466 1013 579 1068 pax
611 998 778 1055 fieret
813 999 967 1055 inter
1002 999 1122 1056 illa.
1197 1002 1336 1074 Ipse
1367 1004 1547 1059 etiam
1573 1004 1648 1060 ob
1690 1021 1946 1060 amorem
1978 1003 1994 1036 ¹
2015 1002 2252 1059 Domini
2294 1003 2566 1076 Symonis
2590 1001 2728 1053 A.D.
2759 1007 2900 1057 1378.

64 1054 243 1173 ἔρξ’
275 1065 337 1109 ¹³
466 1080 540 1135 de
572 1082 894 1155 Langham,
931 1084 1259 1140 Gardinalis
1293 1093 1353 1143 et
1386 1088 1661 1160 Episcopi
1694 1089 2060 1153 Praenestini,
2095 1087 2386 1159 quondam
2419 1087 2567 1142 Gan·
2590 1092 2900 1157 Indulgenee
2957 1136 2966 1143 .

140 1161 159 1173 ⁶
218 1141 274 1176 κ’
465 1168 780 1224 tuariensis
830 1168 1292 1243 Archiepiscopi,
1347 1172 1488 1228 dum
1546 1173 1882 1244 pestilentia
1935 1172 2282 1228 invaluisset
2338 1172 2402 1225 in
2457 1171 2566 1226 hae
2596 1159 2833 1225 formerly

461 1255 637 1317 terra,
687 1270 795 1324 per
840 1253 1047 1309 Bullas
1084 1272 1238 1319 suas,
1280 1256 1548 1311 omnibus
1596 1264 1738 1313 tunc
1784 1257 2185 1321 morientibus,
2237 1274 2376 1312 vere
2433 1273 2564 1311 con·
2588 1229 2806 1342 ffinttgd
2827 1226 2897 1292 by

458 1335 617 1391 tritis
654 1342 716 1391 et
748 1337 1048 1401 confessis,
1087 1338 1321 1409 plenam
1369 1341 1776 1396 remissionem
1824 1342 1896 1396 de
1944 1341 2237 1396 thesauris
2280 1340 2561 1396 Ecclesiae
2588 1357 2839 1423 Englamk

455 1419 736 1487 indulsit;
777 1422 1033 1494 exceptis
1069 1422 1187 1478 hiis
1214 1424 1317 1493 qui
1341 1442 1457 1479 aere
1492 1423 1515 1456 ²
1535 1424 1726 1480 alieno
1752 1424 2199 1498 ³gravabantur.
2274 1425 2561 1497 Magnum
2586 1425 2770 1491 during
2792 1427 2878 1476 the

456 1505 661 1575 utique
708 1506 1073 1573 beneficium,
1125 1513 1187 1562 et
1238 1509 1395 1562 omni
1444 1509 1778 1580 acceptione
1831 1509 2267 1580 dignissimum,
2331 1516 2393 1566 et
2444 1527 2561 1581 quo
2584 1492 2870 1555 Pfflfflence·

454 1588 475 1620 ⁴
491 1589 682 1659 majus
718 1590 927 1645 incolis
960 1608 1077 1646 non
1111 1592 1305 1664 potuit
1344 1592 1718 1663 impendisse.

524 1673 684 1728 Huic
720 1675 1003 1730 successit
1048 1674 1532 1742 Bartholomoeus‚
1575 1677 1854 1732 Barensis
1894 1676 2410 1750 Archiepiscopus,
2455 1678 2557 1749 qui
2583 1678 2849 1728 Bartholo-

456 1756 809 1827 multiplices
849 1759 1257 1815 tribulationes
1293 1760 1540 1831 pertulit
1576 1778 1612 1816 a
1653 1760 2061 1817 cardinalibus
2096 1780 2203 1833 pro
2239 1762 2402 1817 cultu
2431 1762 2558 1833 ius·
2582 1760 2750 1860 ῗξξξζ,

452 1841 619 1937 titioe,
683 1842 827 1898 adeo
880 1850 949 1900 ut
1006 1844 1123 1916 ipsi
1180 1843 1202 1875 ⁵
1218 1845 1547 1899 niterentur
1603 1861 1738 1899 eum
1797 1862 1931 1899 eum
1988 1844 2269 1901 dedecore
2329 1845 2556 1916 Papatu
2581 1878 2760 1941 bishop
2784 1877 2844 1926 of

453 1943 720 1996 privar-03
760 1933 830 1982 ut
863 1929 1109 1983 inferius
1145 1927 1572 1985 declarabimus
1609 1946 1716 1984 suo
1751 1928 1896 1984 locu.
2580 1944 2717 2003 Bari,
2741 1946 2871 1994 elec·

2577 2013 2662 2061 ted
2685 2011 2838 2075 Pope.

518 2160 579 2227 J
573 2160 871 2228 ohannes
912 2162 997 2228 M
993 2183 1183 2229 arcer
1225 2162 1477 2250 spoliat
1520 2162 1547 2199 ⁰
1565 2183 1772 2228 naves
1815 2161 2011 2248 apud
2056 2160 2489 2247 Scarbouryh.

524 2286 697 2343 Circa
729 2293 961 2359 tempus
998 2288 1166 2353 illud,
1204 2289 1363 2344 filius
1400 2288 1442 2344 J
1443 2289 1687 2343 ohannis
1722 2287 2007 2354 ⁷Mareer‚
2048 2289 2281 2343 natione
2320 2287 2549 2351 Scotus,
2577 2299 2719 2349 John

449 2370 694 2427 collecta
726 2389 845 2426 non
878 2390 1058 2445 parva
1092 2390 1270 2427 manu
1307 2372 1669 2428 Gallicorum
1704 2378 1879 2443 atque
1918 2373 2243 2437 Scotorum,
2271 2389 2338 2428 ac
2375 2373 2553 2427 etiam
2578 2367 2776 2435 Mereor

450 2454 867 2526 Hispanorum,
921 2456 1061 2511 dum
1112 2457 1303 2512 adhuc
1354 2456 1490 2511 Dux
1540 2456 1896 2512 Lancastriae
1946 2456 1986 2510 J
1989 2457 2242 2511 ohannes
2278 2456 2341 2510 in
2377 2458 2551 2511 terris
2575 2432 2813 2498 plundem

447 2545 670 2609 ageret,
709 2557 1029 2611 aggressus
1084 2546 1175 2595 est
1211 2558 1390 2597 naves
1429 2540 1711 2612 quasdam
1747 2539 1903 2612 apud
1941 2540 2347 2611 Scarbourgh3
2407 2559 2552 2612 quas
2577 2516 2790 2629 ἒοιξὲῗίώ

446 2623 712 2679 incautas
749 2624 869 2679 levi
902 2625 1143 2695 negotio
1180 2626 1354 2696 cepit,
1396 2630 1458 2680 et
1493 2641 1694 2680 secum
1733 2624 1807 2678 ad
1841 2641 2002 2678 mare
2040 2623 2298 2688 deduxit,
2341 2625 2550 2680 occisis
2577 2633 2717 2696 ships
2739 2647 2864 2682 near

442 2707 609 2777 prius
648 2707 998 2778 quibusdam
1049 2709 1150 2780 qui
1202 2708 1451 2764 navibus
1502 2707 1624 2762 illis
1676 2714 1984 2779 praeerant,
2040 2707 2390 2779 quibusdam
2425 2709 2551 2763 vin·
2577 2699 2882 2763 Cherbourss·

443 2791 594 2845 culis
651 2792 1016 2863 mancipatis
1115 2793 1197 2847 Et
1254 2792 1385 2847 ideo
1447 2810 1620 2864 quam
1681 2792 1932 2846 maxime
1988 2790 2142 2846 ”ista
2189 2792 2547 2847 nostratibus
2575 2792 2812 2871 Grounds

442 2874 824 2946 irrogaverat,
880 2876 942 2930 iu
992 2875 1274 2930 ultionem
1329 2876 1625 2947 opprobrii
1674 2876 1860 2946 patris
1921 2875 2033 2939 sui,
2098 2875 2199 2944 qui
2254 2880 2425 2929 antea
2474 2875 2547 2929 ab
2572 2859 2633 2909 ⁰f
2645 2860 2726 2908 ¹²²⁸

441 2958 654 3029 Anglis
708 2966 913 3031 captus
968 2960 1179 3025 fuerat,
1234 2965 1295 3015 et
1347 2960 1409 3014 in
1462 2959 1704 3016 castello
1754 2959 1827 3014 de
1868 2958 2239 3029 Scarbourgh
2276 2958 2548 3014 mandato
2573 2926 2813 2993 h⁰⁸t¹¹¹ty‘

441 3042 608 3111 regio
644 3042 989 3098 custoditus.
1066 3044 1177 3098 Est
1211 3048 1409 3098 autem
1443 3048 1610 3115 pater
1646 3042 1776 3113 ejus
1802 3058 1966 3112 aeque
1994 3041 2203 3097 Scotus
2227 3047 2348 3096 tam
2372 3049 2547 3112 gente

443 3141 619 3195 quam
668 3127 876 3197 patria,
935 3131 997 3181 et
1045 3126 1198 3196 Regi
1249 3127 1511 3181 Franciae
1559 3132 1799 3197 propter
1849 3125 2084 3179 divitias
2136 3124 2350 3180 multas
2399 3143 2546 3196 pree-

442 3207 691 3263 dilectus
708 3230 724 3274 ;
763 3226 899 3263 nam
953 3215 1082 3265 erat
1115 3210 1531 3275 mercenariuS,
1589 3215 1651 3265 et
1699 3210 1794 3264 vir
1829 3209 1973 3263 satis
2007 3207 2173 3263 vafer
2208 3212 2269 3262 et
2302 3209 2546 3265 consilio

441 3292 738 3362 providus,
766 3293 935 3363 cujus
964 3311 1078 3348 non
1102 3294 1397 3348 immerito
1432 3295 1552 3349 oris
1589 3292 1842 3358 decreta,
1870 3293 1933 3346 in
1967 3292 2083 3346 hiis
2111 3309 2242 3362 quae
2265 3293 2545 3363 Angliam

441 3376 874 3447 contingebant,
914 3378 1043 3448 ipse
1079 3376 1206 3431 Rex
1243 3382 1304 3433 et
1338 3394 1538 3432 omnes
1592 3376 1809 3432 Gallici
1860 3376 2270 3447 sequebantur.
2345 3377 2540 3439 Hunc,

440 3476 581 3513 casu
634 3460 1027 3531 interceptum
1076 3479 1211 3515 cum
1263 3460 1614 3532 quibusdam
1680 3460 1947 3524 navibuS,
2009 3459 2543 3515 Northumbrenses

440 3558 643 3596 eorum
715 3542 932 3598 Comiti
1002 3549 1447 3614 praesentarunt.
1546 3542 1681 3612 Qui,
1756 3548 1826 3599 nt
1882 3542 2157 3608 diximus,
2220 3542 2284 3596 in
2342 3542 2544 3596 eodem

439 3626 681 3682 castello
728 3627 1009 3682 custodite
1063 3626 1393 3698 deputatus,
1447 3628 1565 3684 cito
1613 3634 1749 3699 post
1801 3627 2155 3682 deliberatus
2205 3627 2415 3691 fuerat,
2469 3625 2545 3680 ad

439 3726 719 3780 magnum
756 3709 1033 3765 damnum
1068 3713 1250 3767 totius
1303 3713 1475 3783 regni
1530 3717 1591 3767 et
1642 3712 1904 3767 omnium
1952 3711 2294 3765 incolarum.
2387 3709 2542 3764 Nam

439 3794 491 3847 si
550 3794 890 3866 redemptus
951 3795 1163 3851 fuisset
1219 3797 1585 3867 captivorum
1642 3813 1825 3860 more,
1888 3794 2117 3865 Regem
2176 3799 2238 3849 et
2294 3810 2541 3863 regnum

437 3876 835 3932 inaestimabili
886 3880 1135 3950 pecunia
1168 3879 1383 3935 divites
1419 3880 1726 3935 effecisset.
1801 3878 2001 3949 Hujus
2037 3878 2214 3942 filius,
2255 3882 2324 3932 ut
2356 3882 2376 3910 '
2393 3894 2538 3947 proe-

437 3959 772 4026 libavimus,
834 3969 1145 4034 postquam
1219 3963 1430 4019 damna
1501 3963 1861 4019 nostratibus
1934 3962 2090 4033 apud
2166 3959 2540 4030 Scarbourgh

438 4043 754 4110 intulisset,
817 4046 1181 4117 gloriabatur
1239 4047 1314 4102 de
1372 4047 1667 4104 arridente
1735 4046 1850 4102 sibi
1900 4046 2151 4109 fortuna,
2209 4050 2270 4100 et
2317 4044 2542 4114 majora

439 4173 649 4180 *ψ’-

510 4258 521 4287 ¹
548 4255 769 4321 Dompm'
788 4258 841 4307 in
865 4258 1025 4322 orig.;
1060 4259 1145 4309 the
1178 4259 1443 4309 medioeval
1592 4260 1613 4288 ⁵
1634 4259 1933 4307 mitterentur
1977 4256 2032 4304 in
2078 4254 2230 4321 orig.;
2282 4257 2538 4306 corrected

442 4335 587 4385 form.
1528 4337 1660 4387 from
1681 4336 1767 4385 the
1791 4335 1994 4399 printed
2016 4341 2166 4386 texts.

506 4418 528 4446 ²
540 4416 711 4469 alieuoe
726 4417 779 4467 in
794 4416 922 4483 orig.
947 4419 1051 4468 and
1071 4416 1127 4466 in
1142 4417 1231 4468 the
1246 4417 1447 4481 printed
1592 4418 1614 4446 ⁸
1635 4413 1846 4464 navibus
1868 4414 1923 4463 in
1947 4415 2072 4479 orig.

438 4504 590 4547 texts.
1595 4497 1614 4523 ²
1638 4493 1839 4544 Μαι-σει·
1859 4492 1913 4543 in
1937 4494 2023 4545 the
2045 4493 2248 4559 printed
2269 4499 2419 4546 texts.

507 4576 527 4603 ⁸
545 4583 820 4640 yravantur
842 4574 897 4624 in
919 4576 1006 4626 the
1027 4573 1229 4639 printed
1245 4581 1392 4626 texts.
1596 4575 1616 4602 ⁸
1637 4574 1738 4621 ista
1761 4572 1971 4623 omitted
1987 4573 2042 4622 in
2068 4574 2153 4623 the
2171 4574 2371 4638 printed
2385 4578 2533 4623 texts.

507 4656 527 4684 ⁴
544 4656 701 4721 mayis
715 4654 771 4704 in
792 4654 938 4721 orig„
960 4656 1031 4721 by
1053 4656 1406 4706 inadvertence
1427 4675 1442 4713 ς
1596 4650 1616 4682 ⁹
1630 4649 2015 4716 proelabavimus
2038 4651 2092 4702 in
2118 4652 2242 4718 orig.

440 4735 700 4785 corrected
723 4733 852 4784 from
874 4735 962 4785 the
983 4734 1185 4798 printed
1208 4740 1355 4784 texts.

2129 4829 2177 4877 A
2220 4829 2268 4877 A
