3300 5617
114 973 246 1026 MS,
278 979 420 1035 Bibl.

116 1042 264 1122 Reg.
300 1053 363 1099 13

114 1109 182 1159 E.
212 1124 298 1165 ix.

130 3525 259 3577 MS.
283 3526 423 3577 Bibl.

130 3595 274 3659 Reg.
305 3599 366 3644 13

132 3661 297 3711 Cout.

130 3726 448 3788 Murimuth,

131 3810 188 3859 p.
218 3800 334 3845 221.

1148 799 1477 850 msronm
1519 798 1940 852 mancum.
2452 792 2581 856 323

478 981 640 1055 Papa
678 981 928 1041 missum
974 1002 1109 1042 cum
1156 988 1446 1045 mandatis
1471 989 1809 1061 Papalibus,
1850 988 2233 1046 candentibus
2270 989 2579 1044 fuscinulis
2607 1001 2742 1054 AD,
2772 1006 2915 1056 1376.

477 1068 685 1124 ferreis
732 1069 937 1125 vivum
986 1073 1555 1140 excarnificaverunt,
1605 1080 1668 1131 et
1711 1074 1968 1131 nondum
2013 1082 2310 1131 mortuum
2357 1075 2420 1129 in
2466 1080 2582 1129 ter-
2608 1093 2754 1159 They
2777 1102 2919 1145 eme,-

474 1169 602 1207 ram
641 1153 931 1210 foderunt.
1006 1154 1267 1225 Quorum
1304 1158 1542 1228 quidam
1588 1165 1793 1231 postea
1825 1159 2126 1216 venientes
2169 1159 2232 1215 in
2278 1157 2576 1229 Angliam,
2607 1161 2692 1210 the
2710 1162 2901 1239 service

475 1242 537 1292 et
570 1236 754 1309 Regis
778 1256 982 1311 pacem
1015 1241 1231 1298 habere
1253 1249 1548 1314 rogantes,
1584 1251 1925 1300 manserunt
1955 1244 2175 1300 ibidem
2209 1244 2393 1299 donec
2421 1244 2583 1315 Papa
2608 1228 2672 1276 ⁰¹⁵
2676 1228 2761 1276 the
2779 1228 2918 1294 ng

473 1338 580 1392 per
616 1341 751 1381 suas
792 1324 998 1381 Bullas
1036 1325 1393 1384 declarasset
1440 1329 1673 1399 quantis
1710 1335 1907 1385 essent
1943 1329 2262 1384 sceleribus
2308 1328 2576 1384 involuti.
2608 1294 2831 1412 ffnffing'

474 1406 703 1462 Extunc
765 1426 905 1465 vero
970 1409 1295 1467 Florentini
1359 1413 1721 1469 devenerunt
1793 1412 1950 1471 servi
2023 1413 2226 1485 Regis,
2305 1419 2583 1484 tanquam

466 1491 677 1555 nativi,
705 1510 839 1547 cum
868 1494 1135 1551 omnibus
1159 1496 1324 1551 bonis
1350 1503 1411 1552 et
1432 1497 1659 1553 catallis
1696 1514 1933 1563 eorum3
1972 1497 2290 1553 secundum
2321 1502 2583 1552 tenorem

475 1574 807 1631 litterarum
860 1577 1189 1650 Papalium,
1232 1580 1388 1653 quod
1434 1588 1538 1638 aut
1594 1582 1681 1638 ita
1726 1583 2001 1647 facerent,
2053 1588 2156 1639 aut
2213 1582 2287 1636 ad
2343 1581 2582 1636 Curiam

479 1658 838 1726 festinarent,
891 1661 1240 1719 submissuri
1302 1664 1320 1697 ¹
1339 1682 1403 1721 se
1462 1665 1674 1736 gratiae
1733 1664 1971 1720 Domini
2031 1663 2207 1736 Papae
2267 1671 2328 1721 et
2387 1664 2582 1720 Curiae

477 1745 844 1815 supradictae.
920 1746 1243 1805 Florentini
1282 1748 1469 1820 igitur
1507 1749 1831 1820 elegerunt,
1875 1754 1944 1805 ut
1981 1749 2093 1805 sibi
2130 1749 2458 1815 videbatur,
2510 1749 2583 1804 de

475 1830 701 1889 duobus
725 1831 898 1889 malis
925 1833 1120 1893 minus
1156 1835 1396 1901 malum,
1442 1836 1664 1892 servire
1700 1836 1994 1902 videlicet,
2034 1853 2196 1892 more
2231 1837 2580 1899 nativorum,

477 1914 630 1985 Regi
667 1914 921 1987 Angliae,
962 1936 1140 1989 quam
1176 1917 1198 1950 ²
1212 1919 1385 1975 subdi
1420 1919 1664 1975 arbitrio
1702 1918 2116 1975 Romanorum.

546 1996 845 2056 Vicesimo
902 2002 1155 2059 secundo
1209 2002 1306 2059 die
1356 2002 1397 2059 J
1397 2003 1505 2059 ulii
1565 2003 1714 2060 obiit
1774 2002 1977 2061 Simon
2022 2003 2379 2076 ’Langham,
2443 2001 2582 2059 Car-

478 2083 689 2141 dinalis
725 2084 1034 2159 Anglicus.

545 2167 716 2225 Almo
765 2172 975 2243 gratim
1023 2172 1336 2230 millesimo
1386 2172 1796 2229 trecentesimo
1836 2173 2267 2245 septuagesimo
2315 2171 2580 2244 septimo,
2608 2172 2746 2223 ΑΒ.
2776 2173 2920 2224 1377.

478 2258 580 2328 qui
616 2265 708 2315 est
741 2277 926 2315 annus
950 2261 1119 2331 regni
1159 2261 1344 2332 Regis
1381 2259 1676 2326 Edwardi,
1719 2278 1756 2316 a
1777 2259 2130 2332 Conquaestu
2169 2260 2373 2324 Tertii,
2417 2261 2583 2332 quin·
2609 2240 2927 2355 Afbussdanoe

478 2343 854 2412 quagesimae
890 2343 1135 2415 primus,
1185 2351 1349 2400 tanta
1407 2345 1649 2400 advecta
1708 2350 1800 2400 est
1858 2345 1921 2399 iu
1978 2344 2258 2416 Angliam
2317 2344 2585 2401 vinorum
2608 2322 2828 2438 {0¹:13¹}ss
2849 2380 2902 2423 to

477 2425 848 2493 abundantia,
889 2434 1107 2499 quanta
1142 2429 1332 2484 multa
1370 2434 1666 2484 transacta
1703 2436 1969 2500 tempora
2008 2447 2122 2483 non
2160 2428 2450 2485 viderunt.
2609 2441 2864 2504 England,

547 2510 721 2567 Circa
749 2511 963 2567 Natale
986 2529 1127 2567 vero
1151 2512 1523 2569 Dominicum
1559 2518 1723 2568 tauta
1747 2512 2006 2568 excrevit
2029 2530 2183 2583 aqua
2219 2513 2282 2567 iu
2317 2512 2584 2584 partibus
2613 2522 2771 2571 Great
2806 2586 2818 2598 ·

473 2594 1028 2662 Northumbrorum,
1055 2597 1129 2652 de
1161 2595 1513 2652 resolutione
1554 2597 1781 2653 nivium
1816 2614 1946 2667 quae
1978 2614 2084 2668 per
2108 2601 2239 2651 ante
2279 2597 2340 2650 in
2375 2614 2589 2666 magna
2611 2588 2774 2637 floodss
2802 2602 2856 2635 ¹¹¹

476 2679 760 2735 densitate
807 2685 1025 2737 terram
1073 2686 1436 2752 operuerant,
1488 2687 1557 2737 ut
1602 2699 1756 2752 aqua
1815 2680 1886 2735 de
1936 2680 2266 2752 superciliis
2303 2681 2588 2736 montium
2611 2654 2891 2771 ἕζῖζξιέω

476 2762 892 2831 descendendO,
926 2764 1097 2835 juxta
1136 2783 1272 2820 cum
1307 2764 1511 2820 frustis
1548 2763 1779 2836 glaciei,
1832 2763 2032 2819 domos
2081 2764 2416 2819 colonorum
2455 2764 2589 2819 sub·

477 2852 751 2913 verteret,
796 2848 948 2905 bona
985 2867 1116 2920 quae
1154 2866 1331 2922 super
1366 2854 1587 2904 terram
1609 2848 2080 2913 ⁴accruaverant‚
2123 2854 2266 2920 puta
2290 2848 2587 2917 carbones,

480 2930 731 2987 molares
778 2932 1022 3005 lapides,
1072 2932 1254 3004 ligna,
1308 2949 1443 2988 cum
1491 2931 1812 3003 segetibus,
1865 2932 2124 2987 auferret
2171 2948 2276 2988 suo
2329 2931 2589 3002 impetam

481 3013 738 3086 insuper,
780 3015 843 3070 in
879 3033 1039 3071 mare
1078 3016 1452 3081 descendens,
1498 3033 1605 3088 per
1641 3014 1766 3073 vim
1805 3020 1866 3071 et
1900 3014 2261 3070 collisionem
2303 3014 2592 3069 dictarum

479 3097 501 3129 ⁸
515 3099 855 3165 frustarum,
896 3117 1075 3157 naves
1102 3101 1384 3173 quasdam
1419 3106 1542 3156 tam
1572 3099 1816 3157 violenti
1854 3099 2204 3173 impulsione
2242 3098 2454 3170 glaciei
2491 3103 2595 3153 aut

481 3181 719 3238 inutiles
759 3183 1017 3241 reddidit
1056 3191 1160 3241 aut
1197 3185 1429 3240 omnino
1473 3185 1772 3240 demersit.
2742 3249 2755 3262 θ

555 3266 729 3323 Circa
769 3268 985 3323 festum
1022 3268 1454 3325 Purificationis
1492 3268 1691 3323 Beatae
1726 3266 2015 3338 Virginis,
2061 3265 2280 3322 factum
2319 3271 2411 3321 est
2451 3263 2592 3320 Par·
2617 3250 2926 3301 P¹²¹⁵¹¹²¹¹¹¹⁰¹¹²

482 3350 826 3408 liamentum
866 3351 1202 3420 Londoniis,
1243 3359 1487 3425 cogente
1531 3352 1715 3418 Duce,
1762 3352 1865 3423 qui
1899 3351 2060 3407 vices
2101 3350 2343 3422 gerebat
2385 3350 2588 3420 Regis,
2617 3324 2671 3367 Μ
2683 3318 2912 3368 Immon'

484 3435 613 3509 ipso
661 3436 1228 3509 ‘irrecuperabiliter
1274 3438 1585 3494 infirmato.
1680 3436 1754 3491 In
1802 3453 1936 3508 quo,
1982 3452 2054 3489 ex
2094 3442 2260 3507 parte
2308 3432 2588 3505 ⁷[Regis]

482 3520 843 3591 postulatum
881 3528 972 3579 est
1012 3522 1340 3578 subsidium
1378 3540 1415 3578 a
1450 3522 1608 3577 clero
1647 3526 1709 3577 et
1748 3520 1964 3593 populo
2001 3518 2215 3574 laicali.
2294 3518 2408 3574 Cui
2460 3526 2593 3573 taxa
2619 3506 2885 3621 qnhestffl‘

484 3606 837 3671 conceditur,
877 3606 1158 3663 haetenus
1200 3605 1479 3671 inaudita,
1520 3605 1814 3670 videlicet,
1867 3602 2023 3677 quod
2065 3621 2101 3658 a
2140 3602 2404 3674 qualibet
2443 3602 2595 3656 laica
2619 3589 2650 3622 ⁰
2696 3581 2840 3690 ‘⁸23³

484 3706 732 3761 persona
768 3708 939 3746 sexus
981 3691 1308 3763 utriusque,
1350 3706 1530 3745 annos
1572 3689 1885 3745 excedente
1929 3686 2388 3759 quatuordecim,
2430 3684 2593 3757 ⁸per-
2618 3655 2743 3705 gran
2832 3677 2844 3688 '

486 3774 708 3846 ciperet
742 3792 920 3830 unam
960 3792 1247 3847 grossam,
1289 3775 1385 3832 vel
1434 3780 1686 3846 quatuor
1724 3773 2010 3837 denarios,
2054 3771 2308 3843 exceptis
2349 3769 2593 3825 notoriis

485 3858 839 3931 pauperibus
884 3859 985 3931 qui
1033 3858 1267 3932 publice
1312 3859 1756 3925 mendicabant3
1799 3863 1860 3913 et
1906 3856 1979 3912 de
2027 3856 2252 3911 cunctis
2298 3853 2595 3924 religiosis

485 3943 793 4013 utriusque
857 3959 1050 4008 sexus,
1120 3949 1183 3999 et
1247 3942 1509 4014 qualibet
1555 3941 1957 3998 ecelesiastica
2002 3956 2249 4012 persona
2308 3942 2591 4013 promota,

484 4026 791 4081 duodecim
834 4025 1140 4094 denarios;
1192 4031 1254 4084 et
1294 4025 1366 4081 de
1410 4026 1662 4099 singulis
1703 4026 1856 4092 aliis,
1906 4042 2022 4081 non
2069 4021 2369 4096 promotis,
2420 4038 2596 4075 unam

551 4310 640 4361 ἐἰ
671 4312 847 4377 qratia
897 4310 952 4361 in
1009 4308 1179 4377 orig.;
1236 4310 1494 4362 corrected
1578 4309 1634 4361 in
1686 4308 1821 4361 Bibl.
1861 4307 1990 4374 Beg.
2042 4312 2101 4357 13
2153 4306 2216 4357 Ε.
2267 4304 2327 4354 ix
2373 4305 2474 4355 and
2509 4304 2597 4354 the

484 4391 619 4440 from
644 4391 729 4441 the
750 4391 953 4455 printed
975 4398 1128 4442 ωηο.
1578 4388 1786 4456 printed
1811 4395 1960 4439 texts.

550 4472 572 4500 ²
591 4469 777 4519 subditi
797 4470 853 4520 in
876 4470 964 4521 the
983 4469 1188 4534 printed
1208 4474 1361 4521 ωηο.
1646 4472 1668 4500 ⁸
1689 4465 2089 4519 avaenciabiliter
2149 4465 2205 4515 in
2251 4462 2379 4530 orig.
2408 4483 2424 4525 ς
2484 4478 2596 4513 cor-

551 4551 572 4580 ⁸
595 4548 849 4615 Lonqham
892 4549 948 4600 in
993 4548 1123 4615 orig.
1147 4570 1163 4611 ς
1240 4547 1499 4601 corrected
1583 4550 1756 4601 rected
1775 4548 1908 4598 stom
1930 4548 2017 4597 the
2038 4544 2240 4611 printed
2262 4552 2415 4594 ωηο.

488 4628 619 4679 from
643 4629 730 4679 the
752 4629 953 4693 printed
972 4635 1126 4680 ωηο.
1651 4631 1671 4657 7
1694 4627 1942 4692 Supplied
1963 4625 2097 4676 from
2119 4624 2204 4674 the
2227 4622 2434 4689 printed
2456 4627 2594 4671 texts

556 4710 575 4739 ⁴
596 4717 912 4760 accreverant
929 4708 985 4759 in
1010 4686 1279 4762 Camdeli’s
1299 4714 1427 4759 text.
1589 4708 1694 4758 and
1715 4706 1851 4755 Bibl.
1875 4706 2004 4769 Reg.
2035 4709 2096 4753 13
2116 4703 2176 4753 E.
2199 4700 2273 4752 ix.

556 4790 898 4854 ‘finon-arum
933 4790 990 4843 iu
1024 4789 1154 4858 orig.
1180 4810 1196 4852 ς
1219 4790 1503 4855 staturum
1657 4788 1678 4815 ⁸
1698 4787 1935 4852 reciperet
1954 4783 2011 4834 in
2034 4781 2123 4834 the
2142 4780 2344 4926 printessd
2365 4783 2514 4830 texts.

2188 4878 2240 4927 X
