<?xml version="1.0" encoding="UTF-8"?>
<!DOCTYPE html PUBLIC "-//W3C//DTD XHTML 1.0 Transitional//EN"
    "http://www.w3.org/TR/xhtml1/DTD/xhtml1-transitional.dtd">
<html xmlns="http://www.w3.org/1999/xhtml" xml:lang="en" lang="en">
 <head>
  <title>
</title>
<meta http-equiv="Content-Type" content="text/html;charset=utf-8" />
  <meta name='ocr-system' content='tesseract 3.04.00' />
  <meta name='ocr-capabilities' content='ocr_page ocr_carea ocr_par ocr_line ocrx_word'/>
</head>
<body>
  <div class='ocr_page' id='page_1' title='image "./thomaewalsingha00unkngoog_0575.png"; bbox 0 0 3300 5617; ppageno 0'>
   <div class='ocr_carea' id='block_1_1' title="bbox 86 1119 330 1306">
    <p class='ocr_par' dir='ltr' id='par_1_1' title="bbox 86 1119 330 1306">
     <span class='ocr_line' id='line_1_1' title="bbox 86 1119 330 1175; baseline 0.029 -6"><span class='ocrx_word' id='word_1_1' title='bbox 86 1119 134 1169; x_wconf 76' lang='lat'><strong>3.</strong></span> <span class='ocrx_word' id='word_1_2' title='bbox 167 1122 330 1175; x_wconf 82' lang='lat' dir='ltr'><strong>Bibl.</strong></span> 
     </span>
     <span class='ocr_line' id='line_1_2' title="bbox 87 1196 270 1263; baseline 0.005 -23"><span class='ocrx_word' id='word_1_3' title='bbox 87 1202 152 1263; x_wconf 69' lang='lat' dir='ltr'><strong>g.</strong></span> <span class='ocrx_word' id='word_1_4' title='bbox 197 1196 270 1241; x_wconf 85' lang='lat'><strong>13</strong></span> 
     </span>
     <span class='ocr_line' id='line_1_3' title="bbox 95 1268 196 1306; baseline 0.059 -6"><span class='ocrx_word' id='word_1_5' title='bbox 95 1268 196 1306; x_wconf 76' lang='lat' dir='ltr'><strong>IX.</strong></span> 
     </span>
    </p>
   </div>
   <div class='ocr_carea' id='block_1_2' title="bbox 1051 867 2496 929">
    <p class='ocr_par' dir='ltr' id='par_1_2' title="bbox 1051 867 2496 929">
     <span class='ocr_line' id='line_1_4' title="bbox 1051 867 2496 929; baseline 0.005 -9"><span class='ocrx_word' id='word_1_6' title='bbox 1051 873 1383 923; x_wconf 74' lang='lat' dir='ltr'><strong>msromA</strong></span> <span class='ocrx_word' id='word_1_7' title='bbox 1411 874 1825 926; x_wconf 78' lang='lat' dir='ltr'>ANGLICANA.</span> <span class='ocrx_word' id='word_1_8' title='bbox 2362 867 2496 929; x_wconf 77' lang='lat'><strong>453</strong></span> 
     </span>
    </p>
   </div>
   <div class='ocr_carea' id='block_1_3' title="bbox 636 1128 2828 1221">
    <p class='ocr_par' dir='ltr' id='par_1_3' title="bbox 636 1128 2828 1221">
     <span class='ocr_line' id='line_1_5' title="bbox 636 1128 2828 1221; baseline 0.001 -27"><span class='ocrx_word' id='word_1_9' title='bbox 636 1128 988 1215; x_wconf 78' lang='lat' dir='ltr'><strong>Profecti0‚</strong></span> <span class='ocrx_word' id='word_1_10' title='bbox 1037 1154 1155 1197; x_wconf 75' lang='lat' dir='ltr'><strong>scu</strong></span> <span class='ocrx_word' id='word_1_11' title='bbox 1198 1132 1577 1221; x_wconf 64' lang='lat' dir='ltr'><strong>Empeditio,</strong></span> <span class='ocrx_word' id='word_1_12' title='bbox 1621 1132 1710 1199; x_wconf 71' lang='lat' dir='ltr'><strong>in</strong></span> <span class='ocrx_word' id='word_1_13' title='bbox 1751 1132 2249 1219; x_wconf 64' lang='lat' dir='ltr'><strong>Portugsaliam.</strong></span> <span class='ocrx_word' id='word_1_14' title='bbox 2516 1137 2828 1194; x_wconf 84' lang='lat' dir='ltr'><strong>A.D.1381.</strong></span> 
     </span>
    </p>
   </div>
   <div class='ocr_carea' id='block_1_4' title="bbox 387 1264 2829 1597">
    <p class='ocr_par' dir='ltr' id='par_1_4' title="bbox 387 1264 2829 1597">
     <span class='ocr_line' id='line_1_6' title="bbox 460 1264 2773 1343; baseline 0.006 -26"><span class='ocrx_word' id='word_1_15' title='bbox 460 1264 575 1319; x_wconf 88' lang='lat' dir='ltr'><strong>Per</strong></span> <span class='ocrx_word' id='word_1_16' title='bbox 635 1264 790 1319; x_wconf 89' lang='lat' dir='ltr'><strong>idem</strong></span> <span class='ocrx_word' id='word_1_17' title='bbox 849 1272 1079 1338; x_wconf 89' lang='lat' dir='ltr'><strong>tempus</strong></span> <span class='ocrx_word' id='word_1_18' title='bbox 1138 1267 1415 1325; x_wconf 89' lang='lat' dir='ltr'><strong>collectus</strong></span> <span class='ocrx_word' id='word_1_19' title='bbox 1476 1276 1567 1326; x_wconf 88' lang='lat' dir='ltr'><strong>cst</strong></span> <span class='ocrx_word' id='word_1_20' title='bbox 1625 1269 1893 1342; x_wconf 86' lang='lat' dir='ltr'><strong>copiosus</strong></span> <span class='ocrx_word' id='word_1_21' title='bbox 1943 1267 2250 1333; x_wconf 76' lang='lat' dir='ltr'><strong>exercituS,</strong></span> <span class='ocrx_word' id='word_1_22' title='bbox 2304 1265 2487 1324; x_wconf 87' lang='lat' dir='ltr'><strong>Ducis</strong></span> <span class='ocrx_word' id='word_1_23' title='bbox 2511 1264 2605 1343; x_wconf 52' lang='grc' dir='ltr'><strong>ΑΡ,</strong></span> <span class='ocrx_word' id='word_1_24' title='bbox 2624 1282 2773 1331; x_wconf 59' lang='lat' dir='ltr'><strong>e&#39;‘PL&#39;-</strong></span> 
     </span>
     <span class='ocr_line' id='line_1_7' title="bbox 390 1333 2739 1450; baseline 0.013 -48"><span class='ocrx_word' id='word_1_25' title='bbox 390 1346 742 1404; x_wconf 82' lang='lat' dir='ltr'><strong>Lancastriae</strong></span> <span class='ocrx_word' id='word_1_26' title='bbox 779 1350 1163 1418; x_wconf 80' lang='lat' dir='ltr'><strong>conniventia,</strong></span> <span class='ocrx_word' id='word_1_27' title='bbox 1219 1354 1322 1424; x_wconf 88' lang='lat' dir='ltr'><strong>qui</strong></span> <span class='ocrx_word' id='word_1_28' title='bbox 1374 1354 1434 1408; x_wconf 89' lang='lat' dir='ltr'><strong>in</strong></span> <span class='ocrx_word' id='word_1_29' title='bbox 1485 1353 1841 1424; x_wconf 85' lang='lat' dir='ltr'><strong>adjutorium</strong></span> <span class='ocrx_word' id='word_1_30' title='bbox 1889 1352 2071 1424; x_wconf 70' lang='lat' dir='ltr'><strong>Regis</strong></span> <span class='ocrx_word' id='word_1_31' title='bbox 2108 1352 2486 1424; x_wconf 59' lang='lat' dir='ltr'><strong>Portingssliae</strong></span> <span class='ocrx_word' id='word_1_32' title='bbox 2508 1333 2739 1450; x_wconf 42' lang='lat' dir='ltr'><strong>&amp;tagum</strong></span> 
     </span>
     <span class='ocr_line' id='line_1_8' title="bbox 387 1409 2774 1517; baseline 0.005 -31"><span class='ocrx_word' id='word_1_33' title='bbox 387 1433 708 1489; x_wconf 87' lang='lat' dir='ltr'><strong>mittendus</strong></span> <span class='ocrx_word' id='word_1_34' title='bbox 745 1434 937 1489; x_wconf 86' lang='lat' dir='ltr'><strong>fuerat</strong></span> <span class='ocrx_word' id='word_1_35' title='bbox 983 1441 1188 1491; x_wconf 86' lang='lat' dir='ltr'><strong>contra</strong></span> <span class='ocrx_word' id='word_1_36' title='bbox 1239 1437 1466 1507; x_wconf 81' lang='lat' dir='ltr'>Regem</span> <span class='ocrx_word' id='word_1_37' title='bbox 1519 1437 1844 1508; x_wconf 71' lang='lat' dir='ltr'><strong>Hispaniae,</strong></span> <span class='ocrx_word' id='word_1_38' title='bbox 1901 1437 2003 1509; x_wconf 87' lang='lat' dir='ltr'><strong>qui</strong></span> <span class='ocrx_word' id='word_1_39' title='bbox 2068 1436 2484 1493; x_wconf 77' lang='lat' dir='ltr'><strong>adversabatur</strong></span> <span class='ocrx_word' id='word_1_40' title='bbox 2508 1464 2559 1513; x_wconf 66' lang='lat' dir='ltr'><strong>in</strong></span> <span class='ocrx_word' id='word_1_41' title='bbox 2585 1465 2670 1516; x_wconf 79' lang='lat' dir='ltr'><strong>aid</strong></span> <span class='ocrx_word' id='word_1_42' title='bbox 2691 1409 2774 1517; x_wconf 65' lang='lat' dir='ltr'><strong>oft&#39;</strong></span> 
     </span>
     <span class='ocr_line' id='line_1_9' title="bbox 387 1517 2829 1597; baseline 0.006 -27"><span class='ocrx_word' id='word_1_43' title='bbox 387 1518 596 1573; x_wconf 89' lang='lat' dir='ltr'><strong>eidem.</strong></span> <span class='ocrx_word' id='word_1_44' title='bbox 669 1517 1049 1575; x_wconf 78' lang='lat' dir='ltr'><strong>Asseveravit</strong></span> <span class='ocrx_word' id='word_1_45' title='bbox 1085 1520 1241 1575; x_wconf 84' lang='lat' dir='ltr'><strong>enim</strong></span> <span class='ocrx_word' id='word_1_46' title='bbox 1277 1521 1434 1576; x_wconf 88' lang='lat' dir='ltr'><strong>idem</strong></span> <span class='ocrx_word' id='word_1_47' title='bbox 1470 1521 1621 1586; x_wconf 83' lang='lat' dir='ltr'><strong>Dux,</strong></span> <span class='ocrx_word' id='word_1_48' title='bbox 1664 1521 1974 1593; x_wconf 78' lang='lat' dir='ltr'><strong>expediens</strong></span> <span class='ocrx_word' id='word_1_49' title='bbox 2010 1521 2137 1576; x_wconf 87' lang='lat' dir='ltr'><strong>fore</strong></span> <span class='ocrx_word' id='word_1_50' title='bbox 2173 1539 2376 1593; x_wconf 88' lang='lat' dir='ltr'><strong>regno,</strong></span> <span class='ocrx_word' id='word_1_51' title='bbox 2416 1527 2485 1577; x_wconf 86' lang='lat' dir='ltr'><strong>ut</strong></span> <span class='ocrx_word' id='word_1_52' title='bbox 2507 1531 2593 1581; x_wconf 88' lang='lat' dir='ltr'><strong>the</strong></span> <span class='ocrx_word' id='word_1_53' title='bbox 2605 1531 2748 1597; x_wconf 82' lang='lat' dir='ltr'><strong>King</strong></span> <span class='ocrx_word' id='word_1_54' title='bbox 2763 1536 2829 1585; x_wconf 84' lang='lat' dir='ltr'><strong>of</strong></span> 
     </span>
    </p>
   </div>
   <div class='ocr_carea' id='block_1_5' title="bbox 385 1597 2802 1796">
    <p class='ocr_par' dir='ltr' id='par_1_5' title="bbox 385 1597 2802 1796">
     <span class='ocr_line' id='line_1_10' title="bbox 387 1597 2745 1676; baseline 0.004 -21"><span class='ocrx_word' id='word_1_55' title='bbox 387 1600 529 1657; x_wconf 89' lang='lat' dir='ltr'><strong>illuc</strong></span> <span class='ocrx_word' id='word_1_56' title='bbox 565 1610 922 1659; x_wconf 85' lang='lat' dir='ltr'><strong>armatorum</strong></span> <span class='ocrx_word' id='word_1_57' title='bbox 956 1603 1125 1675; x_wconf 86' lang='lat' dir='ltr'><strong>copia</strong></span> <span class='ocrx_word' id='word_1_58' title='bbox 1165 1623 1298 1660; x_wconf 90' lang='lat' dir='ltr'><strong>cum</strong></span> <span class='ocrx_word' id='word_1_59' title='bbox 1336 1605 1466 1660; x_wconf 88' lang='lat' dir='ltr'><strong>auri</strong></span> <span class='ocrx_word' id='word_1_60' title='bbox 1505 1604 1860 1661; x_wconf 84' lang='lat' dir='ltr'><strong>abundantia</strong></span> <span class='ocrx_word' id='word_1_61' title='bbox 1904 1604 2273 1671; x_wconf 78' lang='lat' dir='ltr'><strong>mitteretur3</strong></span> <span class='ocrx_word' id='word_1_62' title='bbox 2338 1624 2477 1676; x_wconf 86' lang='lat' dir='ltr'><strong>qua·</strong></span> <span class='ocrx_word' id='word_1_63' title='bbox 2504 1597 2551 1647; x_wconf 83' lang='grc' dir='ltr'><strong>Ρ</strong></span> <span class='ocrx_word' id='word_1_64' title='bbox 2551 1602 2745 1676; x_wconf 59' lang='grc' dir='ltr'><strong>ΟΙῘΝΒΒῙ</strong></span> 
     </span>
     <span class='ocr_line' id='line_1_11' title="bbox 385 1668 2802 1796; baseline 0.013 -58"><span class='ocrx_word' id='word_1_65' title='bbox 385 1691 553 1742; x_wconf 89' lang='lat' dir='ltr'><strong>tenus</strong></span> <span class='ocrx_word' id='word_1_66' title='bbox 577 1686 704 1742; x_wconf 83' lang='lat' dir='ltr'><strong>Rex</strong></span> <span class='ocrx_word' id='word_1_67' title='bbox 726 1688 1123 1760; x_wconf 83' lang='lat' dir='ltr'><strong>Portingaliae,</strong></span> <span class='ocrx_word' id='word_1_68' title='bbox 1149 1689 1251 1760; x_wconf 90' lang='lat' dir='ltr'><strong>qui</strong></span> <span class='ocrx_word' id='word_1_69' title='bbox 1276 1706 1380 1760; x_wconf 93' lang='lat' dir='ltr'><strong>pro</strong></span> <span class='ocrx_word' id='word_1_70' title='bbox 1406 1690 1491 1744; x_wconf 88' lang='lat' dir='ltr'><strong>eis</strong></span> <span class='ocrx_word' id='word_1_71' title='bbox 1514 1689 1775 1754; x_wconf 78' lang='lat' dir='ltr'><strong>miserat,</strong></span> <span class='ocrx_word' id='word_1_72' title='bbox 1796 1688 2005 1761; x_wconf 84' lang='lat' dir='ltr'><strong>majori</strong></span> <span class='ocrx_word' id='word_1_73' title='bbox 2030 1690 2271 1746; x_wconf 62' lang='lat' dir='ltr'><strong>carissaf’e</strong></span> <span class='ocrx_word' id='word_1_74' title='bbox 2294 1708 2476 1762; x_wconf 70' lang='lat' dir='ltr'><strong>regno</strong></span> <span class='ocrx_word' id='word_1_75' title='bbox 2500 1668 2802 1796; x_wconf 57' lang='grc' dir='ltr'><strong>ῗζεῑῖἒῗςὼθ</strong></span> 
     </span>
    </p>
   </div>
   <div class='ocr_carea' id='block_1_6' title="bbox 363 1768 2675 3105">
    <p class='ocr_par' dir='ltr' id='par_1_6' title="bbox 363 1768 2675 3105">
     <span class='ocr_line' id='line_1_12' title="bbox 383 1768 2675 1861; baseline 0.002 -37"><span class='ocrx_word' id='word_1_76' title='bbox 383 1768 616 1841; x_wconf 81' lang='lat' dir='ltr'><strong>Angliae</strong></span> <span class='ocrx_word' id='word_1_77' title='bbox 641 1778 702 1828; x_wconf 88' lang='lat' dir='ltr'><strong>et</strong></span> <span class='ocrx_word' id='word_1_78' title='bbox 725 1773 930 1828; x_wconf 90' lang='lat' dir='ltr'><strong>incolis</strong></span> <span class='ocrx_word' id='word_1_79' title='bbox 966 1773 1223 1845; x_wconf 83' lang='lat' dir='ltr'><strong>regionis</strong></span> <span class='ocrx_word' id='word_1_80' title='bbox 1260 1773 1555 1839; x_wconf 70' lang='lat' dir='ltr'><strong>astrictae,</strong></span> <span class='ocrx_word' id='word_1_81' title='bbox 1595 1774 1774 1829; x_wconf 87' lang='lat' dir='ltr'><strong>maris</strong></span> <span class='ocrx_word' id='word_1_82' title='bbox 1810 1773 2144 1845; x_wconf 84' lang='lat' dir='ltr'><strong>prohiberet</strong></span> <span class='ocrx_word' id='word_1_83' title='bbox 2166 1774 2475 1829; x_wconf 80' lang='lat' dir='ltr'><strong>transitum</strong></span> <span class='ocrx_word' id='word_1_84' title='bbox 2502 1798 2675 1861; x_wconf 50' lang='lat' dir='ltr'><strong>Spain·</strong></span> 
     </span>
     <span class='ocr_line' id='line_1_13' title="bbox 383 1853 2476 1928; baseline 0.001 -20"><span class='ocrx_word' id='word_1_85' title='bbox 383 1854 540 1924; x_wconf 86' lang='lat' dir='ltr'><strong>apud</strong></span> <span class='ocrx_word' id='word_1_86' title='bbox 577 1853 768 1911; x_wconf 79' lang='lat' dir='ltr'><strong>Gades</strong></span> <span class='ocrx_word' id='word_1_87' title='bbox 806 1856 1105 1923; x_wconf 88' lang='lat' dir='ltr'><strong>Herculis,</strong></span> <span class='ocrx_word' id='word_1_88' title='bbox 1152 1874 1296 1928; x_wconf 88' lang='lat' dir='ltr'><strong>quas</strong></span> <span class='ocrx_word' id='word_1_89' title='bbox 1337 1857 1600 1912; x_wconf 89' lang='lat' dir='ltr'><strong>moderni</strong></span> <span class='ocrx_word' id='word_1_90' title='bbox 1637 1863 1848 1914; x_wconf 82' lang='lat' dir='ltr'><strong>vocant</strong></span> <span class='ocrx_word' id='word_1_91' title='bbox 1895 1859 1935 1885; x_wconf 87' lang='lat'><strong>“</strong></span> <span class='ocrx_word' id='word_1_92' title='bbox 1954 1857 2173 1913; x_wconf 79' lang='lat' dir='ltr'><strong>Stricta</strong></span> <span class='ocrx_word' id='word_1_93' title='bbox 2213 1856 2285 1911; x_wconf 87' lang='lat' dir='ltr'><strong>de</strong></span> <span class='ocrx_word' id='word_1_94' title='bbox 2316 1857 2476 1912; x_wconf 83' lang='lat' dir='ltr'><strong>Mar-</strong></span> 
     </span>
     <span class='ocr_line' id='line_1_14' title="bbox 385 1937 2475 2013; baseline 0.002 -21"><span class='ocrx_word' id='word_1_95' title='bbox 385 1939 423 1964; x_wconf 92' lang='lat'><strong>“</strong></span> <span class='ocrx_word' id='word_1_96' title='bbox 461 1937 719 2004; x_wconf 86' lang='lat' dir='ltr'><strong>rachia,”</strong></span> <span class='ocrx_word' id='word_1_97' title='bbox 768 1940 954 2011; x_wconf 88' lang='lat' dir='ltr'><strong>galeis</strong></span> <span class='ocrx_word' id='word_1_98' title='bbox 994 1959 1124 2011; x_wconf 78' lang='lat' dir='ltr'><strong>quae</strong></span> <span class='ocrx_word' id='word_1_99' title='bbox 1166 1941 1239 1996; x_wconf 89' lang='lat' dir='ltr'><strong>de</strong></span> <span class='ocrx_word' id='word_1_100' title='bbox 1279 1939 1626 1997; x_wconf 86' lang='lat' dir='ltr'><strong>necessitate</strong></span> <span class='ocrx_word' id='word_1_101' title='bbox 1670 1959 1777 2013; x_wconf 92' lang='lat' dir='ltr'><strong>per</strong></span> <span class='ocrx_word' id='word_1_102' title='bbox 1812 1958 1948 1996; x_wconf 87' lang='lat' dir='ltr'><strong>eum</strong></span> <span class='ocrx_word' id='word_1_103' title='bbox 1989 1946 2050 1997; x_wconf 82' lang='lat' dir='ltr'><strong>et</strong></span> <span class='ocrx_word' id='word_1_104' title='bbox 2087 1940 2216 2012; x_wconf 89' lang='lat' dir='ltr'><strong>ejus</strong></span> <span class='ocrx_word' id='word_1_105' title='bbox 2258 1941 2475 1996; x_wconf 88' lang='lat' dir='ltr'><strong>ibidem</strong></span> 
     </span>
     <span class='ocr_line' id='line_1_15' title="bbox 379 2020 2468 2098; baseline 0.002 -23"><span class='ocrx_word' id='word_1_106' title='bbox 379 2020 698 2078; x_wconf 88' lang='lat' dir='ltr'><strong>dominium</strong></span> <span class='ocrx_word' id='word_1_107' title='bbox 737 2025 1002 2090; x_wconf 85' lang='lat' dir='ltr'><strong>transire,</strong></span> <span class='ocrx_word' id='word_1_108' title='bbox 1042 2025 1104 2080; x_wconf 87' lang='lat' dir='ltr'><strong>in</strong></span> <span class='ocrx_word' id='word_1_109' title='bbox 1145 2024 1502 2096; x_wconf 87' lang='lat' dir='ltr'><strong>adjutorium</strong></span> <span class='ocrx_word' id='word_1_110' title='bbox 1539 2022 1899 2081; x_wconf 85' lang='lat' dir='ltr'><strong>Gallicorum</strong></span> <span class='ocrx_word' id='word_1_111' title='bbox 1946 2030 2006 2081; x_wconf 90' lang='lat' dir='ltr'><strong>et</strong></span> <span class='ocrx_word' id='word_1_112' title='bbox 2051 2025 2468 2098; x_wconf 81' lang='lat' dir='ltr'><strong>Hispanorum,</strong></span> 
     </span>
     <span class='ocr_line' id='line_1_16' title="bbox 377 2105 2471 2180; baseline 0.002 -19"><span class='ocrx_word' id='word_1_113' title='bbox 377 2105 452 2160; x_wconf 86' lang='lat' dir='ltr'><strong>ad</strong></span> <span class='ocrx_word' id='word_1_114' title='bbox 494 2125 790 2174; x_wconf 88' lang='lat' dir='ltr'><strong>oceanum,</strong></span> <span class='ocrx_word' id='word_1_115' title='bbox 830 2108 896 2164; x_wconf 90' lang='lat' dir='ltr'><strong>id</strong></span> <span class='ocrx_word' id='word_1_116' title='bbox 935 2115 1042 2175; x_wconf 88' lang='lat' dir='ltr'><strong>est,</strong></span> <span class='ocrx_word' id='word_1_117' title='bbox 1070 2127 1248 2174; x_wconf 84' lang='lat' dir='ltr'><strong>mare,</strong></span> <span class='ocrx_word' id='word_1_118' title='bbox 1277 2109 1671 2165; x_wconf 82' lang='lat' dir='ltr'><strong>infestandum</strong></span> <span class='ocrx_word' id='word_1_119' title='bbox 1694 2108 2116 2175; x_wconf 87' lang='lat' dir='ltr'><strong>Britannicum,</strong></span> <span class='ocrx_word' id='word_1_120' title='bbox 2142 2108 2237 2165; x_wconf 76' lang='lat' dir='ltr'><strong>vel</strong></span> <span class='ocrx_word' id='word_1_121' title='bbox 2261 2109 2471 2180; x_wconf 86' lang='lat' dir='ltr'><strong>Angli·</strong></span> 
     </span>
     <span class='ocr_line' id='line_1_17' title="bbox 373 2191 2471 2269; baseline 0.003 -25"><span class='ocrx_word' id='word_1_122' title='bbox 373 2207 528 2255; x_wconf 87' lang='lat' dir='ltr'><strong>cum,</strong></span> <span class='ocrx_word' id='word_1_123' title='bbox 556 2191 897 2247; x_wconf 90' lang='lat' dir='ltr'><strong>debuerunt.</strong></span> <span class='ocrx_word' id='word_1_124' title='bbox 975 2193 1074 2249; x_wconf 90' lang='lat' dir='ltr'><strong>Sic</strong></span> <span class='ocrx_word' id='word_1_125' title='bbox 1098 2193 1295 2264; x_wconf 83' lang='lat' dir='ltr'><strong>itaque</strong></span> <span class='ocrx_word' id='word_1_126' title='bbox 1333 2199 1394 2249; x_wconf 88' lang='lat' dir='ltr'><strong>et</strong></span> <span class='ocrx_word' id='word_1_127' title='bbox 1425 2193 1853 2269; x_wconf 55' lang='lat' dir='ltr'><strong>Angliamfore</strong></span> <span class='ocrx_word' id='word_1_128' title='bbox 1876 2199 2084 2259; x_wconf 74' lang='lat' dir='ltr'><strong>tutam,</strong></span> <span class='ocrx_word' id='word_1_129' title='bbox 2113 2200 2172 2248; x_wconf 86' lang='lat' dir='ltr'><strong>et</strong></span> <span class='ocrx_word' id='word_1_130' title='bbox 2195 2193 2471 2265; x_wconf 62' lang='lat' dir='ltr'><strong>praedicta</strong></span> 
     </span>
     <span class='ocr_line' id='line_1_18' title="bbox 372 2272 2240 2349; baseline 0.003 -22"><span class='ocrx_word' id='word_1_131' title='bbox 372 2272 489 2328; x_wconf 88' lang='lat' dir='ltr'><strong>duo</strong></span> <span class='ocrx_word' id='word_1_132' title='bbox 523 2293 723 2346; x_wconf 87' lang='lat' dir='ltr'><strong>regna,</strong></span> <span class='ocrx_word' id='word_1_133' title='bbox 764 2282 824 2331; x_wconf 88' lang='lat' dir='ltr'><strong>et</strong></span> <span class='ocrx_word' id='word_1_134' title='bbox 857 2277 1149 2349; x_wconf 83' lang='lat' dir='ltr'><strong>praecipue</strong></span> <span class='ocrx_word' id='word_1_135' title='bbox 1185 2277 1511 2342; x_wconf 85' lang='lat' dir='ltr'><strong>Franciam,</strong></span> <span class='ocrx_word' id='word_1_136' title='bbox 1551 2277 1937 2333; x_wconf 83' lang='lat' dir='ltr'><strong>deludendam</strong></span> <span class='ocrx_word' id='word_1_137' title='bbox 1971 2277 2240 2332; x_wconf 88' lang='lat' dir='ltr'><strong>asseruit.</strong></span> 
     </span>
     <span class='ocr_line' id='line_1_19' title="bbox 443 2360 2466 2435; baseline 0 -20"><span class='ocrx_word' id='word_1_138' title='bbox 443 2360 760 2415; x_wconf 85' lang='lat' dir='ltr'><strong>Constituti</strong></span> <span class='ocrx_word' id='word_1_139' title='bbox 797 2366 935 2416; x_wconf 88' lang='lat' dir='ltr'><strong>sunt</strong></span> <span class='ocrx_word' id='word_1_140' title='bbox 974 2361 1151 2417; x_wconf 86' lang='lat' dir='ltr'><strong>duces</strong></span> <span class='ocrx_word' id='word_1_141' title='bbox 1188 2367 1249 2417; x_wconf 88' lang='lat' dir='ltr'><strong>et</strong></span> <span class='ocrx_word' id='word_1_142' title='bbox 1270 2362 1535 2433; x_wconf 87' lang='lat' dir='ltr'><strong>primarii</strong></span> <span class='ocrx_word' id='word_1_143' title='bbox 1558 2361 1736 2434; x_wconf 84' lang='lat' dir='ltr'><strong>hujus</strong></span> <span class='ocrx_word' id='word_1_144' title='bbox 1761 2361 2153 2435; x_wconf 75' lang='lat' dir='ltr'><strong>profectioniS,</strong></span> <span class='ocrx_word' id='word_1_145' title='bbox 2182 2360 2466 2417; x_wconf 87' lang='lat' dir='ltr'><strong>Dominus</strong></span> 
     </span>
     <span class='ocr_line' id='line_1_20' title="bbox 370 2441 2462 2517; baseline 0.002 -21"><span class='ocrx_word' id='word_1_146' title='bbox 370 2441 713 2500; x_wconf 84' lang='lat' dir='ltr'><strong>Edmundus</strong></span> <span class='ocrx_word' id='word_1_147' title='bbox 757 2444 829 2498; x_wconf 90' lang='lat' dir='ltr'><strong>de</strong></span> <span class='ocrx_word' id='word_1_148' title='bbox 864 2444 1183 2516; x_wconf 82' lang='lat' dir='ltr'><strong>Langelay,</strong></span> <span class='ocrx_word' id='word_1_149' title='bbox 1225 2444 1433 2499; x_wconf 87' lang='lat' dir='ltr'><strong>Comes</strong></span> <span class='ocrx_word' id='word_1_150' title='bbox 1470 2443 1870 2517; x_wconf 81' lang='lat' dir='ltr'><strong>Cantibrigiae,</strong></span> <span class='ocrx_word' id='word_1_151' title='bbox 1899 2445 2082 2516; x_wconf 83' lang='lat' dir='ltr'><strong>Regis</strong></span> <span class='ocrx_word' id='word_1_152' title='bbox 2122 2444 2462 2510; x_wconf 79' lang='lat' dir='ltr'><strong>avunculus,</strong></span> 
     </span>
     <span class='ocr_line' id='line_1_21' title="bbox 370 2526 2466 2601; baseline 0 -20"><span class='ocrx_word' id='word_1_153' title='bbox 370 2526 652 2583; x_wconf 86' lang='lat' dir='ltr'><strong>Dominus</strong></span> <span class='ocrx_word' id='word_1_154' title='bbox 669 2527 1002 2585; x_wconf 87' lang='lat' dir='ltr'><strong>Willelmus</strong></span> <span class='ocrx_word' id='word_1_155' title='bbox 1026 2528 1416 2601; x_wconf 87' lang='lat' dir='ltr'><strong>Beauchamp,</strong></span> <span class='ocrx_word' id='word_1_156' title='bbox 1444 2528 1730 2585; x_wconf 89' lang='lat' dir='ltr'><strong>Dominus</strong></span> <span class='ocrx_word' id='word_1_157' title='bbox 1756 2528 1772 2561; x_wconf 88' lang='lat'>¹</span> <span class='ocrx_word' id='word_1_158' title='bbox 1796 2528 1944 2599; x_wconf 87' lang='lat' dir='ltr'>[W.]</span> <span class='ocrx_word' id='word_1_159' title='bbox 1971 2529 2239 2594; x_wconf 88' lang='lat' dir='ltr'><strong>Botrous,</strong></span> <span class='ocrx_word' id='word_1_160' title='bbox 2268 2534 2330 2583; x_wconf 87' lang='lat' dir='ltr'><strong>et</strong></span> <span class='ocrx_word' id='word_1_161' title='bbox 2350 2527 2466 2583; x_wconf 92' lang='lat' dir='ltr'><strong>Do-</strong></span> 
     </span>
     <span class='ocr_line' id='line_1_22' title="bbox 367 2610 2467 2684; baseline 0 -19"><span class='ocrx_word' id='word_1_162' title='bbox 367 2610 561 2667; x_wconf 88' lang='lat' dir='ltr'><strong>minus</strong></span> <span class='ocrx_word' id='word_1_163' title='bbox 578 2610 892 2668; x_wconf 78' lang='lat' dir='ltr'><strong>Matthaeus</strong></span> <span class='ocrx_word' id='word_1_164' title='bbox 919 2612 1211 2684; x_wconf 79' lang='lat' dir='ltr'><strong>Gournay,</strong></span> <span class='ocrx_word' id='word_1_165' title='bbox 1240 2619 1300 2667; x_wconf 88' lang='lat' dir='ltr'><strong>et</strong></span> <span class='ocrx_word' id='word_1_166' title='bbox 1336 2612 1438 2667; x_wconf 84' lang='lat' dir='ltr'><strong>alii</strong></span> <span class='ocrx_word' id='word_1_167' title='bbox 1461 2613 1660 2684; x_wconf 91' lang='lat' dir='ltr'><strong>plures</strong></span> <span class='ocrx_word' id='word_1_168' title='bbox 1685 2612 1902 2668; x_wconf 88' lang='lat' dir='ltr'><strong>milites</strong></span> <span class='ocrx_word' id='word_1_169' title='bbox 1929 2631 2074 2684; x_wconf 89' lang='lat' dir='ltr'><strong>quos</strong></span> <span class='ocrx_word' id='word_1_170' title='bbox 2097 2631 2210 2667; x_wconf 92' lang='lat' dir='ltr'><strong>non</strong></span> <span class='ocrx_word' id='word_1_171' title='bbox 2235 2611 2467 2683; x_wconf 80' lang='lat' dir='ltr'><strong>expedit</strong></span> 
     </span>
     <span class='ocr_line' id='line_1_23' title="bbox 367 2696 2464 2769; baseline 0.001 -20"><span class='ocrx_word' id='word_1_172' title='bbox 367 2711 693 2751; x_wconf 85' lang='lat' dir='ltr'><strong>numerare.</strong></span> <span class='ocrx_word' id='word_1_173' title='bbox 760 2696 892 2764; x_wconf 82' lang='lat' dir='ltr'><strong>Qui,</strong></span> <span class='ocrx_word' id='word_1_174' title='bbox 920 2714 1080 2751; x_wconf 87' lang='lat' dir='ltr'><strong>mare</strong></span> <span class='ocrx_word' id='word_1_175' title='bbox 1109 2702 1496 2763; x_wconf 57' lang='lat' dir='ltr'><strong>transeuntes,</strong></span> <span class='ocrx_word' id='word_1_176' title='bbox 1524 2696 1776 2752; x_wconf 84' lang='lat' dir='ltr'><strong>feliciter</strong></span> <span class='ocrx_word' id='word_1_177' title='bbox 1802 2697 2039 2768; x_wconf 90' lang='lat' dir='ltr'><strong>quidem</strong></span> <span class='ocrx_word' id='word_1_178' title='bbox 2072 2710 2464 2769; x_wconf 81' lang='lat' dir='ltr'><strong>pervenerunt</strong></span> 
     </span>
     <span class='ocr_line' id='line_1_24' title="bbox 366 2778 2460 2853; baseline 0.001 -20"><span class='ocrx_word' id='word_1_179' title='bbox 366 2778 735 2836; x_wconf 83' lang='lat' dir='ltr'><strong>Ulixibonam</strong></span> <span class='ocrx_word' id='word_1_180' title='bbox 759 2780 1078 2847; x_wconf 86' lang='lat' dir='ltr'><strong>civitatem,</strong></span> <span class='ocrx_word' id='word_1_181' title='bbox 1105 2780 1475 2853; x_wconf 85' lang='lat' dir='ltr'><strong>metropolim</strong></span> <span class='ocrx_word' id='word_1_182' title='bbox 1510 2780 1791 2853; x_wconf 86' lang='lat' dir='ltr'><strong>regionis,</strong></span> <span class='ocrx_word' id='word_1_183' title='bbox 1832 2786 1892 2837; x_wconf 91' lang='lat' dir='ltr'><strong>ct</strong></span> <span class='ocrx_word' id='word_1_184' title='bbox 1914 2798 1951 2836; x_wconf 83' lang='lat' dir='ltr'><strong>a</strong></span> <span class='ocrx_word' id='word_1_185' title='bbox 1972 2780 2138 2853; x_wconf 81' lang='lat' dir='ltr'><strong>Rege</strong></span> <span class='ocrx_word' id='word_1_186' title='bbox 2161 2785 2460 2852; x_wconf 85' lang='lat' dir='ltr'><strong>gratanter</strong></span> 
     </span>
     <span class='ocr_line' id='line_1_25' title="bbox 366 2856 2459 2937; baseline 0.001 -20"><span class='ocrx_word' id='word_1_187' title='bbox 366 2870 505 2920; x_wconf 88' lang='lat' dir='ltr'><strong>sunt</strong></span> <span class='ocrx_word' id='word_1_188' title='bbox 550 2865 791 2937; x_wconf 88' lang='lat' dir='ltr'><strong>accepti.</strong></span> <span class='ocrx_word' id='word_1_189' title='bbox 870 2865 987 2920; x_wconf 84' lang='lat' dir='ltr'><strong>Sed</strong></span> <span class='ocrx_word' id='word_1_190' title='bbox 1033 2883 1155 2937; x_wconf 81' lang='lat' dir='ltr'><strong>prae</strong></span> <span class='ocrx_word' id='word_1_191' title='bbox 1201 2866 1495 2937; x_wconf 83' lang='lat' dir='ltr'><strong>paucitate</strong></span> <span class='ocrx_word' id='word_1_192' title='bbox 1556 2884 1663 2922; x_wconf 88' lang='lat' dir='ltr'><strong>sua</strong></span> <span class='ocrx_word' id='word_1_193' title='bbox 1720 2865 1798 2921; x_wconf 84' lang='lat' dir='ltr'><strong>ad</strong></span> <span class='ocrx_word' id='word_1_194' title='bbox 1853 2856 2248 2921; x_wconf 84' lang='lat' dir='ltr'><strong>lacessendam</strong></span> <span class='ocrx_word' id='word_1_195' title='bbox 2306 2865 2459 2920; x_wconf 87' lang='lat' dir='ltr'><strong>bello</strong></span> 
     </span>
     <span class='ocr_line' id='line_1_26' title="bbox 365 2947 2459 3022; baseline 0.001 -21"><span class='ocrx_word' id='word_1_196' title='bbox 365 2947 713 3020; x_wconf 88' lang='lat' dir='ltr'><strong>Hispaniam</strong></span> <span class='ocrx_word' id='word_1_197' title='bbox 768 2948 962 3005; x_wconf 88' lang='lat' dir='ltr'><strong>minus</strong></span> <span class='ocrx_word' id='word_1_198' title='bbox 1023 2950 1165 3022; x_wconf 86' lang='lat' dir='ltr'><strong>apti,</strong></span> <span class='ocrx_word' id='word_1_199' title='bbox 1215 2956 1411 3005; x_wconf 85' lang='lat' dir='ltr'><strong>tamen</strong></span> <span class='ocrx_word' id='word_1_200' title='bbox 1471 2967 1657 3021; x_wconf 85' lang='lat' dir='ltr'><strong>regno</strong></span> <span class='ocrx_word' id='word_1_201' title='bbox 1713 2949 2091 3020; x_wconf 80' lang='lat' dir='ltr'><strong>Portingaliae</strong></span> <span class='ocrx_word' id='word_1_202' title='bbox 2139 2948 2459 3020; x_wconf 81' lang='lat' dir='ltr'><strong>plurimum</strong></span> 
     </span>
     <span class='ocr_line' id='line_1_27' title="bbox 363 3033 2454 3105; baseline 0.001 -19"><span class='ocrx_word' id='word_1_203' title='bbox 363 3034 725 3102; x_wconf 88' lang='lat' dir='ltr'><strong>profuerunt,</strong></span> <span class='ocrx_word' id='word_1_204' title='bbox 772 3034 913 3104; x_wconf 86' lang='lat' dir='ltr'><strong>quia</strong></span> <span class='ocrx_word' id='word_1_205' title='bbox 950 3035 1092 3090; x_wconf 82' lang='lat' dir='ltr'><strong>satis</strong></span> <span class='ocrx_word' id='word_1_206' title='bbox 1133 3034 1312 3090; x_wconf 80' lang='lat' dir='ltr'><strong>fortes</strong></span> <span class='ocrx_word' id='word_1_207' title='bbox 1351 3040 1517 3090; x_wconf 88' lang='lat' dir='ltr'><strong>erant</strong></span> <span class='ocrx_word' id='word_1_208' title='bbox 1551 3033 1626 3089; x_wconf 89' lang='lat' dir='ltr'><strong>ad</strong></span> <span class='ocrx_word' id='word_1_209' title='bbox 1648 3033 2076 3089; x_wconf 84' lang='lat' dir='ltr'><strong>defendendum</strong></span> <span class='ocrx_word' id='word_1_210' title='bbox 2098 3034 2242 3089; x_wconf 90' lang='lat' dir='ltr'><strong>fines</strong></span> <span class='ocrx_word' id='word_1_211' title='bbox 2266 3034 2454 3105; x_wconf 88' lang='lat' dir='ltr'><strong>regni,</strong></span> 
     </span>
    </p>
   </div>
   <div class='ocr_carea' id='block_1_7' title="bbox 295 3117 2453 3190">
    <p class='ocr_par' dir='ltr' id='par_1_7' title="bbox 295 3117 2453 3190">
     <span class='ocr_line' id='line_1_28' title="bbox 295 3117 2453 3190; baseline 0.001 -20"><span class='ocrx_word' id='word_1_212' title='bbox 295 3175 302 3184; x_wconf 56' lang='grc'><em>,</em></span> <span class='ocrx_word' id='word_1_213' title='bbox 362 3122 424 3171; x_wconf 86' lang='lat' dir='ltr'><strong>et</strong></span> <span class='ocrx_word' id='word_1_214' title='bbox 463 3117 894 3189; x_wconf 89' lang='lat' dir='ltr'><strong>impediendum</strong></span> <span class='ocrx_word' id='word_1_215' title='bbox 933 3118 1250 3190; x_wconf 49' lang='lat' dir='ltr'><strong>Hispano&amp;</strong></span> <span class='ocrx_word' id='word_1_216' title='bbox 1290 3119 1386 3173; x_wconf 84' lang='lat' dir='ltr'><strong>vcl</strong></span> <span class='ocrx_word' id='word_1_217' title='bbox 1424 3137 1497 3173; x_wconf 91' lang='lat' dir='ltr'><strong>ne</strong></span> <span class='ocrx_word' id='word_1_218' title='bbox 1539 3118 1826 3175; x_wconf 85' lang='lat' dir='ltr'><strong>intrarent</strong></span> <span class='ocrx_word' id='word_1_219' title='bbox 1859 3136 2107 3189; x_wconf 83' lang='lat' dir='ltr'><strong>regnum</strong></span> <span class='ocrx_word' id='word_1_220' title='bbox 2142 3118 2453 3182; x_wconf 87' lang='lat' dir='ltr'><strong>hostiliter,</strong></span> 
     </span>
    </p>
   </div>
   <div class='ocr_carea' id='block_1_8' title="bbox 360 3201 2755 3358">
    <p class='ocr_par' dir='ltr' id='par_1_8' title="bbox 360 3201 2755 3358">
     <span class='ocr_line' id='line_1_29' title="bbox 360 3201 2594 3274; baseline 0.004 -20"><span class='ocrx_word' id='word_1_221' title='bbox 360 3201 452 3255; x_wconf 83' lang='lat' dir='ltr'><strong>vel</strong></span> <span class='ocrx_word' id='word_1_222' title='bbox 492 3220 598 3273; x_wconf 90' lang='lat' dir='ltr'><strong>pro</strong></span> <span class='ocrx_word' id='word_1_223' title='bbox 634 3203 787 3258; x_wconf 83' lang='lat' dir='ltr'><strong>votis</strong></span> <span class='ocrx_word' id='word_1_224' title='bbox 829 3201 1041 3258; x_wconf 87' lang='lat' dir='ltr'><strong>damna</strong></span> <span class='ocrx_word' id='word_1_225' title='bbox 1075 3202 1279 3258; x_wconf 89' lang='lat' dir='ltr'><strong>incolis</strong></span> <span class='ocrx_word' id='word_1_226' title='bbox 1304 3201 1651 3273; x_wconf 80' lang='lat' dir='ltr'><strong>irrogarent.</strong></span> <span class='ocrx_word' id='word_1_227' title='bbox 1726 3203 1977 3274; x_wconf 85' lang='lat' dir='ltr'><strong>Hispani</strong></span> <span class='ocrx_word' id='word_1_228' title='bbox 2002 3220 2157 3267; x_wconf 85' lang='lat' dir='ltr'><strong>ver0,</strong></span> <span class='ocrx_word' id='word_1_229' title='bbox 2185 3208 2455 3274; x_wconf 86' lang='lat' dir='ltr'><strong>putantes</strong></span> <span class='ocrx_word' id='word_1_230' title='bbox 2483 3213 2594 3264; x_wconf 86' lang='lat' dir='ltr'><strong>The</strong></span> 
     </span>
     <span class='ocr_line' id='line_1_30' title="bbox 361 3281 2755 3358; baseline 0.001 -18"><span class='ocrx_word' id='word_1_231' title='bbox 361 3303 424 3340; x_wconf 87' lang='lat' dir='ltr'><strong>se</strong></span> <span class='ocrx_word' id='word_1_232' title='bbox 473 3286 790 3357; x_wconf 88' lang='lat' dir='ltr'><strong>plurimum</strong></span> <span class='ocrx_word' id='word_1_233' title='bbox 837 3288 1173 3358; x_wconf 88' lang='lat' dir='ltr'><strong>profuturos</strong></span> <span class='ocrx_word' id='word_1_234' title='bbox 1221 3288 1272 3342; x_wconf 91' lang='lat' dir='ltr'><strong>si</strong></span> <span class='ocrx_word' id='word_1_235' title='bbox 1328 3287 1699 3343; x_wconf 81' lang='lat' dir='ltr'><strong>Ulixibonam</strong></span> <span class='ocrx_word' id='word_1_236' title='bbox 1758 3287 2105 3351; x_wconf 86' lang='lat' dir='ltr'><strong>obsiderent,</strong></span> <span class='ocrx_word' id='word_1_237' title='bbox 2158 3287 2220 3341; x_wconf 91' lang='lat' dir='ltr'><strong>in</strong></span> <span class='ocrx_word' id='word_1_238' title='bbox 2280 3305 2453 3357; x_wconf 89' lang='lat' dir='ltr'><strong>quam</strong></span> <span class='ocrx_word' id='word_1_239' title='bbox 2482 3281 2755 3343; x_wconf 67' lang='lat' dir='ltr'><strong>Spaniards</strong></span> 
     </span>
    </p>
   </div>
   <div class='ocr_carea' id='block_1_9' title="bbox 358 3347 2681 3473">
    <p class='ocr_par' dir='ltr' id='par_1_9' title="bbox 358 3347 2681 3473">
     <span class='ocr_line' id='line_1_31' title="bbox 358 3347 2681 3473; baseline -0.001 -49"><span class='ocrx_word' id='word_1_240' title='bbox 358 3376 644 3426; x_wconf 87' lang='lat' dir='ltr'><strong>nostrates</strong></span> <span class='ocrx_word' id='word_1_241' title='bbox 681 3379 1101 3437; x_wconf 89' lang='lat' dir='ltr'><strong>concesserant,</strong></span> <span class='ocrx_word' id='word_1_242' title='bbox 1142 3369 1418 3426; x_wconf 87' lang='lat' dir='ltr'><strong>adhibitis</strong></span> <span class='ocrx_word' id='word_1_243' title='bbox 1454 3372 1701 3427; x_wconf 84' lang='lat' dir='ltr'><strong>navibus</strong></span> <span class='ocrx_word' id='word_1_244' title='bbox 1739 3378 1799 3427; x_wconf 91' lang='lat' dir='ltr'><strong>et</strong></span> <span class='ocrx_word' id='word_1_245' title='bbox 1820 3371 2218 3444; x_wconf 83' lang='lat' dir='ltr'><strong>Hispanorum</strong></span> <span class='ocrx_word' id='word_1_246' title='bbox 2240 3389 2456 3441; x_wconf 86' lang='lat' dir='ltr'><strong>magna</strong></span> <span class='ocrx_word' id='word_1_247' title='bbox 2478 3347 2681 3473; x_wconf 38' lang='lat'><strong>{⁰5:325</strong></span> 
     </span>
    </p>
   </div>
   <div class='ocr_carea' id='block_1_10' title="bbox 354 3453 2764 4034">
    <p class='ocr_par' dir='ltr' id='par_1_10' title="bbox 354 3453 2764 3949">
     <span class='ocr_line' id='line_1_32' title="bbox 359 3453 2709 3531; baseline -0 -21"><span class='ocrx_word' id='word_1_248' title='bbox 359 3455 548 3520; x_wconf 85' lang='lat' dir='ltr'><strong>turba,</strong></span> <span class='ocrx_word' id='word_1_249' title='bbox 612 3456 818 3511; x_wconf 88' lang='lat' dir='ltr'><strong>urbem</strong></span> <span class='ocrx_word' id='word_1_250' title='bbox 876 3453 1174 3511; x_wconf 88' lang='lat' dir='ltr'><strong>obsidione</strong></span> <span class='ocrx_word' id='word_1_251' title='bbox 1234 3455 1558 3522; x_wconf 78' lang='lat' dir='ltr'><strong>vallarunt3</strong></span> <span class='ocrx_word' id='word_1_252' title='bbox 1635 3455 1740 3512; x_wconf 89' lang='lat' dir='ltr'><strong>sed</strong></span> <span class='ocrx_word' id='word_1_253' title='bbox 1798 3463 1934 3510; x_wconf 89' lang='lat' dir='ltr'><strong>tune</strong></span> <span class='ocrx_word' id='word_1_254' title='bbox 1983 3455 2181 3511; x_wconf 90' lang='lat' dir='ltr'><strong>datum</strong></span> <span class='ocrx_word' id='word_1_255' title='bbox 2230 3461 2319 3510; x_wconf 89' lang='lat' dir='ltr'><strong>est</strong></span> <span class='ocrx_word' id='word_1_256' title='bbox 2366 3454 2452 3510; x_wconf 90' lang='lat' dir='ltr'><strong>eis</strong></span> <span class='ocrx_word' id='word_1_257' title='bbox 2475 3480 2643 3531; x_wconf 57' lang='lat' dir='ltr'><strong>which</strong></span> <span class='ocrx_word' id='word_1_258' title='bbox 2664 3483 2709 3531; x_wconf 67' lang='lat'><strong>5⁸</strong></span> 
     </span>
     <span class='ocr_line' id='line_1_33' title="bbox 356 3538 2694 3612; baseline 0.002 -18"><span class='ocrx_word' id='word_1_259' title='bbox 356 3558 706 3610; x_wconf 84' lang='lat' dir='ltr'><strong>cognoscere</strong></span> <span class='ocrx_word' id='word_1_260' title='bbox 754 3540 1034 3596; x_wconf 81' lang='lat' dir='ltr'><strong>virtutem</strong></span> <span class='ocrx_word' id='word_1_261' title='bbox 1080 3538 1429 3612; x_wconf 86' lang='lat' dir='ltr'><strong>Anglorum.</strong></span> <span class='ocrx_word' id='word_1_262' title='bbox 1526 3539 1683 3595; x_wconf 84' lang='lat' dir='ltr'><strong>Nam</strong></span> <span class='ocrx_word' id='word_1_263' title='bbox 1729 3558 1863 3595; x_wconf 91' lang='lat' dir='ltr'><strong>cum</strong></span> <span class='ocrx_word' id='word_1_264' title='bbox 1910 3557 2015 3611; x_wconf 88' lang='lat' dir='ltr'><strong>per</strong></span> <span class='ocrx_word' id='word_1_265' title='bbox 2061 3539 2278 3594; x_wconf 91' lang='lat' dir='ltr'><strong>multos</strong></span> <span class='ocrx_word' id='word_1_266' title='bbox 2325 3538 2450 3594; x_wconf 90' lang='lat' dir='ltr'><strong>dies</strong></span> <span class='ocrx_word' id='word_1_267' title='bbox 2475 3560 2694 3598; x_wconf 78' lang='lat' dir='ltr'><strong>success-</strong></span> 
     </span>
     <span class='ocr_line' id='line_1_34' title="bbox 355 3612 2705 3695; baseline -0 -17"><span class='ocrx_word' id='word_1_268' title='bbox 355 3624 561 3679; x_wconf 89' lang='lat' dir='ltr'><strong>urbem</strong></span> <span class='ocrx_word' id='word_1_269' title='bbox 608 3625 1136 3689; x_wconf 87' lang='lat' dir='ltr'><strong>circumsedissent,</strong></span> <span class='ocrx_word' id='word_1_270' title='bbox 1189 3630 1251 3679; x_wconf 88' lang='lat' dir='ltr'><strong>et</strong></span> <span class='ocrx_word' id='word_1_271' title='bbox 1305 3623 1456 3678; x_wconf 87' lang='lat' dir='ltr'><strong>nihil</strong></span> <span class='ocrx_word' id='word_1_272' title='bbox 1513 3630 1729 3695; x_wconf 83' lang='lat' dir='ltr'><strong>praetcr</strong></span> <span class='ocrx_word' id='word_1_273' title='bbox 1787 3623 2032 3678; x_wconf 76' lang='lat' dir='ltr'><strong>verbera</strong></span> <span class='ocrx_word' id='word_1_274' title='bbox 2091 3630 2152 3678; x_wconf 90' lang='lat' dir='ltr'><strong>et</strong></span> <span class='ocrx_word' id='word_1_275' title='bbox 2210 3628 2452 3677; x_wconf 89' lang='lat' dir='ltr'><strong>cruenta</strong></span> <span class='ocrx_word' id='word_1_276' title='bbox 2475 3612 2605 3677; x_wconf 68' lang='lat' dir='ltr'><strong>fully</strong></span> <span class='ocrx_word' id='word_1_277' title='bbox 2620 3616 2705 3664; x_wconf 72' lang='lat' dir='ltr'><strong>de·</strong></span> 
     </span>
     <span class='ocr_line' id='line_1_35' title="bbox 354 3680 2764 3798; baseline -0 -35"><span class='ocrx_word' id='word_1_278' title='bbox 354 3709 599 3763; x_wconf 72' lang='lat' dir='ltr'><strong>vulnera</strong></span> <span class='ocrx_word' id='word_1_279' title='bbox 656 3709 866 3765; x_wconf 86' lang='lat' dir='ltr'><strong>lucrati</strong></span> <span class='ocrx_word' id='word_1_280' title='bbox 944 3706 1210 3773; x_wconf 79' lang='lat' dir='ltr'><strong>fuissent,</strong></span> <span class='ocrx_word' id='word_1_281' title='bbox 1286 3708 1540 3773; x_wconf 88' lang='lat' dir='ltr'><strong>tandem,</strong></span> <span class='ocrx_word' id='word_1_282' title='bbox 1604 3726 1739 3764; x_wconf 90' lang='lat' dir='ltr'><strong>cum</strong></span> <span class='ocrx_word' id='word_1_283' title='bbox 1808 3707 2087 3763; x_wconf 89' lang='lat' dir='ltr'><strong>dedecore</strong></span> <span class='ocrx_word' id='word_1_284' title='bbox 2159 3707 2448 3763; x_wconf 82' lang='lat' dir='ltr'><strong>solventes</strong></span> <span class='ocrx_word' id='word_1_285' title='bbox 2474 3680 2764 3798; x_wconf 44' lang='lat' dir='ltr'><strong>{23⁶5}th</strong></span> 
     </span>
     <span class='ocr_line' id='line_1_36' title="bbox 355 3790 2704 3879; baseline -0.001 -33"><span class='ocrx_word' id='word_1_286' title='bbox 355 3792 732 3858; x_wconf 89' lang='lat' dir='ltr'><strong>obsidionem,</strong></span> <span class='ocrx_word' id='word_1_287' title='bbox 774 3793 849 3849; x_wconf 89' lang='lat' dir='ltr'><strong>ad</strong></span> <span class='ocrx_word' id='word_1_288' title='bbox 884 3794 1123 3865; x_wconf 84' lang='lat' dir='ltr'><strong>propria</strong></span> <span class='ocrx_word' id='word_1_289' title='bbox 1167 3799 1552 3848; x_wconf 84' lang='lat' dir='ltr'><strong>recesserunt.</strong></span> <span class='ocrx_word' id='word_1_290' title='bbox 1646 3792 1956 3848; x_wconf 85' lang='lat' dir='ltr'><strong>Nostrates</strong></span> <span class='ocrx_word' id='word_1_291' title='bbox 2003 3790 2207 3862; x_wconf 85' lang='lat' dir='ltr'><strong>igitur,</strong></span> <span class='ocrx_word' id='word_1_292' title='bbox 2248 3808 2448 3845; x_wconf 91' lang='lat' dir='ltr'><strong>eorum</strong></span> <span class='ocrx_word' id='word_1_293' title='bbox 2471 3813 2704 3879; x_wconf 51' lang='lat' dir='ltr'><strong>English·</strong></span> 
     </span>
     <span class='ocr_line' id='line_1_37' title="bbox 354 3874 2447 3949; baseline 0 -18"><span class='ocrx_word' id='word_1_294' title='bbox 354 3883 767 3948; x_wconf 85' lang='lat' dir='ltr'><strong>cognoscentes</strong></span> <span class='ocrx_word' id='word_1_295' title='bbox 805 3877 1117 3949; x_wconf 83' lang='lat' dir='ltr'><strong>ignaviam,</strong></span> <span class='ocrx_word' id='word_1_296' title='bbox 1143 3877 1278 3948; x_wconf 89' lang='lat' dir='ltr'><strong>plus</strong></span> <span class='ocrx_word' id='word_1_297' title='bbox 1303 3876 1542 3932; x_wconf 86' lang='lat' dir='ltr'><strong>animati</strong></span> <span class='ocrx_word' id='word_1_298' title='bbox 1567 3882 1722 3941; x_wconf 89' lang='lat' dir='ltr'><strong>sunt,</strong></span> <span class='ocrx_word' id='word_1_299' title='bbox 1763 3881 1823 3931; x_wconf 89' lang='lat' dir='ltr'><strong>et</strong></span> <span class='ocrx_word' id='word_1_300' title='bbox 1858 3874 2070 3947; x_wconf 77' lang='lat' dir='ltr'><strong>saepius</strong></span> <span class='ocrx_word' id='word_1_301' title='bbox 2093 3893 2200 3946; x_wconf 91' lang='lat' dir='ltr'><strong>pro</strong></span> <span class='ocrx_word' id='word_1_302' title='bbox 2223 3875 2447 3931; x_wconf 83' lang='lat' dir='ltr'><strong>viribus</strong></span> 
     </span>
    </p>

    <p class='ocr_par' dir='ltr' id='par_1_11' title="bbox 354 3958 2445 4034">
     <span class='ocr_line' id='line_1_38' title="bbox 354 3958 2445 4034; baseline 0 -19"><span class='ocrx_word' id='word_1_303' title='bbox 354 3967 415 4017; x_wconf 89' lang='lat' dir='ltr'><strong>et</strong></span> <span class='ocrx_word' id='word_1_304' title='bbox 436 3978 676 4017; x_wconf 90' lang='lat' dir='ltr'><strong>numero</strong></span> <span class='ocrx_word' id='word_1_305' title='bbox 700 3958 995 4034; x_wconf 89' lang='lat' dir='ltr'><strong>Hispanos</strong></span> <span class='ocrx_word' id='word_1_306' title='bbox 1020 3962 1336 4026; x_wconf 79' lang='lat' dir='ltr'><strong>irritantes,</strong></span> <span class='ocrx_word' id='word_1_307' title='bbox 1358 3961 1738 4033; x_wconf 81' lang='lat' dir='ltr'><strong>expectabant</strong></span> <span class='ocrx_word' id='word_1_308' title='bbox 1759 3958 2036 4015; x_wconf 87' lang='lat' dir='ltr'><strong>audacius</strong></span> <span class='ocrx_word' id='word_1_309' title='bbox 2063 3959 2127 4013; x_wconf 86' lang='lat' dir='ltr'><strong>in</strong></span> <span class='ocrx_word' id='word_1_310' title='bbox 2150 3965 2307 4014; x_wconf 88' lang='lat' dir='ltr'><strong>terra</strong></span> <span class='ocrx_word' id='word_1_311' title='bbox 2323 3958 2445 4026; x_wconf 83' lang='lat' dir='ltr'><strong>illa,</strong></span> 
     </span>
    </p>
   </div>
   <div class='ocr_carea' id='block_1_11' title="bbox 353 4041 2445 4120">
    <p class='ocr_par' dir='ltr' id='par_1_12' title="bbox 353 4041 2445 4120">
     <span class='ocr_line' id='line_1_39' title="bbox 353 4041 2445 4120; baseline -0.001 -19"><span class='ocrx_word' id='word_1_312' title='bbox 353 4042 535 4103; x_wconf 86' lang='lat' dir='ltr'><strong>donec</strong></span> <span class='ocrx_word' id='word_1_313' title='bbox 566 4048 836 4104; x_wconf 78' lang='lat' dir='ltr'><strong>fortassis</strong></span> <span class='ocrx_word' id='word_1_314' title='bbox 873 4066 945 4103; x_wconf 79' lang='lat' dir='ltr'><strong>ex</strong></span> <span class='ocrx_word' id='word_1_315' title='bbox 978 4047 1200 4119; x_wconf 82' lang='lat' dir='ltr'><strong>Anglia</strong></span> <span class='ocrx_word' id='word_1_316' title='bbox 1233 4048 1433 4120; x_wconf 88' lang='lat' dir='ltr'><strong>plures</strong></span> <span class='ocrx_word' id='word_1_317' title='bbox 1455 4045 1782 4103; x_wconf 81' lang='lat' dir='ltr'><strong>,bellatores</strong></span> <span class='ocrx_word' id='word_1_318' title='bbox 1807 4044 2179 4100; x_wconf 87' lang='lat' dir='ltr'><strong>mitterentur</strong></span> <span class='ocrx_word' id='word_1_319' title='bbox 2204 4041 2445 4099; x_wconf 89' lang='lat' dir='ltr'><strong>eisdem.</strong></span> 
     </span>
    </p>
   </div>
   <div class='ocr_carea' id='block_1_12' title="bbox 350 4245 2449 4421">
    <p class='ocr_par' dir='ltr' id='par_1_13' title="bbox 350 4245 2449 4421">
     <span class='ocr_line' id='line_1_40' title="bbox 350 4245 2449 4339; baseline -0.001 -22"><span class='ocrx_word' id='word_1_320' title='bbox 350 4248 454 4317; x_wconf 75' lang='lat' dir='ltr'><strong>De</strong></span> <span class='ocrx_word' id='word_1_321' title='bbox 510 4251 798 4320; x_wconf 72' lang='lat' dir='ltr'><strong>miseria</strong></span> <span class='ocrx_word' id='word_1_322' title='bbox 855 4273 1008 4339; x_wconf 76' lang='lat' dir='ltr'><strong>qwoe</strong></span> <span class='ocrx_word' id='word_1_323' title='bbox 1068 4249 1350 4337; x_wconf 70' lang='lat' dir='ltr'><strong>contiyit</strong></span> <span class='ocrx_word' id='word_1_324' title='bbox 1402 4247 1685 4334; x_wconf 75' lang='lat' dir='ltr'><strong>Anyliae</strong></span> <span class='ocrx_word' id='word_1_325' title='bbox 1742 4245 1832 4314; x_wconf 73' lang='lat' dir='ltr'><strong>in</strong></span> <span class='ocrx_word' id='word_1_326' title='bbox 1886 4246 2449 4315; x_wconf 73' lang='lat' dir='ltr'><strong>Tumultuatione</strong></span> 
     </span>
     <span class='ocr_line' id='line_1_41' title="bbox 663 4349 2130 4421; baseline -0.003 0"><span class='ocrx_word' id='word_1_327' title='bbox 663 4354 1113 4421; x_wconf 67' lang='lat' dir='ltr'><strong>Raeticarum</strong></span> <span class='ocrx_word' id='word_1_328' title='bbox 1159 4360 1218 4419; x_wconf 81' lang='lat' dir='ltr'><strong>et</strong></span> <span class='ocrx_word' id='word_1_329' title='bbox 1263 4350 1571 4419; x_wconf 71' lang='lat' dir='ltr'><strong>alim-um</strong></span> <span class='ocrx_word' id='word_1_330' title='bbox 1622 4349 2130 4418; x_wconf 75' lang='lat' dir='ltr'><strong>Communium.</strong></span> 
     </span>
    </p>
   </div>
   <div class='ocr_carea' id='block_1_13' title="bbox 355 4501 2450 4661">
    <p class='ocr_par' dir='ltr' id='par_1_14' title="bbox 355 4501 2450 4661">
     <span class='ocr_line' id='line_1_42' title="bbox 427 4501 2446 4575; baseline -0.003 -14"><span class='ocrx_word' id='word_1_331' title='bbox 427 4506 600 4561; x_wconf 84' lang='lat' dir='ltr'><strong>Circa</strong></span> <span class='ocrx_word' id='word_1_332' title='bbox 634 4512 868 4575; x_wconf 87' lang='lat' dir='ltr'><strong>tempus</strong></span> <span class='ocrx_word' id='word_1_333' title='bbox 906 4504 1071 4570; x_wconf 89' lang='lat' dir='ltr'><strong>illud,</strong></span> <span class='ocrx_word' id='word_1_334' title='bbox 1100 4502 1428 4575; x_wconf 88' lang='lat' dir='ltr'><strong>Anglorum</strong></span> <span class='ocrx_word' id='word_1_335' title='bbox 1465 4518 1738 4572; x_wconf 86' lang='lat' dir='ltr'><strong>regnum,</strong></span> <span class='ocrx_word' id='word_1_336' title='bbox 1764 4517 1870 4571; x_wconf 87' lang='lat' dir='ltr'><strong>pro</strong></span> <span class='ocrx_word' id='word_1_337' title='bbox 1892 4501 2148 4572; x_wconf 82' lang='lat' dir='ltr'><strong>peccatis</strong></span> <span class='ocrx_word' id='word_1_338' title='bbox 2187 4501 2446 4573; x_wconf 83' lang='lat' dir='ltr'><strong>affligen-</strong></span> 
     </span>
     <span class='ocr_line' id='line_1_43' title="bbox 355 4583 2450 4661; baseline -0.001 -18"><span class='ocrx_word' id='word_1_339' title='bbox 355 4589 514 4653; x_wconf 90' lang='lat' dir='ltr'><strong>dum,</strong></span> <span class='ocrx_word' id='word_1_340' title='bbox 553 4608 833 4661; x_wconf 85' lang='lat' dir='ltr'><strong>magnum</strong></span> <span class='ocrx_word' id='word_1_341' title='bbox 879 4594 1118 4660; x_wconf 87' lang='lat' dir='ltr'><strong>repente</strong></span> <span class='ocrx_word' id='word_1_342' title='bbox 1154 4594 1216 4643; x_wconf 90' lang='lat' dir='ltr'><strong>et</strong></span> <span class='ocrx_word' id='word_1_343' title='bbox 1260 4584 1586 4641; x_wconf 88' lang='lat' dir='ltr'><strong>inauditum</strong></span> <span class='ocrx_word' id='word_1_344' title='bbox 1655 4583 1879 4639; x_wconf 85' lang='lat' dir='ltr'><strong>cunctis</strong></span> <span class='ocrx_word' id='word_1_345' title='bbox 1943 4586 2172 4641; x_wconf 82' lang='lat' dir='ltr'><strong>saeculis</strong></span> <span class='ocrx_word' id='word_1_346' title='bbox 2236 4586 2450 4642; x_wconf 83' lang='lat' dir='ltr'><strong>sensite</strong></span> 
     </span>
    </p>
   </div>
   <div class='ocr_carea' id='block_1_14' title="bbox 357 4661 2448 4746">
    <p class='ocr_par' dir='ltr' id='par_1_15' title="bbox 357 4661 2448 4746">
     <span class='ocr_line' id='line_1_44' title="bbox 357 4661 2448 4746; baseline -0.003 -17"><span class='ocrx_word' id='word_1_347' title='bbox 357 4674 480 4730; x_wconf 85' lang='lat' dir='ltr'><strong>suis</strong></span> <span class='ocrx_word' id='word_1_348' title='bbox 511 4674 794 4741; x_wconf 24' lang='lat' dir='ltr'><strong>*membris</strong></span> <span class='ocrx_word' id='word_1_349' title='bbox 833 4673 1200 4746; x_wconf 84' lang='lat' dir='ltr'><strong>dispendium</strong></span> <span class='ocrx_word' id='word_1_350' title='bbox 1249 4686 1580 4736; x_wconf 80' lang='lat' dir='ltr'><strong>emanasse3</strong></span> <span class='ocrx_word' id='word_1_351' title='bbox 1633 4668 1790 4739; x_wconf 87' lang='lat' dir='ltr'><strong>quod</strong></span> <span class='ocrx_word' id='word_1_352' title='bbox 1836 4661 1950 4723; x_wconf 86' lang='lat' dir='ltr'><strong>nisi</strong></span> <span class='ocrx_word' id='word_1_353' title='bbox 2000 4669 2180 4734; x_wconf 88' lang='lat' dir='ltr'><strong>Deus,</strong></span> <span class='ocrx_word' id='word_1_354' title='bbox 2221 4671 2448 4725; x_wconf 84' lang='lat' dir='ltr'><strong>miseri-</strong></span> 
     </span>
    </p>
   </div>
   <div class='ocr_carea' id='block_1_15' title="bbox 2032 4810 2279 4819">
    <p class='ocr_par' dir='ltr' id='par_1_16' title="bbox 2032 4810 2279 4819">
     <span class='ocr_line' id='line_1_45' title="bbox 2032 4810 2279 4819; baseline 0 798"><span class='ocrx_word' id='word_1_355' title='bbox 2032 4810 2279 4819; x_wconf 95' lang='lat' dir='ltr'><strong> </strong></span> 
     </span>
    </p>
   </div>
   <div class='ocr_carea' id='block_1_16' title="bbox 457 4878 2337 4962">
    <p class='ocr_par' dir='ltr' id='par_1_17' title="bbox 457 4878 2337 4962">
     <span class='ocr_line' id='line_1_46' title="bbox 457 4878 2337 4962; baseline -0.003 -15"><span class='ocrx_word' id='word_1_356' title='bbox 457 4898 471 4928; x_wconf 83' lang='lat'>¹</span> <span class='ocrx_word' id='word_1_357' title='bbox 496 4895 738 4962; x_wconf 77' lang='lat' dir='ltr'><strong>supplied</strong></span> <span class='ocrx_word' id='word_1_358' title='bbox 760 4896 892 4947; x_wconf 82' lang='lat' dir='ltr'><strong>from</strong></span> <span class='ocrx_word' id='word_1_359' title='bbox 916 4894 1052 4945; x_wconf 87' lang='lat' dir='ltr'><strong>Bibl.</strong></span> <span class='ocrx_word' id='word_1_360' title='bbox 1073 4894 1202 4960; x_wconf 80' lang='lat' dir='ltr'><strong>Reg.</strong></span> <span class='ocrx_word' id='word_1_361' title='bbox 1233 4896 1292 4943; x_wconf 84' lang='lat'><strong>13</strong></span> <span class='ocrx_word' id='word_1_362' title='bbox 1323 4891 1385 4943; x_wconf 86' lang='grc' dir='ltr'><strong>Ε.</strong></span> <span class='ocrx_word' id='word_1_363' title='bbox 1411 4891 1483 4942; x_wconf 86' lang='lat' dir='ltr'><strong>ix.</strong></span> <span class='ocrx_word' id='word_1_364' title='bbox 1509 4909 1522 4941; x_wconf 74' lang='grc' dir='ltr'><strong>ε</strong></span> <span class='ocrx_word' id='word_1_365' title='bbox 1560 4888 1767 4941; x_wconf 83' lang='lat' dir='ltr'><strong>omitted</strong></span> <span class='ocrx_word' id='word_1_366' title='bbox 1788 4889 1843 4940; x_wconf 87' lang='lat' dir='ltr'><strong>in</strong></span> <span class='ocrx_word' id='word_1_367' title='bbox 1869 4878 1953 4942; x_wconf 77' lang='lat' dir='ltr'><strong>the</strong></span> <span class='ocrx_word' id='word_1_368' title='bbox 1970 4888 2167 4955; x_wconf 84' lang='lat' dir='ltr'><strong>printed</strong></span> <span class='ocrx_word' id='word_1_369' title='bbox 2191 4897 2337 4942; x_wconf 77' lang='lat' dir='ltr'><strong>texts.</strong></span> 
     </span>
    </p>
   </div>
  </div>
 </body>
</html>
