3300 5617
1068 766 1400 821 ms‘romA
1429 765 1846 819 mouens.
2366 755 2502 823 393

75 958 157 1009 [S.
184 958 342 1013 Bibl.
409 970 734 1026 scoporum,
781 958 845 1010 et
890 951 1050 1010 ultra
1094 969 1203 1024 pro
1249 952 1548 1009 monachis
1598 953 1723 1009 suis
1760 953 1941 1009 donee
1978 951 2282 1008 excederet
2317 958 2508 1007 texam
2531 954 2669 1005 A.D.
2699 956 2841 1004 1379.

75 1031 280 1143 &3¹³

408 1037 694 1093 ¹Ducum.
767 1036 989 1093 Nullus
1025 1042 1331 1108 praeterea,
1374 1036 1773 1102 Justiciarius,
1800 1037 2166 1102 Viceeomes,
2207 1037 2377 1091 miles
2412 1038 2509 1091 vel

407 1122 684 1192 armiger,
724 1125 933 1186 rector,
977 1120 1257 1186 vicariae,
1298 1120 1395 1177 vel
1445 1121 1696 1193 simplex
1742 1120 2094 1192 capellanus,
2150 1120 2511 1190 subterfugit

406 1206 556 1261 hanc
613 1211 840 1271 taxam3
904 1204 1009 1259 sed
1068 1204 1120 1259 si
1179 1204 1454 1260 habitura
1512 1205 1593 1261 sit
1655 1208 1692 1233 ‘⁴
1715 1210 1958 1261 eventus
2020 1204 2256 1261 sordida
2313 1204 2512 1276 pracda

412 1292 450 1317 “
488 1289 727 1355 bonos,”
765 1289 927 1345 Deus
961 1288 1142 1344 novit.

796 1483 1063 1552 Bellum
1113 1483 1328 1570 Papoe
1374 1488 1612 1550 contra
1664 1482 2122 1572 Antipapam.

483 1616 615 1673 Hoc
650 1633 818 1681 anne,
845 1619 980 1688 post
1000 1614 1229 1671 Pascha
1252 1612 1489 1668 Domini
1512 1612 1737 1669 Urbani
1762 1614 1937 1685 Papae
1969 1615 2209 1682 milites,
2237 1635 2373 1675 cum
2401 1617 2517 1673 Ro-
2541 1629 2723 1680 Defeat
2744 1630 2806 1680 of

414 1719 717 1757 manorum
740 1705 801 1763 et
828 1698 1172 1755 Italicorum
1196 1697 1473 1761 exercitu,
1511 1697 1772 1753 inierunt
1801 1697 2022 1752 bellum
2044 1698 2326 1756 adversus
2349 1702 2518 1756 Anti·
2541 1697 2629 1747 the
2642 1712 2785 1774 army<y
2799 1696 2860 1745 of

414 1804 579 1859 papae
602 1784 941 1848 exercitum,
963 1782 1067 1853 qui
1090 1781 1237 1837 dicit
1259 1798 1322 1836 se
1353 1783 1389 1806 “
1410 1779 1834 1845 Clementem,'’
1861 1787 1921 1836 et
1943 1781 2226 1838 adversus
2245 1784 2517 1840 Britones
2549 1764 2634 1813 ¹¹¹⁰
2649 1766 2802 1812 Anu-

417 1871 519 1941 qui
555 1869 789 1925 omnino
826 1867 1100 1923 favebant
1135 1865 1362 1931 eidcm3
1404 1869 1465 1919 et
1499 1864 1681 1919 cessit
1715 1866 1933 1920 nostris
1973 1866 2241 1933 victoria,
2287 1869 2519 1925 favente
2544 1830 2806 1947 {eget-Cle-

417 1954 561 2018 Deo,
588 1952 882 2020 occisique
902 1956 1040 2005 sunt
1063 1966 1134 2003 ex
1155 1947 1605 2020 Antipapalibus
1638 1949 1900 2019 quinque
1925 1949 2114 2004 millia
2138 1952 2262 2007 sive
2293 1953 2515 2024 plures,

417 2056 487 2093 ex
528 2034 932 2092 communibus
975 2033 1285 2097 exercitae,
1314 2037 1374 2087 et
1409 2032 1603 2103 ²capti
1639 2031 1860 2087 milites
1898 2034 2222 2104 sexaginta,
2250 2054 2389 2091 cum
2426 2054 2520 2091 eo-

416 2137 550 2175 rum
574 2117 1031 2190 campi-ductore
1056 2115 1355 2171 Bai-nardo
1381 2114 1636 2171 Delsale.
1690 2114 1858 2184 Quod
1881 2115 2143 2183 audiens,
2169 2137 2286 2174 non
2308 2121 2328 2150 ⁸
2345 2118 2517 2191 [jam]

421 2204 710 2267 Clemens,
739 2201 843 2258 sed
865 2217 1012 2273 pene
1041 2203 1078 2227 ‘⁸
1096 2198 1396 2263 demens,'’
1436 2199 1625 2255 factus
1662 2199 1976 2272 Antipapa,
2004 2203 2230 2259 concito
2254 2205 2412 2275 fugit
2446 2205 2522 2259 ad

422 2286 711 2359 quoddam
747 2290 1007 2341 castrum
1024 2283 1271 2354 Reginae
1306 2282 1608 2355 Neapolis,
1638 2283 1794 2355 quod
1829 2290 2072 2341 vocatur
2101 2289 2139 2313 ‘⁶
2169 2285 2519 2358 Spelunca,'’
2548 2300 2629 2349 ΗΕ
2649 2300 2791 2350 takes

421 2371 642 2426 ibidem
696 2369 934 2424 latitans
973 2373 1034 2423 et
1068 2368 1132 2422 in
1168 2374 1328 2423 terra
1382 2366 1629 2423 Comitis
1667 2366 2029 2432 Fundorum,
2072 2368 2254 2424 donec
2305 2371 2523 2425 furtive
2546 2366 2719 2444 reflffge
2741 2374 2792 2415 at

423 2462 788 2511 transvectus
813 2457 905 2508 est
926 2469 962 2507 a
986 2450 1377 2507 schismaticis
1400 2450 1770 2505 Avinionem.
1849 2450 2135 2523 Sperabat
2156 2454 2437 2508 nimirum
2459 2454 2524 2509 in
2547 2433 2806 2498 Awgnom

422 2538 630 2594 umbra
665 2536 892 2591 alarum
915 2535 1102 2607 Regis
1140 2534 1423 2599 Franciae,
1454 2551 1630 2605 quem
1666 2535 1831 2591 novit
1865 2536 2020 2606 parti
2059 2555 2181 2592 suae
2219 2537 2435 2604 favere,
2464 2543 2525 2593 et

422 2623 640 2678 idcirco
665 2620 835 2676 illum
858 2620 1058 2675 locum
1083 2636 1191 2690 pro
1214 2618 1426 2689 majori
1461 2618 1776 2673 securitate
1811 2618 1832 2650 ⁴
1848 2621 2079 2676 censuit
2114 2622 2519 2693 expetendum.

423 2705 472 2762 Ο
510 2703 869 2768 detestanda,
910 2702 1172 2775 profana,
1219 2700 1566 2766 damnanda,
1606 2719 1723 2756 non
1759 2702 2110 2772 ignorantia,
2153 2705 2258 2760 sed
2292 2705 2524 2760 malitia
2552 2723 2774 2776 Consum
2791 2727 2850 2776 of

424 2789 603 2861 hujus
640 2785 859 2858 Regis!
900 2786 1004 2856 qui
1040 2802 1155 2841 non
1192 2784 1428 2855 ignorat
1463 2802 1639 2856 quam
1682 2783 1959 2855 injustus,
1990 2805 2168 2858 quam
2205 2789 2518 2855 invaliduS,
2548 2792 2634 2842 the
2656 2802 2863 2856 support

425 2891 600 2945 quam
652 2871 812 2936 vilis,
877 2870 958 2926 sit
1021 2868 1234 2926 titulus
1292 2868 1472 2939 hujus
1536 2867 1970 2941 pseudo-papae,
2038 2879 2100 2926 et
2155 2878 2353 2927 tamen
2411 2892 2526 2928 non
2550 2858 2772 2937 ⁸5⁰¹de

425 2957 614 3013 solum
649 2955 712 3009 in
746 2954 1067 3027 perniciem
1102 2953 1311 3007 animae
1351 2970 1472 3007 suae
1509 2952 1613 3007 sed
1647 2952 1970 3009 multorum
2005 2954 2430 3011 damnationem
2468 2964 2528 3013 et
2551 2926 2656 3040 {¹33}
2679 2927 2862 3043 bgfthc

424 3041 746 3104 interitum,
775 3044 835 3095 et
868 3037 1049 3094 totius
1084 3036 1366 3093 Ecclesiae
1402 3037 1883 3102 submersionem,
1921 3038 2130 3094 nititur
2153 3039 2272 3095 tale
2307 3040 2528 3095 idolum
2553 3010 2763 3110 Εηξυρ,

426 3124 686 3187 adorare,
737 3121 947 3185 colere,
993 3125 1056 3176 et
1089 3119 1364 3176 exaltare.
1442 3119 1762 3175 Constabat
1795 3121 2002 3193 utique
2041 3123 2174 3188 sibi,
2221 3124 2377 3194 quod
2411 3142 2528 3180 non

425 3207 669 3263 intravit
718 3223 824 3278 per
878 3204 1111 3269 ostium,
1152 3203 1258 3259 sed
1292 3203 1556 3259 ascendit
1590 3203 1850 3269 aliunde,
1889 3205 2166 3262 videlicet
2199 3226 2305 3279 per
2339 3226 2527 3264 mace·

426 3292 617 3356 riam;
658 3294 719 3345 et
770 3289 902 3344 ideo
952 3286 1300 3343 damnabilis
1352 3286 1480 3358 ejus
1535 3287 1703 3343 favor
1757 3288 2026 3344 omnibus
2076 3290 2349 3347 fidelibus
2400 3309 2529 3347 esse

426 3375 680 3431 videtur.
783 3373 1137 3444 Susceperat
1190 3371 1467 3442 equidem
1522 3371 1802 3443 epistolas
1852 3372 2136 3443 ejusdem,
2201 3384 2335 3447 post
2381 3376 2529 3432 elec-

427 3460 645 3515 tionem
698 3456 923 3512 Urbani
988 3456 1185 3527 Papoe,
1249 3454 1321 3509 de
1375 3454 1505 3526 ejus
1571 3455 1857 3510 electione
1933 3458 2223 3523 concordi,
2277 3459 2349 3515 de
2403 3460 2531 3531 ejus

426 3541 891 3604 intronizatione,
950 3539 1114 3604 solio,
1158 3544 1219 3594 et
1270 3538 1423 3603 aliis,
1472 3556 1603 3609 quae
1657 3557 1866 3594 verum
1920 3540 2085 3596 Petri
2137 3561 2532 3598 successorem

429 3626 731 3690 decerent3
771 3622 926 3679 unde
978 3622 1130 3677 nihil
1177 3621 1339 3677 aliud
1373 3622 1609 3678 videtur
1645 3624 1839 3678 facere
1889 3625 2007 3680 nisi
2043 3625 2260 3682 talibus
2298 3645 2534 3683 consen-

428 3710 559 3773 tire,
589 3708 692 3779 qui
729 3707 936 3763 dicunt
968 3723 1175 3762 verum
1211 3705 1445 3771 falsum,
1475 3711 1536 3761 et
1571 3706 1786 3762 falsum
1820 3725 2047 3764 verum.

498 3791 786 3849 Audierat
819 3792 1077 3862 insuper,
1118 3790 1273 3846 sicut
1293 3807 1401 3845 nec
1438 3806 1573 3844 eum
1607 3790 1790 3847 latere
1814 3798 2060 3864 poterat,
2089 3795 2366 3866 epistolas
2392 3814 2534 3867 quas
2562 3782 2864 3873 Conductof

431 3879 587 3934 idem
611 3877 682 3933 de
708 3893 919 3948 gressu
942 3873 1165 3931 Urbani
1188 3874 1365 3946 Papae
1391 3892 1495 3929 suo
1520 3876 1970 3946 consanguineo,
1990 3878 2204 3933 Comiti
2222 3879 2532 3946 Flandriae,
2562 3889 2790 3939 Clement
2801 3903 2866 3937 on

431 3962 738 4025 direxerat,
767 3959 981 4030 quibus
1006 3975 1141 4013 eum
1163 3958 1360 4014 verbis
1386 3959 1928 4029 commendaverat3
1970 3980 2218 4034 quorum
2244 3964 2532 4030 effectum,
2561 3956 2644 4006 the
2661 3956 2786 4005 elec·

433 4046 545 4100 etsi
594 4062 710 4099 non
751 4043 984 4098 omnino
1043 4047 1324 4107 tenorem,
1388 4042 1596 4108 dicam,
1649 4050 1717 4098 ut
1763 4063 1868 4116 per
1927 4046 2053 4101 haec
2119 4047 2247 4117 ejus
2313 4049 2538 4104 malitia
2562 4022 2671 4071 *1⁰¹²
2694 4022 2755 4071 ⁰f
2771 4022 2868 4071 Ur'

433 4127 648 4183 clarius
701 4126 969 4182 fidelibus
1018 4125 1325 4181 elucescat.
1403 4126 1549 4183 Erat
1611 4122 1901 4200 sispiidem
1954 4130 2052 4185 hic
2100 4129 2410 4203 Antipapa,
2470 4140 2537 4188 ut
2560 4087 2843 4220 ffiggythe

502 4379 515 4409 ¹
540 4377 717 4427 dictum
752 4375 806 4425 in
854 4375 1000 4439 orig„
1029 4373 1209 4427 dictam
1253 4373 1308 4422 in
1348 4374 1435 4423 the
1540 4379 1599 4423 13
1624 4374 1684 4424 E.
1711 4374 1781 4425 ix.

434 4458 634 4523 printed
655 4462 817 4516 texts;
853 4455 1112 4505 corrected
1134 4452 1265 4503 stom
1296 4452 1432 4503 Bibl.
1600 4453 1620 4482 ⁸
1644 4452 1885 4518 Supplied
1941 4456 2071 4505 from
2113 4455 2248 4506 Bibl.
2300 4458 2425 4524 Reg.
2475 4465 2535 4509 13

436 4536 563 4599 Reg.
592 4540 652 4583 13
677 4536 736 4585 Ε.
761 4535 833 4586 ix.
1536 4533 1598 4583 E.
1618 4533 1714 4583 ix.:
1753 4533 1962 4584 omitted
1983 4534 2039 4584 in
2063 4534 2149 4584 the
2171 4536 2368 4599 printed
2389 4545 2535 4588 texts.

502 4616 524 4645 ²
544 4615 707 4681 campi
739 4614 795 4663 in
830 4614 956 4678 orig.
988 4614 1091 4663 and
1123 4614 1207 4663 the
1240 4613 1438 4679 printed
1603 4614 1623 4643 ⁴
1646 4612 1890 4679 Supplied
1907 4613 2116 4681 inorig„
2140 4616 2195 4667 in
2217 4631 2249 4667 a
2270 4619 2541 4670 somewhat

438 4700 608 4754 texts3
656 4693 915 4744 corrected
958 4692 1090 4743 from
1133 4690 1266 4744 Bibl.
1307 4693 1436 4759 Reg.
1539 4692 1669 4744 later
1690 4693 1842 4744 band.
1906 4748 1912 4754 ,
