3300 5617
795 758 925 822 308
1460 767 1718 817 mona:
1762 764 2231 817 wALsmGnAM

462 955 601 1009 AJ).
627 962 769 1009 1369.
794 954 976 1009 citum
998 970 1205 1009 versus
1242 951 1502 1006 Mentem
1539 950 1890 1015 Morianum,
1930 950 2033 1022 qui
2070 949 2253 1020 vulgo
2290 947 2505 1003 dicitur
2536 947 2552 980 ¹
2574 950 2610 975 ‘⁶
2638 947 2702 1018 ly
2727 946 2913 1003 Calk-
2944 955 3083 1008 MS.
3102 953 3223 1005 Bm

463 1045 738 1112 Inactivity
799 1037 1017 1102 “bul,'’
1054 1054 1234 1110 prope
1260 1035 1568 1099 Galesiam,
1599 1036 1658 1088 in
1683 1052 1799 1105 quo
1822 1034 2163 1089 consederat
2185 1033 2543 1087 Francorum
2583 1032 2907 1095 exereituS,
2942 1025 3093 1101 ΒΕῌ·
3120 1027 3177 1070 ¹³

460 1114 523 1162 Οἳ
535 1112 623 1163 the
793 1122 1106 1177 adventum
1127 1120 1468 1190 Anglicanae
1495 1119 1724 1173 militiae
1760 1117 2162 1190 praestolandO,
2203 1116 2280 1172 ad
2315 1117 2648 1188 oppositum
2684 1116 2911 1172 montis
2942 1093 3017 1143 E·
3044 1104 3127 1139 α’

464 1179 710 1297 Βιέξὲαξὲ
792 1206 954 1262 illius
1000 1205 1252 1262 tentoria
1298 1222 1405 1260 sua
1439 1204 1705 1258 fixerunt.
1782 1202 1917 1257 Dux
1969 1202 2173 1271 igitur,
2226 1200 2348 1257 illic
2397 1200 2675 1256 adhibitis
2722 1201 2911 1255 certis

465 1318 518 1362 at
540 1261 738 1364 Calais
794 1290 1043 1345 dominis
1081 1289 1156 1343 ad
1193 1288 1452 1359 corporis
1506 1287 1598 1342 sui
1640 1286 1981 1350 custodiam,
2029 1285 2132 1356 qni
2167 1285 2425 1339 noctium
2460 1284 2701 1355 vigilias
2746 1284 2913 1339 inter

795 1391 858 1429 se
898 1373 1241 1436 dividerent,
1293 1390 1398 1443 pro
1444 1371 1632 1426 tutela
1679 1389 1803 1435 sua,
1856 1370 1959 1425 diu
2005 1386 2229 1424 moram
2274 1368 2358 1422 ibi
2404 1367 2738 1439 protelavit,
2780 1374 2911 1423 tam

795 1457 1066 1513 inutilem
1128 1473 1305 1528 qnam
1367 1455 1723 1511 damnosam.
1822 1453 2007 1509 Erant
2064 1453 2148 1507 ibi
2206 1458 2346 1508 tunc
2405 1452 2578 1507 multi
2635 1452 2909 1507 valentes

801 1542 1046 1596 barones
1093 1546 1154 1596 et
1197 1539 1434 1603 milites,
1488 1539 1589 1610 qui
1637 1544 1939 1594 cernentes
1986 1537 2216 1609 plebem
2257 1535 2643 1607 Anglicanam
2686 1536 2910 1592 cotidie

801 1625 956 1679 fame
1008 1629 1288 1696 pesteque
1352 1623 1563 1694 perire,
1627 1639 1697 1677 eo
1762 1622 1917 1693 quod
1974 1621 2265 1693 ²primum
2334 1620 2561 1675 nullum
2635 1620 2913 1675 sinebant

796 1708 1137 1780 pabulatum
1182 1706 1404 1777 egredi,
1456 1706 1840 1762 decreverunt
1896 1721 2158 1777 pugnare
2213 1722 2348 1759 cum
2408 1702 2649 1759 Gallicis
2708 1704 2908 1775 prius-

795 1809 972 1863 quam
1009 1809 1154 1863 gens
1178 1789 1412 1863 Angliae
1448 1796 1614 1861 peste
1638 1808 1746 1846 seu
1780 1791 1933 1845 same
1964 1790 2141 1844 nimis
2166 1788 2455 1843 infirmata
2478 1788 2704 1843 fuisset.
2784 1787 2911 1842 Sed

793 1881 1007 1941 tamen,
1059 1876 1349 1939 ductores,
1390 1881 1460 1930 nt
1505 1876 1711 1940 fertur,
1756 1874 2091 1945 hujusmodi
2139 1872 2451 1927 noluerunt
2485 1872 2727 1927 consilio
2766 1889 2911 1926 con-

795 1960 1030 2024 sentire,
1073 1966 1376 2015 causantes
1417 1975 1479 2013 se
1527 1977 1642 2013 non
1678 1958 1892 2012 habere
1934 1957 2311 2013 sufficientem
2359 1973 2595 2011 manum
2642 1955 2719 2011 ad
2764 1973 2905 2010 con-

794 2043 1182 2113 grediendum
1238 2060 1375 2098 cum
1439 2048 1603 2098 tanta
1671 2041 2047 2097 multitudine
2119 2045 2528 2113 pugnatorum.
2641 2039 2908 2094 Dubium

463 2128 693 2183 Prowess
716 2132 778 2181 of
795 2144 1026 2197 quoque
1086 2127 1218 2192 fuit,
1283 2132 1482 2181 utrum
1542 2126 1628 2180 eis
1688 2126 1877 2180 virtus
1950 2124 2252 2180 hominum
2312 2130 2413 2179 ant
2476 2123 2664 2178 audax
2737 2141 2907 2177 mens

464 2196 550 2245 the
573 2197 692 2275 3²5¹
716 2200 777 2249 ⁰f
794 2210 1078 2267 defuerat.
1154 2210 1438 2265 Dominus
1473 2209 1724 2264 Thomas
1761 2208 2185 2279 Beauchampe,
2215 2207 2424 2263 Comes
2451 2207 2903 2278 Warwycensis,

466 2261 744 2315 wamck.
791 2293 1041 2365 belliger
1086 2293 1400 2358 animosus,
1452 2292 1695 2349 audiens
1753 2292 1910 2363 quod
1955 2292 2051 2348 die
2098 2298 2316 2347 statuto
2364 2292 2576 2347 Franci
2635 2309 2903 2363 pugnare

792 2377 1014 2432 vellent
1060 2396 1195 2433 cum
1254 2377 1610 2432 nostratibus
1672 2376 1795 2431 illic
1843 2375 2244 2440 existentibus,
2294 2394 2429 2430 mox
2475 2375 2662 2430 electa
2706 2376 2905 2431 valida

793 2461 1055 2515 virorum
1092 2461 1335 2516 fortium
1358 2461 1653 2527 comitiva,
1693 2460 1962 2532 pervenit
1998 2461 2072 2515 ad
2112 2477 2294 2524 mare,
2336 2466 2398 2515 et
2440 2459 2695 2515 ascensis
2738 2460 2901 2514 navi·

792 2542 903 2599 bus
941 2562 1086 2615 quas
1129 2550 1360 2616 paratas
1385 2545 1621 2616 reperit,
1664 2545 1845 2615 coepit
1866 2561 2071 2599 versus
2112 2543 2401 2599 Calesiam
2436 2543 2734 2615 navigare.
2812 2543 2901 2596 Dc

795 2627 962 2698 cujus
1023 2628 1280 2684 adventu
1344 2629 1705 2684 Francorum
1776 2628 2064 2684 exercitus
2124 2627 2207 2683 ita
2266 2627 2625 2699 stupefactus
2684 2628 2897 2690 extitit,

794 2712 951 2783 quod
1009 2712 1408 2783 relinquerent
1469 2713 1720 2767 latenter
1765 2712 2019 2767 tentoria
2064 2729 2199 2766 cum
2247 2711 2369 2766 suis
2416 2711 2787 2774 victualibus.
2841 2716 2903 2765 et

793 2795 946 2849 clam
990 2794 1013 2826 ³
1027 2797 1379 2867 aufugerent
1436 2802 1749 2867 antequam
1808 2801 2026 2852 terram
2073 2795 2390 2867 attingeret
2447 2795 2603 2851 idem
2665 2795 2896 2851 Comes.

795 2880 1062 2950 Cumque
1104 2880 1498 2952 applicuisset,
1556 2880 1771 2936 ducum
1807 2880 1828 2911 ⁴
1845 2898 1990 2951 quos
2037 2880 2257 2951 reperit
2301 2880 2599 2951 ignaviam
2647 2880 2899 2934 multum

793 2964 1170 3035 redarguens,
1222 2966 1543 3020 detestatus
1591 2970 1717 3031 est3
1770 2964 1872 3035 qui
1918 2964 2335 3020 consuluerunt
2382 2963 2493 3018 sibi
2540 2981 2614 3017 ne
2660 2981 2902 3034 progre-

800 3047 1047 3103 diretur.
1141 3048 1278 3120 Ipse
1331 3066 1476 3104 vero
1528 3054 1873 3114 commotus,
1941 3052 1978 3074 “
2005 3047 2196 3119 Ego,’'
2248 3047 2456 3120 inquit,
2524 3050 2562 3074 “
2586 3047 2899 3119 ‘progredi

797 3134 837 3158 ‘⁴
875 3131 1027 3196 volo,
1094 3132 1234 3186 dum
1296 3132 1486 3187 adhuc
1539 3132 1706 3203 panis
1765 3131 2129 3202 Anglicanus
2193 3131 2255 3186 in
2312 3131 2572 3186 virorum
2637 3149 2902 3185 meorum

797 3220 838 3245 “
875 3219 1177 3274 ventribus
1235 3226 1499 3275 remanet
1557 3219 1947 3291 indigestus.’'
2043 3221 2123 3275 Et
2181 3219 2306 3274 sine
2366 3237 2528 3274 mora
2581 3236 2715 3274 cum
2776 3220 2903 3273 suis

794 3303 1194 3373 progrediens,
1220 3302 1643 3359 Normanniam
1679 3304 2032 3375 properavit,
2072 3309 2134 3358 et
2166 3302 2417 3357 insulam
2441 3303 2513 3357 de
2539 3302 2705 3358 Caws
2744 3303 2905 3358 ferro

463 3380 564 3431 Hifl
595 3396 706 3447 pre-
793 3386 1143 3458 flammaque
1177 3388 1450 3454 vastavit,
1486 3387 1717 3443 nemine
1755 3388 1869 3443 sibi
1920 3387 2166 3443 audente
2201 3387 2493 3442 resistere.
2572 3386 2688 3443 Sed
2736 3387 2857 3442 heu
2885 3387 2901 3440 Ξ

461 3456 660 3565 affe
794 3469 858 3524 in
917 3470 1211 3527 redeundo
1270 3490 1477 3527 versus
1552 3471 1843 3527 Calesiam
1901 3471 2103 3527 morbo
2160 3470 2537 3542 pestilentiali
2598 3478 2904 3543 correptus

623 3552 636 3566 ‘
795 3562 1033 3624 repente
1094 3555 1166 3610 de
1238 3556 1432 3611 medio
1492 3562 1586 3611 est
1659 3555 1943 3619 sublatum
2020 3572 2222 3628 parem
2294 3554 2407 3609 sibi
2483 3554 2546 3609 in
2604 3572 2903 3609 armornm

796 3639 1162 3704 strenuitate,
1215 3646 1275 3695 et
1320 3640 1474 3711 Regi
1514 3639 1536 3672 ⁶
1549 3657 1849 3710 regnoque
1896 3639 2194 3704 fidelitate,
2237 3638 2610 3709 superstitem
2658 3639 2905 3695 minime

463 3738 671 3789 gerion„
795 3721 1224 3792 derelinquens.
1325 3723 1540 3779 Caeteri
1602 3723 1800 3788 duces,
1865 3729 1934 3778 ut
1990 3724 2318 3794 praefertur,
2388 3723 2704 3778 exercitum
2778 3725 2903 3779 fere

461 3805 616 3856 lomes
638 3814 693 3858 to
794 3805 1136 3861 universum
1161 3824 1336 3878 quem
1360 3807 1703 3873 eduxerunt,
1745 3825 1860 3879 quo
1895 3825 2193 3877 nunquam
2228 3806 2387 3862 nllus
2410 3806 2657 3862 validior
2681 3808 2903 3863 nostris

459 3872 547 3950 ΨΘ
564 3873 704 3937 ΕΗΒ·
794 3891 1154 3963 temporibus
1213 3891 1400 3947 lectus
1444 3893 1560 3948 fuit
1611 3893 1685 3948 de
1734 3901 1893 3948 terra
1929 3891 2276 3962 Anglicana,
2304 3891 2717 3946 miserabiliter
2755 3893 2902 3947 ami·

459 3938 559 3988 ¹¹⁸h
577 3954 735 4004 ΜΨ
796 3982 1000 4032 serunt
1044 3976 1218 4041 fame,
1270 3982 1331 4032 et
1376 3983 1540 4047 peste
1580 3994 1756 4048 quam
1807 3993 1878 4032 ex
1916 3977 2070 4032 fame
2108 3981 2472 4032 contraxerat
2518 3977 2581 4032 in
2631 3977 2901 4047 partibus

795 4059 1218 4115 transmarinis.

866 4144 982 4199 Per
1030 4144 1187 4199 idem
1233 4149 1483 4216 tempus,
1538 4144 1701 4217 Papa
1752 4144 1986 4200 fovebat
2042 4161 2317 4215 guerram
2370 4150 2570 4200 contra
2620 4144 2902 4201 Dominoa
2926 4135 3034 4230 ΕΒ
3048 4134 3173 4230 mun
3186 4188 3195 4195 .

795 4227 1276 4293 Mediolanenses,
1319 4229 1457 4300 quia
1478 4229 1595 4300 ipsi
1629 4229 1932 4300 tyrannice
1956 4232 2017 4284 et
2056 4228 2271 4299 injuste
2294 4234 2501 4294 terras,
2527 4229 2810 4294 redditae,
2838 4236 2904 4286 et
2926 4237 3068 4281 Oout.
3080 4197 3227 4281 uniri-²

2924 4289 3086 4337 nuth,
3100 4290 3227 4340 um

863 4474 876 4504 ¹
901 4470 945 4523 Ie
972 4472 1200 4524 Chalklail
1218 4473 1271 4524 in
1294 4473 1382 4525 the
1403 4474 1605 4539 printed
1626 4480 1774 4525 texts.
1966 4476 1987 4505 ⁵
2000 4474 2234 4542 proqredi
2246 4475 2587 4541 etpuynarein
2601 4475 2687 4527 the
2698 4477 2899 4541 printed

858 4554 880 4582 ²
894 4552 1103 4616 primam
1125 4553 1182 4603 in
1203 4553 1332 4620 orig.
1901 4560 2035 4604 texts
2055 4557 2156 4605 and
2176 4555 2289 4606 MS.
2311 4555 2444 4607 Bibl.
2462 4556 2589 4623 Reg.
2617 4561 2678 4607 13
2700 4556 2757 4607 E.
2782 4558 2857 4608 ix.

860 4631 881 4659 ⁸
900 4630 1175 4698 effugerent
1195 4633 1249 4684 in
1265 4634 1392 4699 orig.
1964 4637 1984 4664 ⁸
2004 4635 2231 4700 reynique
2288 4634 2345 4685 in
2399 4635 2527 4700 orig.
2566 4638 2669 4687 and
2712 4638 2767 4687 in
2810 4638 2901 4689 the

861 4712 880 4742 ⁴
896 4727 1021 4776 quas
1043 4709 1099 4759 in
1119 4712 1247 4779 orig.
1898 4713 2098 4778 printed
2122 4719 2272 4766 texts.
