3300 5617
868 757 997 822 236
1538 772 1796 823 monia
1841 773 2311 824 wALsmcm

519 963 825 1034 A.D.1341,
857 962 896 987 “
935 959 1251 1025 mittentes,
1307 959 1441 1015 illos
1491 959 1735 1016 clericos
1785 964 1845 1016 et
1895 959 2128 1033 publice
2178 979 2246 1017 ac
2297 960 2521 1016 notorie
2575 977 2682 1034 pro
2733 960 2950 1018 talibus
2977 966 3079 1020 HS.
3097 971 3194 1026 Ηηι

516 1055 715 1121 alleged
857 1047 896 1072 “
933 1050 1249 1115 reputatos,
1290 1044 1557 1109 scientes,
1598 1050 1660 1099 et
1693 1050 1761 1100 ut
1795 1044 2037 1101 clericos
2080 1061 2143 1101 se
2189 1044 2489 1109 habentes,
2547 1046 2653 1115 qui
2707 1046 2952 1101 crimina
2977 1040 3105 1115 ⁶⁵⁵:

513 1121 781 1186 imprison-
857 1132 895 1156 ‘⁸
933 1147 1050 1184 non
1083 1128 1352 1192 confessi,
1406 1145 1513 1183 nec
1550 1128 1622 1183 de
1661 1129 2005 1185 criminibus
2055 1130 2310 1185 convicti
2363 1147 2471 1184 nec
2507 1128 2524 1162 ¹
2534 1129 2804 1200 judicati,
2842 1149 2946 1186 nec
2973 1100 3188 1173 ngb,

514 1194 736 1309 ffiengf’f
855 1215 894 1239 “
932 1213 1108 1268 etiam
1147 1213 1371 1268 notorie
1407 1213 1469 1266 in
1504 1211 1849 1268 criminibus
1888 1220 2027 1268 sunt
2062 1213 2430 1284 deprehensi,
2472 1232 2507 1268 a
2544 1212 2779 1268 Canone
2813 1214 2944 1270 latae

572 1271 601 1307 e
687 1274 826 1327 ergy’
853 1299 892 1324 ‘⁸
931 1296 1231 1352 sententiae
1256 1296 1512 1350 existunt
1535 1295 1831 1363 innodati3
1870 1297 2034 1352 illam
2070 1298 2416 1352 sententiam
2452 1297 2515 1351 in
2549 1297 2799 1352 ccclesia
2819 1316 2942 1353 nos·

851 1383 890 1409 “
928 1386 1021 1436 tra
1058 1379 1386 1436 Cantuariae
1421 1380 1871 1451 publicavimus,
1900 1385 1962 1436 et
1993 1399 2100 1453 per
2136 1399 2335 1436 omnes
2372 1382 2584 1436 fratres
2619 1388 2849 1437 nostros
2883 1390 2941 1439 et

849 1467 888 1492 ‘⁸
929 1463 1336 1535 suffraganeos
1372 1463 1699 1520 Provincia}
1735 1470 1950 1521 nostrae
1989 1465 2322 1521 Cantuariae
2359 1465 2607 1522 fecimus
2631 1465 2933 1538 publicari.

847 1551 886 1577 ‘⁸
925 1547 1068 1604 Post
1119 1548 1288 1620 cujus
1343 1547 1634 1619 siquidem
1689 1549 1990 1605 sententiae
2025 1548 2048 1582 ²
2061 1550 2530 1622 publicationem,
2568 1555 2640 1606 ut
2687 1551 2935 1622 praemit-

845 1634 884 1660 “
920 1633 1086 1698 titur,
1143 1632 1375 1698 factam,
1432 1633 1587 1704 capti
1641 1639 1797 1699 sunt,
1849 1639 1909 1689 et
1959 1633 2021 1688 in
2071 1633 2328 1690 castellis
2383 1634 2632 1690 diversis
2684 1640 2745 1690 et
2796 1634 2933 1690 locis

845 1719 883 1744 “
922 1716 1055 1771 aliis
1089 1716 1324 1787 Angliae
1360 1716 1423 1771 in
1457 1734 1720 1773 carceres
1769 1718 1957 1782 missi,
2009 1735 2077 1772 ac
2126 1718 2309 1773 invite
2363 1717 2603 1782 detenti,
2645 1716 2685 1772 J
2686 1719 2932 1774 ohannes

844 1802 883 1827 ‘⁸
921 1800 994 1855 de
1033 1799 1244 1857 Sancto
1279 1800 1482 1866 Paulo,
1522 1800 1778 1856 Michael
1813 1800 1885 1855 de
1909 1801 2104 1866 wath,
2144 1800 2436 1856 Robertus
2461 1800 2533 1855 de
2559 1799 2929 1867 ‘ChickwelL

843 1885 883 1911 “
923 1883 963 1939 J
964 1884 1216 1939 ohannes
1267 1883 1340 1939 de
1389 1885 1603 1956 Thorp,
1658 1891 1720 1941 et
1767 1884 2062 1941 Henricus
2113 1884 2187 1940 de
2244 1883 2554 1949 Stretford‚
2612 1885 2675 1939 in
2723 1885 2931 1956 praeju·

841 1971 879 1995 ‘⁸
918 1967 1137 2023 dicium
1190 1967 1303 2022 Dei
1354 1973 1415 2024 et
1465 1967 1693 2024 Sanctae
1747 1968 2047 2035 Ecclesiae,
2084 1968 2182 2024 ‘et
2215 1974 2416 2024 contra
2462 1968 2625 2040 leges
2661 1986 2729 2024 ac
2765 1969 2931 2023 cleri-

839 2054 878 2079 “
916 2069 1119 2107 corum
1175 2052 1490 2123 privilegia
1554 2053 1833 2117 omnium,
1905 2069 2127 2108 necnon
2179 2052 2505 2107 animarum
2561 2052 2798 2107 illorum
2871 2053 2931 2108 in

841 2137 881 2163 ‘⁶
919 2136 1247 2206 periculum
1311 2136 1414 2207 qui
1471 2136 1616 2191 talia
1668 2137 2104 2200 commiserunt,
2168 2136 2479 2191 consilium
2538 2135 2828 2191 dederunt
2873 2143 2929 2193 et

840 2222 879 2246 “
917 2237 1240 2275 assensum.
1314 2218 1507 2288 Quare
1531 2219 1781 2275 Domino
1809 2226 2007 2276 nostro
2030 2219 2203 2290 Regi,
2234 2220 2336 2290 qui
2370 2219 2670 2276 libertates
2704 2220 2927 2277 Sanctae

836 2305 875 2330 “
912 2302 1211 2368 Ecclesiae,
1266 2309 1441 2374 prout
1492 2302 1553 2358 in
1601 2303 1827 2359 actibus
1879 2304 2002 2359 suis
2052 2302 2338 2359 Dominus
2374 2302 2535 2359 Deus
2571 2304 2926 2375 temporibus

836 2389 876 2414 “
914 2386 1128 2457 elapsis
1181 2385 1433 2440 feliciter
1478 2383 1844 2451 monstravit,
1901 2387 2240 2457 clarumque
2291 2387 2514 2451 fecerit,
2569 2393 2630 2442 et
2673 2388 2814 2459 jura
2859 2406 2924 2443 ac

835 2472 873 2497 “
910 2469 1224 2541 privilegia
1295 2486 1523 2541 semper
1583 2487 1924 2526 conservare
1990 2471 2220 2526 curavit
2289 2470 2531 2535 illibata,
2601 2487 2919 2535 exoramus,

835 2555 874 2580 “
913 2559 1201 2623 quatenus
1236 2552 1527 2609 dictorum
1550 2553 1898 2609 clericorum
1922 2559 1984 2609 et
2018 2554 2389 2625 singulorum
2412 2559 2614 2609 contra
2648 2554 2921 2611 Chartam

832 2638 871 2664 ‘⁸
909 2636 1205 2708 Magnam,
1245 2636 1409 2707 leges
1444 2642 1635 2702 terrra,
1677 2655 1744 2692 ac
1781 2637 2245 2702 consuetudines,
2288 2637 2671 2702 detentorum,
2713 2641 2919 2711 erepti-

831 2722 871 2747 “
909 2737 1077 2775 onem
1113 2738 1150 2775 a
1183 2737 1434 2786 carcere,
1474 2720 1600 2775 sive
1636 2719 2130 2786 deliberationem,
2171 2721 2548 2777 dominationi
2601 2739 2722 2777 suae
2774 2740 2917 2793 prae·

832 2806 870 2831 “
909 2805 1104 2875 cipere
1157 2803 1385 2876 placeat
1435 2804 1696 2859 indilate.
1771 2805 2071 2875 Rogamus
2118 2806 2357 2877 insuper
2393 2811 2454 2861 et
2484 2804 2505 2837 ⁵
2522 2806 2824 2861 hortamur
2859 2807 2916 2862 in

829 2894 868 2919 ‘⁶
907 2890 1156 2947 Domino
1192 2909 1390 2947 omnes
1426 2892 1790 2947 consiliarios
1827 2892 1960 2947 illos
2015 2893 2117 2964 qui
2158 2892 2302 2948 talia
2335 2893 2733 2949 committendi
2786 2911 2914 2949 con·

829 2978 868 3003 “
907 2976 1107 3031 silium
1143 2976 1393 3031 Domino
1427 2975 1581 3047 Regi
1632 2976 1769 3030 dare
1811 2981 2327 3048 praesumpserunt,
2367 2976 2768 3032 deliberationi
2819 2977 2913 3032 de·

827 3062 866 3087 ‘⁶
904 3065 1198 3116 tentorum
1232 3060 1489 3131 praefatae
1523 3059 1855 3115 nullatenus
1881 3060 2134 3115 obviare.
2212 3060 2598 3116 Dissimulare
2624 3061 2778 3116 enim
2801 3080 2913 3117 non

827 3146 866 3171 “
902 3144 1184 3208 valemus,
1240 3144 1383 3215 quin
1434 3160 1504 3199 ea
1554 3161 1685 3215 quae
1735 3144 1903 3199 nobis
1963 3143 2322 3208 incumbunt,
2363 3145 2642 3200 faciamus
2691 3145 2754 3200 in
2805 3146 2910 3200 hac

827 3229 865 3253 ‘⁴
904 3234 1086 3298 parte.
1162 3228 1334 3293 Item,
1364 3227 1519 3299 quod
1553 3244 1816 3299 personae
1853 3226 2035 3292 laicae,
2078 3226 2459 3299 hominesque
2495 3227 2686 3293 liberi,
2714 3236 2910 3284 contra

825 3312 864 3337 “
901 3310 1178 3382 Magnam
1231 3310 1525 3377 Chartam,
1571 3310 1735 3382 leges
1772 3327 1840 3365 ac
1874 3318 2048 3365 terrae
2084 3310 2549 3376 consuetudines,
2603 3313 2758 3382 capti
2811 3312 2905 3367 ad-

825 3395 864 3420 “
902 3394 1134 3465 hucque
1168 3394 1231 3449 in
1266 3411 1498 3450 carcere
1521 3394 1761 3460 detenti,
1788 3394 2116 3465 ejiciantur,
2143 3393 2443 3466 libereque
2476 3395 2637 3449 abire
2673 3397 2905 3467 permit-

823 3479 862 3505 “
899 3484 1131 3544 tantm-3
1184 3479 1577 3549 praedictaqne
1629 3478 1727 3534 ⁶et
1777 3478 1893 3533 alia
1924 3476 2280 3534 ⁷secundum
2329 3480 2575 3534 formam
2624 3480 2686 3534 in
2734 3479 2905 3534 Bulla

824 3563 862 3589 ‘⁸
901 3560 1225 3617 Innocentii
1273 3561 1479 3630 Quarti
1514 3567 1860 3627 contentam,
1916 3577 2022 3633 per
2059 3579 2233 3633 quam
2270 3579 2468 3617 omnes
2505 3568 2706 3618 contra
2738 3561 2900 3632 Mag-

822 3647 861 3673 “
897 3662 1033 3699 nam
1094 3645 1371 3700 Chartam
1426 3645 1626 3700 venire
1700 3651 2138 3717 praesumentes,
2203 3663 2307 3702 sen
2377 3646 2539 3701 illam
2599 3646 2896 3711 violantes,

820 3732 858 3756 ‘⁶
898 3729 1243 3784 sententiam
1278 3729 1885 3784 excommunicationis
1935 3731 2259 3796 incurrunt,
2313 3729 2598 3784 Dominus
2653 3729 2776 3784 Rex
2810 3747 2896 3784 re·

819 3814 856 3840 “
894 3813 1147 3867 formare
1179 3812 1408 3883 placeat
1429 3830 1497 3867 ac
1521 3813 1845 3868 emendare.
1922 3813 2093 3877 Item,
2121 3831 2256 3868 cum
2289 3831 2406 3868 non
2429 3814 2618 3870 solum
2645 3814 2898 3869 ministri

817 3899 855 3924 “
896 3897 988 3952 sui
1041 3896 1406 3965 diversaeque
1473 3895 1820 3952 conditionis
1874 3896 2164 3961 officiales,
2230 3902 2446 3952 terram
2500 3905 2891 3968 peragrantes,

816 3983 854 4008 ‘⁶
893 3980 1113 4046 domos,
1175 3978 1469 4051 grangias,
1526 3996 1595 4035 ac
1643 3980 1761 4035 alia
1815 3980 1946 4035 loca
1992 3980 2598 4052 Archiepiscoporum,
2660 3981 2893 4051 Episco-

814 4067 852 4092 “
889 4081 1116 4136 porum,
1172 4062 1583 4133 religiosorum
1639 4062 1908 4128 aliorum,
1963 4079 2185 4118 necnon
2236 4064 2502 4120 virorum
2549 4064 2892 4119 ecclesiasti-

813 4150 852 4176 “
890 4166 1109 4213 corum,
1172 4147 1407 4212 intrant,
1490 4146 1615 4202 sine
1687 4146 1992 4203 custodum
2050 4147 2513 4204 firmariorumve
2574 4147 2886 4214 voluntate,

874 4453 889 4482 ¹
914 4451 1153 4514 indicati,
1177 4452 1439 4518 correctly‚
1461 4451 1606 4503 Harl.
1630 4458 1744 4504 655.
1962 4452 1980 4481 ⁴
2003 4452 2226 4504 Omitted
2241 4454 2297 4503 in
2320 4452 2464 4504 Harl.
2488 4458 2600 4503 655.

869 4532 891 4561 ²
909 4529 1314 4582 denunciationem
1364 4533 1467 4581 sive
1505 4529 1795 4596 publicatio-
1961 4534 1981 4563 ⁸
2002 4533 2281 4595 excitamus,
2305 4533 2449 4583 Harl.
2473 4535 2588 4585 655.

807 4627 924 4670 nem,
948 4611 1091 4660 Harl.
1116 4616 1229 4671 655,
1960 4614 1980 4642 ⁶
2007 4612 2229 4662 Omitted
2249 4611 2301 4661 in
2325 4613 2468 4662 Harl.
2494 4618 2602 4663 655.

870 4695 890 4724 ⁸
917 4688 1188 4758 claiqweue,
1211 4690 1355 4741 Harl.
1381 4695 1493 4741 655.
1963 4693 1981 4717 ⁷
2003 4706 2064 4739 ac
2084 4690 2356 4752 secundum,
2379 4691 2524 4742 Harl.
2555 4697 2664 4743 655.
