3300 5617
817 784 904 858 ’78
1482 804 1741 856 ‘mom
1785 804 2252 858 wammam

487 993 964 1056 AD.129⁹.In
1038 993 1325 1066 principio
1396 991 1888 1063 Quadragesimae,
1965 992 2091 1048 Rex
2159 991 2395 1064 Angliae
2454 992 2912 1050 Parliamentum
2934 998 3194 1064 Rinhnge.

485 1118 771 1170 Pax-humen
775 1128 796 1169 t
819 1078 1009 1134 tenuit
1066 1075 1413 1145 Londoniis3
1487 1075 1589 1131 ubi
1662 1081 1904 1192 rogatus
1963 1093 2000 1132 a
2046 1076 2375 1133 Comitibus
2434 1077 2784 1149 saepedictis,
2846 1085 2914 1135 ut
2934 1065 3040 1116 ΜΒ·
3063 1066 3173 1120 ΒΜ

487 1191 542 1236 at
559 1185 791 1238 London·
820 1161 1170 1218 chartarum
1205 1159 1733 1219 confirmationem¹
1758 1168 2081 1226 renovaret,
2105 1161 2423 1217 secundum
2450 1161 2645 1233 quod
2627 1180 2690 1216 m
2716 1161 2913 1220 Sonti:
2934 1131 3053 1251 ffl
3077 1138 3127 1184 ¹⁸

817 1247 1181 1316 promiserat,
1220 1253 1355 1318 post
1386 1247 1613 1346 aliquas
1671 1248 1978 1304 dilationes
2013 1246 2305 1301 instantiae
2342 1263 2544 1301 eorum
2592 1245 2907 1317 adquievit,
3032 1215 3079 1252 κ’

816 1330 926 1385 hac
944 1329 1290 1395 additione‚‘
1299 1330 1534 1387 ‘salvo
1508 1349 1644 1406 Jure
1661 1349 1885 1389 coronae
1906 1328 2180 1394 nostrae‚”
2206 1329 2269 1384 in
2293 1330 2404 1384 fine
2428 1329 2673 1401 adjectu.
2726 1328 2910 1399 Quam

485 1421 768 1471 lle-confir-
817 1433 951 1471 cum
975 1415 1274 1472 audissent
1297 1415 1572 1482 Comites,
1592 1436 1725 1474 cum
1750 1415 2119 1489 displicentia
2140 1413 2215 1469 ad
2237 1415 2474 1486 propria
2494 1414 2906 1472 discesserunt.

481 1488 675 1537 mation
819 1498 936 1555 Sed
981 1501 1268 1555 revocatis
1313 1500 1460 1572 ipsis
1507 1500 1582 1557 ad
1629 1501 1979 1573 quindenam
2025 1498 2286 1565 Paschae,
2338 1497 2413 1553 sd
2457 1504 2661 1555 votum
2707 1516 2907 1557 eorum

482 1555 735 1675 {mm
815 1582 1080 1638 absolute
1106 1584 1300 1638 omnia
1323 1591 1461 1640 sunt
1483 1602 1774 1641 concessa.

885 1666 1318 1723 Pei-ambulatio
1378 1675 1573 1725 autem
1631 1669 1890 1725 Forestoe
1949 1667 2262 1723 commissa
2317 1672 2410 1723 est
2465 1684 2572 1740 per
2627 1666 2905 1739 Angliam

480 1714 755 1834 {5332}
812 1751 1002 1808 tribus
1039 1751 1363 1825 Episcopis‚
1417 1753 1661 1809 totidem
1710 1751 2055 1817 Comitibus,
2094 1751 2538 1823 Baronibusque
2591 1752 2655 1808 iu
2704 1751 2907 1808 eodem

481 1848 567 1898 the
579 1850 768 1902 Forat
813 1852 1087 1903 numero;
1149 1843 1219 1893 ut
1282 1837 1416 1909 ipsi,
1488 1837 1681 1893 Deum
1744 1836 2023 1892 habentes
2075 1854 2200 1908 pres
2248 1836 2453 1900 oculis,
2509 1837 2905 1893 executionem

812 1917 1101 1976 facerent·
1088 1942 1102 1987 ς
1143 1926 1203 1976 et
1238 1921 1290 1976 si
1328 1939 1445 1993 qua
1479 1928 1847 1993 emergerent
1881 1918 2076 1986 dubia,
2114 1919 2222 1976 illa
2254 1918 2575 1977 secundum
2621 1919 2815 1978 Deum
2849 1926 2908 1977 et

806 2004 1103 2075 justitiam
1137 2004 1514 2061 declararent.

480 2100 592 2153 The
605 2105 742 2168 Pope
882 2087 956 2143 In
1014 2089 1414 2144 Transletione
1473 2088 1643 2144 Beati
1706 2089 1945 2144 Thomoe
2002 2085 2304 2157 Martyris,
2364 2092 2653 2143 venerunt
2708 2090 2905 2145 nuncii

478 2170 719 2250 demands
812 2172 987 2244 Papae
1023 2171 1099 2227 ed
1133 2172 1358 2245 Regem
1384 2173 1776 2240 Cautum-iam,
1817 2177 2092 2243 rogantes
2126 2176 2197 2226 ut
2231 2170 2272 2225 J
2272 2169 2574 2235 ohannem,
2616 2171 2903 2242 quondam

479 2236 565 2314 ΨΘ
587 2238 769 2288 hbem·
812 2255 1038 2327 Regem
1064 2255 1294 2321 Sootiae‚
1325 2276 1445 2313 suae
1473 2257 1752 2313 liberaret
1774 2255 2086 2320 custodian
2127 2253 2476 2327 spondentes
2500 2254 2656 2325 quod
2680 2254 2904 2326 Regem

476 2305 671 2421 {gfissf
812 2345 873 2395 et
905 2357 1155 2411 regnum
1180 2341 1252 2395 ab
1277 2342 1452 2405 omni,
1497 2340 1654 2413 quod
1686 2357 1793 2412 per
1827 2340 1976 2395 hanc
2011 2338 2418 2393 liberationem
2452 2342 2651 2409 posset
2685 2339 2904 2394 contin·

648 2409 661 2423 ⁶
811 2442 969 2495 gere,
1008 2425 1270 2496 periculo
1318 2430 1759 2497 praeservarent.
1860 2423 2120 2493 Quorum
2171 2422 2443 2493 petitioni
2492 2422 2620 2477 Rex
2668 2421 2902 2479 condes-

810 2508 1077 2574 cendens,
1133 2510 1433 2582 respondit
1481 2527 1544 2566 se
1594 2511 1790 2581 ipsum
1827 2507 1866 2562 J
1868 2508 2170 2571 ohannem,
2210 2511 2488 2577 tanquam
2539 2506 2901 2563 seductorem

811 2593 1024 2649 falsum
1073 2600 1134 2649 et
1178 2595 1501 2666 perjurum,
1558 2594 1632 2649 ad
1667 2594 1889 2664 Papam
1934 2592 2271 2646 missurum.
2345 2590 2443 2645 Ad
2479 2608 2653 2662 quem
2705 2592 2900 2647 nuncii

808 2677 1234 2748 responderunt
1250 2681 1381 2733 :—“
1408 2678 1487 2733 Et
1543 2696 1648 2732 nos
1699 2695 1833 2732 eum
1896 2694 2002 2748 pro
2052 2674 2161 2730 tali
2226 2675 2600 2745 suscipimus,
2660 2672 2900 2732 Summb

811 2763 848 2788 ‘⁶
888 2760 1156 2816 Pontifici
1180 2761 1708 2833 praesentandum?
1748 2759 2014 2830 Cumque
2038 2759 2230 2814 dictus
2257 2757 2296 2812 J
2298 2760 2569 2824 ohannes,
2597 2775 2735 2814 oum
2757 2777 2901 2832 prae-

807 2845 942 2899 fatis
977 2845 1226 2909 nunciis,
1265 2845 1523 2900 venisset
1557 2844 1888 2908 Doveriam,
1929 2849 1990 2899 et
2029 2844 2192 2898 cistae
2229 2861 2350 2898 sum
2385 2843 2449 2897 in
2482 2860 2690 2899 navem
2726 2844 2900 2900 infer·

804 2933 1023 2993 rentur,
1066 2928 1303 3001 quidam
1338 2929 1568 2998 regales
1606 2930 1709 2999 qui
1745 2945 1845 2982 eos
1883 2926 1959 2982 ad
2005 2944 2167 2982 mare
2217 2926 2589 2992 deduxerant,
2629 2927 2901 2984 dixerunt

806 3012 961 3083 quod
995 3013 1307 3068 voluerunt
1339 3012 1539 3068 videre
1577 3030 1708 3083 quae
1744 3011 2184 3066 continebantur
2233 3011 2295 3065 in
2345 3011 2582 3067 clitellis
2616 3011 2762 3068 dicti
2798 3012 2839 3067 J
2838 3030 2896 3068 o·

803 3095 1029 3150 hannis.
1107 3095 1330 3165 Quibus
1384 3097 1620 3167 apertis,
1662 3094 1898 3150 inventa
1949 3101 2039 3150 est
2090 3112 2207 3150 una
2255 3112 2466 3150 corona
2512 3096 2683 3166 regia
2729 3099 2896 3167 regni

807 3178 1112 3235 Scotorum
1148 3196 1340 3243 aurea,
1381 3185 1442 3234 et
1487 3179 1677 3234 multa
1708 3196 1851 3234 vasa.
1884 3195 2063 3234 aurea
2096 3184 2157 3233 et
2209 3185 2503 3249 argentea,
2543 3184 2605 3234 et
2637 3181 2896 3251 pecunie

471 3283 636 3334 Baliol
661 3287 744 3336 de,
802 3280 917 3317 non
974 3281 1155 3335 parva
1204 3282 1462 3329 summa3
1539 3281 1669 3335 quoe
1721 3263 1997 3318 universa
2030 3262 2185 3333 Regi
2221 3262 2455 3333 Angliae
2510 3269 2649 3319 sunt
2700 3263 2890 3320 allato.

469 3349 645 3414 prived
667 3353 728 3401 of
802 3346 928 3401 Rex
961 3348 1121 3404 illico
1156 3365 1424 3402 coronam
1449 3364 1684 3402 auream
1709 3347 1905 3402 offerri
1933 3347 2119 3418 jussit
2140 3346 2322 3403 Beato
2346 3347 2583 3402 Thomoe
2606 3347 2890 3420 Μαι-ὑγιής

469 3417 555 3467 the
569 3419 759 3478 “Rana
801 3437 862 3485 et
896 3430 1160 3503 sigillum
1197 3449 1498 3487 commune
1537 3430 1766 3494 Scotioe,
1824 3430 1977 3502 quod
2028 3437 2328 3502 repertum
2363 3436 2456 3485 est
2487 3430 2708 3486 ibidem
2743 3433 2894 3488 iuter

467 3482 686 3602 ἷξῃῗοῑ·
800 3519 1027 3578 caetera,
1061 3514 1245 3586 jussit
1278 3515 1513 3570 sibimet
1545 3515 1865 3580 reservari3
1921 3514 2227 3587 pecuniam
2261 3531 2400 3571 vero
2446 3520 2632 3570 totam
2667 3517 2896 3572 remisit

801 3596 956 3653 dicto
994 3597 1033 3652 J
1034 3599 1263 3662 ommni,
1322 3598 1397 3653 ad
1456 3616 1736 3670 expensas
1785 3599 2014 3654 itineris
2073 3597 2346 3653 inchoati.
2439 3597 2663 3654 Nunoii
2730 3617 2887 3666 vern,

799 3682 1120 3753 plurimum
1160 3682 1626 3738 commendantes
1664 3683 1850 3753 Regis
1888 3683 2231 3755 sapientiam
2273 3689 2334 3738 et
2366 3683 2628 3754 regalem
2664 3685 2890 3740 munifl-

467 3780 632 3830 Baliol
798 3767 1067 3829 centiam,
1105 3766 1532 3822 transtulerunt
1584 3766 1833 3821 eundem
1884 3766 1924 3820 J
1926 3767 2209 3821 ohannem
2262 3765 2325 3821 in
2374 3772 2597 3822 terram
2633 3767 2885 3832 Ballioli,

467 3847 618 3895 taken
639 3855 693 3897 to
798 3868 972 3921 quam
1021 3849 1228 3905 habuit
1277 3850 1341 3903 in
1388 3867 1569 3920 regno
1622 3849 1917 3916 Franciae3
1981 3854 2041 3905 et
2087 3849 2304 3904 ibidem
2355 3850 2724 3921 reliquerunt
2758 3869 2887 3907 eum

464 3911 684 3964 Bamenl
715 3915 770 3965 ¹¹²
798 3935 906 3990 sub
942 3939 1233 3989 certorum
1269 3932 1533 3988 custodia
1567 3933 1959 4005 praelatorum.
2036 3934 2179 3988 Post
2212 3934 2356 3998 haeo,
2397 3938 2460 3988 et
2510 3933 2613 3989 alii
2650 3935 2883 4007 captivi,

466 3978 673 4031 anee’
797 4036 832 4072 a
867 4017 1129 4088 Regibus
1167 4017 1405 4080 detenti,
1444 4017 1580 4071 hinc
1617 4017 1770 4081 inde,
1812 4017 2131 4073 secundum
2167 4016 2523 4073 conditiones
2558 4017 2623 4073 in
2656 4024 2886 4092 treuge.-

795 4120 928 4156 rum
964 4102 1328 4156 concessione
1364 4101 1602 4171 positas,
1641 4100 1979 4156 liberantur.

464 4206 699 4256 Edwud
701 4223 727 4256 ⁸
867 4185 992 4238 Rex
1041 4185 1276 4256 Angliae
1329 4201 1567 4255 sperans
1622 4202 1704 4249 se,
1760 4202 1864 4255 per
1913 4184 2349 4238 matrimonium
2396 4183 2553 4239 inter
2598 4186 2795 4257 ipsum
2828 4195 2887 4244 et

462 4279 695 4336 expecta-
797 4286 1051 4322 sororem
1087 4268 1270 4339 Regis
1294 4268 1556 4323 Franciae
1592 4267 2062 4331 contrahendum,
2102 4284 2242 4338 pace
2278 4267 2555 4324 diuturna
2577 4271 2878 4341 gratulari,

464 4339 599 4389 ‘5⁰⁰⁸
620 4339 750 4388 fi'0m
797 4351 916 4406 acsi
952 4351 1102 4407 foret
1129 4353 1253 4422 jam
1290 4353 1484 4406 omnia
1529 4352 1669 4422 jura
1721 4370 1828 4406 sue.
1860 4352 2242 4406 ultramarina
2296 4369 2431 4406 eum
2476 4371 2629 4409 nova
2682 4362 2875 4427 nupta,

463 4405 751 4537 ᾘζῖώ
798 4452 992 4493 sorore
1017 4435 1198 4505 Regis
1237 4436 1593 4491 Francorum
1627 4435 1887 4501 dimidia,
1930 4443 2365 4503 consecuturus,
2404 4437 2634 4494 interno
2669 4438 2879 4509 gaudio

464 4539 550 4588 the
573 4539 701 4587 half-

465 4605 611 4654 sister
633 4605 696 4654 os

463 4671 549 4721 the
562 4671 707 4737 King
722 4672 785 4722 of

462 4737 671 4790 France.
901 4739 1178 4792 'revocaret
1209 4740 1266 4792 in
1304 4741 1462 4807 orig.;
1494 4755 1560 4794 au
1581 4754 1721 4792 error
1742 4741 1821 4792 for
1841 4750 2111 4806 renovaret,
2124 4758 2182 4796 u
2201 4743 2258 4796 iu
2280 4744 2367 4797 the
2386 4745 2587 4812 printed
2606 4753 2759 4804 textu.

945 4621 2729 4634 —--——————————————-———-———-—wo—-
2764 4627 2869 4633 -——
