3300 5617
759 707 886 768 152
1421 715 1679 770 ’moins
1722 693 2187 771 wALsmGnA'u

761 974 914 1039 Pax
947 972 1039 1059 fit
1076 995 1204 1059 per
1246 971 1669 1052 Cardinales,
1715 973 1830 1040 sed
1872 972 2000 1040 cito
2022 979 2191 1060 post,
2224 977 2557 1058 comperta
2573 967 2855 1055 fraude,

1594 1075 2024 1163 infimatur.

427 1219 566 1270 ΔΙ).
595 1221 737 1270 1317.
835 1212 1174 1270 cardinales
1211 1232 1316 1286 per
1353 1213 1509 1270 idem
1547 1219 1779 1288 tempus
1823 1215 2085 1271 fecerunt
2119 1231 2322 1287 pacem
2355 1211 2464 1268 sub
2505 1211 2682 1267 certis
2725 1226 2861 1265 con·
2884 1212 3026 1266 Com.
3046 1212 3147 1263 Tri·

427 1302 591 1354 Pence
657 1369 664 1376 ,
764 1297 1080 1354 ditionibus
1109 1298 1261 1353 inter
1290 1299 1515 1369 Regem
1544 1305 1604 1354 et
1637 1299 1917 1354 Thomam
1946 1300 2271 1365 Comitem3
2322 1316 2468 1370 quas
2499 1295 2860 1352 conditiones
2883 1287 2981 1338 *a*
3002 1297 3045 1344 P·
3068 1286 3135 1330 ²⁴·

426 1372 573 1420 made
594 1371 678 1421 be·
765 1382 890 1437 Rex
936 1382 1053 1438 cito
1099 1389 1233 1455 post
1278 1384 1460 1454 fregit
1505 1383 1739 1454 injuste.
1845 1383 1992 1439 Inde
2031 1389 2203 1439 aucta
2243 1388 2335 1438 est
2395 1380 2683 1437 dissensio
2726 1395 2859 1449 quae
2886 1347 3135 1462 us'lg'l‘

427 1437 697 1568 ἓῗέαῐὲἕ
763 1467 928 1538 prius
970 1467 1224 1523 extincta
1257 1467 1589 1539 putabatur.
1665 1468 1912 1523 Interim
1960 1468 2244 1523 adductus
2282 1473 2376 1523 est
2409 1466 2647 1537 quidam
2689 1463 2861 1518 miles
2884 1413 3034 1533 {²3¹2

429 1569 516 1618 the
533 1570 655 1619 Em
764 1550 978 1607 Oomiti
1003 1551 1373 1616 Lancastriae‚
1399 1551 1640 1608 tendens
1664 1570 1770 1624 per
1792 1552 2101 1608 Pountfret
2114 1570 2320 1607 versus
2343 1557 2538 1623 partes
2561 1547 2858 1612 Boi-cales,

427 1635 489 1684 of
501 1636 720 1687 Lances-
764 1652 899 1689 cum
958 1653 1074 1705 quo
1133 1634 1266 1690 alba
1322 1636 1524 1691 charta
1579 1637 1746 1707 regio
1806 1636 2003 1707 sigillo
2062 1654 2291 1707 magno,
2355 1635 2600 1706 ¹aliquae
2646 1633 2861 1688 litterae

427 1708 534 1761 ‘¹³¹³
566 1703 658 1781 ΒΨ
764 1718 948 1790 Regis
997 1719 1195 1789 sigillo
1242 1720 1470 1791 privato
1518 1721 1782 1791 signatae,
1833 1720 2186 1776 credentiam
2233 1720 2558 1785 innuentes,
2610 1717 2861 1773 inventae

427 1767 719 1901 ξῒὲἰὲἷζ
764 1809 918 1868 sunt,
965 1809 1033 1858 ut
1078 1821 1211 1859 cum
1260 1803 1424 1875 Rege
1474 1803 1779 1860 Scotorum
1816 1823 1920 1876 pro
1956 1810 2141 1860 morte
2189 1803 2333 1859 dicti
2381 1802 2627 1859 Comitis
2674 1801 2861 1873 pacis-

427 1901 637 1953 broken,
762 1894 1010 1942 ceretur.
1087 1885 1272 1956 Quem
1310 1887 1519 1943 Comes
1555 1888 1628 1943 de
1665 1888 1910 1943 veritate
1947 1889 2294 1953 confessum,
2334 1893 2605 1952 nactum,
2651 1882 2860 1940 deinde

763 1988 1129 2043 suspensum,
1190 1971 1433 2026 retentis
1492 1989 1669 2043 penes
1730 1989 1793 2027 se
1853 1972 1915 2027 in
1973 1979 2383 2043 argumentum
2444 1970 2580 2025 fidei
2639 1969 2859 2024 chartis

763 2055 888 2110 suis
925 2061 986 2111 et
1018 2054 1252 2118 litteris,
1302 2055 1509 2110 mortis
1557 2056 1700 2113 fecit
1733 2056 1929 2111 subire
1966 2057 2338 2129 supplicium,
2376 2057 2490 2112 fixo
2525 2054 2715 2126 capite
2753 2070 2861 2107 suo

762 2159 938 2214 snper
960 2148 1217 2197 castrum
1241 2140 1443 2196 Pontis
1467 2141 1682 2197 Fracti.
1757 2142 1836 2197 Et
1869 2141 1984 2207 hic,
2023 2148 2091 2197 ut
2124 2142 2443 2207 dicebatur,
2482 2140 2656 2212 paulo
2692 2144 2863 2193 antea

760 2226 833 2280 de
875 2225 1098 2280 familia
1139 2224 1385 2281 Comitis
1434 2225 1626 2280 suerat
1661 2225 1948 2298 specialis.
2024 2226 2291 2297 Contigit
2330 2243 2492 2296 ergo,
2545 2223 2703 2295 quod
2750 2222 2859 2276 hac

760 2309 833 2363 de
857 2327 1032 2364 causa
1053 2308 1302 2381 populus
1325 2308 1706 2380 Anglicanus‚
1735 2310 1837 2381 qui
1860 2310 2023 2381 prius
2060 2309 2347 2365 Comitem
2384 2311 2503 2364 fere
2542 2311 2858 2380 spreverat,

760 2393 996 2465 cognita
1040 2394 1307 2458 veritate,
1359 2394 1706 2466 contemptis
1755 2393 2042 2464 Anglicis‚
2094 2394 2343 2451 adhaesit
2388 2393 2624 2456 Comiti,
2676 2390 2861 2446 vitam

761 2477 947 2549 ipsius
988 2483 1048 2533 et
1085 2477 1333 2533 salutem
1364 2477 1593 2549 jugiter
1633 2477 1697 2532 in
1738 2477 1948 2549 spiritu
1986 2478 2286 2549 postulans
2324 2476 2691 2534 humilitatis.

855 2761 1111 2851 captio,
1147 2761 1402 2843 tractim
1431 2769 1491 2829 et
1520 2761 1896 2850 suspensiO,
1934 2760 2217 2831 Gilberti
2260 2762 2341 2829 de
2389 2760 2770 2829 Mideltone.

428 2910 646 2976 Captum
837 2914 953 2970 Per
975 2914 1130 2969 idem
1154 2922 1404 2986 tempus,
1432 2931 1565 2969 cum
1601 2913 1789 2968 multa
1809 2913 2021 2968 damna
2046 2911 2376 2967 'Prioratui
2401 2911 2472 2966 de
2496 2908 2865 2982 Tynemutha
2885 2919 3163 2981 Trokelove,

430 2980 530 3028 ⁸¹¹⁶
544 2979 747 3043 Ρῑωίώ·
767 2996 1066 3054 Gilbertus
1137 2997 1211 3052 de
1274 2996 1590 3052 Mideltone
1650 2997 1993 3060 antedictus,
2068 3014 2202 3052 cum
2274 2996 2397 3051 suis
2460 2993 2859 3066 complicibus,
2886 3003 2932 3052 P·
2957 2992 3031 3036 41.
3063 3052 3075 3064 .

429 3045 717 3162 gffitffl‘ftfde
768 3082 1080 3146 intulisset,
1120 3087 1181 3136 et
1213 3081 1428 3136 multos
1465 3080 1537 3135 de
1573 3080 1890 3136 convicinis
1926 3079 2049 3135 suis
2073 3079 2442 3151 captivasset,
2471 3084 2532 3134 et
2554 3078 2628 3134 ad
2652 3094 2864 3148 graves
2888 3054 2995 3197 {legg
3018 3052 3137 3168 Ῑῗῑδω·

431 3177 728 3230 Middleton,
769 3166 1192 3238 redemptiones
1241 3164 1633 3237 compulisset,
1685 3164 1899 3219 multos
1948 3171 2145 3220 autem
2192 3164 2392 3219 statim
2437 3182 2555 3218 non
2599 3162 2862 3217 valentes
2889 3187 2947 3237 E·
2968 3158 3038 3236 n}-

769 3250 994 3306 solvere
1029 3249 1092 3303 in
1127 3248 1390 3304 custodia
1425 3248 1806 3314 detinuisset;
1846 3247 2085 3320 quidam
2120 3248 2193 3303 de
2228 3249 2467 3319 regione
2493 3246 2599 3301 illa
2620 3243 2863 3307 nobiles,

769 3352 971 3389 eorum
995 3333 1381 3388 detentionem
1419 3333 1697 3404 injustam
1720 3332 1866 3387 dure
1891 3333 2160 3398 ferentes,
2182 3332 2257 3387 ad
2280 3332 2474 3404 ipsum
2499 3334 2871 3386 accesserunt

769 3418 880 3474 sub
903 3416 1190 3473 conductu
1227 3416 1406 3480 salv0,
1447 3416 1613 3487 quasi
1648 3434 1755 3489 pro
1791 3416 2113 3472 vicinorum
2137 3415 2553 3474 deliberatione
2576 3412 2868 3467 mediante

769 3500 1016 3573 pecunia
1048 3499 1370 3564 tractaturi,
1409 3499 1644 3566 habit03
1698 3500 1976 3571 quosdam
2012 3505 2151 3555 tunc
2198 3518 2235 3555 a
2281 3498 2548 3554 custodia
2593 3497 2869 3551 liberatos

770 3603 968 3642 secum
1040 3583 1417 3646 abduxerunt,
1482 3585 1763 3655 quosdam
1820 3602 1960 3640 vero
2017 3602 2124 3657 pro
2195 3584 2506 3639 securitate
2579 3580 2870 3637 solvendoe

769 3669 1030 3741 pecuniae
1085 3685 1288 3722 secum
1347 3666 1577 3722 obsides
1637 3668 2002 3724 dimiserunt.
2101 3667 2324 3723 Finalis
2381 3685 2520 3721 vero
2563 3664 2870 3721 solutionis

771 3754 1035 3808 veniente
1061 3751 1173 3815 die,
1196 3757 1256 3806 et
1279 3750 1628 3807 satellitibus
1648 3751 1791 3806 dicti
1817 3751 2066 3808 Gilberti
2091 3753 2165 3807 ad
2188 3750 2567 3824 praedandum
2591 3749 2867 3820 egi-essm,

770 3842 1070 3899 venerunt,
1123 3835 1223 3906 qui
1271 3835 1427 3906 pacti
1476 3836 1709 3891 fucrant
1754 3836 2099 3891 solutionem
2136 3836 2326 3891 facere
2375 3835 2531 3890 dicto
2581 3834 2867 3895 Gilbcrto,

771 3920 1027 3974 dicentes
1099 3937 1161 3973 se
1233 3918 1536 3990 pecuniam
1606 3919 1892 3984 attulisse,
1969 3936 2143 3990 quam
2213 3919 2276 3974 in
2334 3918 2479 3974 villa
2548 3917 2569 3946 ³
2588 3917 2871 3972 secretius

771 4003 1218 4065 occultaverant,
1269 4007 1504 4074 propter
1550 4008 1772 4057 metum
1818 4002 2189 4074 praedonum3
2237 4021 2346 4074 pro
2395 4020 2513 4074 qua
2560 3999 2875 4073 quam-enda

770 4087 1020 4141 liberum
1057 4085 1275 4141 exitum
1314 4092 1374 4141 et
1407 4085 1711 4140 introitum
1749 4086 1811 4141 in
1847 4086 2153 4141 castellum
2178 4086 2291 4141 sibi
2315 4085 2554 4141 concedi
2578 4085 2872 4157 petebant.

772 4169 1037 4240 Cumque
1085 4169 1162 4224 ad
1208 4169 1384 4224 castri
1444 4175 1641 4240 portas
1688 4169 1853 4225 velut
1910 4170 2124 4226 exituri
2183 4170 2495 4234 venissent,
2560 4168 2873 4225 trucidatis

771 4269 904 4306 mox
966 4253 1336 4324 janitoribus,
1421 4250 1860 4309 multitudinem
1927 4260 2281 4310 armatorum
2349 4256 2503 4310 foras
2561 4252 2873 4309 latentium

839 4489 856 4519 ¹
902 4488 1146 4553 Properly
1187 4489 1405 4556 alioeque,
1448 4506 1504 4543 as
1559 4490 1613 4542 in
1658 4491 1772 4543 MS.
1863 4492 1992 4544 from
2014 4495 2101 4546 the
2122 4496 2319 4560 printed
2339 4502 2490 4547 texts.

773 4564 904 4618 Bibl.
929 4567 1053 4631 Reg.
1082 4572 1139 4617 13
1164 4569 1223 4619 E.
1247 4569 1319 4620 ix.
1929 4576 1949 4605 ⁸
1968 4576 2204 4626 scere-sius
2226 4576 2279 4625 in
2301 4576 2430 4641 orig.

838 4648 858 4677 ²
883 4644 1113 4695 Priorum
1175 4647 1227 4696 in
1288 4648 1414 4714 orig.
1437 4670 1453 4710 ς
1522 4655 1778 4705 corrected
