3300 5617
848 754 980 820 408
1501 766 1760 820 'mom
1806 768 2276 821 wammam

519 963 650 1015 A.D.
681 968 821 1017 1379.
848 963 1194 1015 consecutus
1231 958 1440 1013 fuisset
1468 956 1755 1024 vota'sua,
1782 964 1843 1014 et
1874 958 2001 1015 vita
2031 959 2298 1031 privatus
2335 957 2531 1013 subito
2563 974 2681 1011 non
2714 954 2939 1018 fuisset.
2962 955 3145 1011 HSBM

848 1060 920 1099 eo
981 1044 1320 1115 provexisse
1383 1052 1621 1116 portum
1670 1044 2065 1115 Hamptonioe,
2138 1042 2295 1115 quod
2358 1041 2559 1097 nullus
2616 1046 2829 1111 portus
2886 1040 2943 1093 in
2962 1023 3115 1139 {¹3¹³

844 1127 963 1184 hiis
999 1126 1274 1185 Occidnis
1308 1127 1559 1201 Europae
1593 1127 1860 1200 partibus
1884 1127 2247 1199 aequiparari
2282 1126 2574 1199 potuisset
2602 1123 2826 1179 eidem.
3030 1106 3082 1141 ¹¹*

917 1212 1163 1277 Revera,
1203 1211 1485 1284 quicquid
1519 1230 1589 1268 ex
1605 1272 1610 1278 δ
1626 1211 2024 1285 Orientalibus
2059 1210 2401 1283 regionibus
2448 1228 2555 1282 per
2589 1214 2939 1264 mercatores

848 1293 888 1351 J
889 1314 1192 1361 anuenses,
1233 1295 1542 1361 Flandriae,
1581 1294 1977 1362 Normanniae,
2005 1295 2326 1350 Britannize
2348 1293 2694 1357 Armorieae,
2722 1291 2942 1348 solebat

845 1380 1051 1435 inferri
1099 1386 1252 1444 ante,
1309 1380 1525 1436 nostris
1561 1378 1938 1451 {regionibus
1989 1379 2201 1435 suisset
2249 1377 2531 1443 allatum3
2585 1383 2647 1431 et
2694 1376 2786 1431 ita
2816 1393 2939 1430 con·

844 1471 1154 1536 sequenter
1198 1463 1483 1536 compulsi
1531 1464 1784 1520 fuissent
1827 1463 1900 1518 ab
1933 1461 2289 1534 Angligenis
2324 1461 2509 1517 exteri
2544 1477 2683 1516 suas
2720 1476 2939 1514 merces

842 1549 1161 1621 requirere,
1201 1567 1237 1604 a
1272 1548 1486 1619 quibus
1521 1549 1638 1621 ipsi
1674 1566 1790 1604 non
1825 1548 1951 1604 sine
1987 1564 2202 1619 magno
2236 1546 2498 1618 periculo
2533 1563 2671 1601 suas
2708 1543 2938 1599 divinas

841 1640 1040 1704 petere
1101 1640 1542 1690 consueverunt.
1619 1633 1741 1691 Sed
1798 1635 1980 1690 tantis
2040 1631 2547 1689 commoditatibus
2606 1631 2787 1685 obvia
2836 1631 2942 1685 fnit

843 1725 1176 1774 nostrorum
1224 1719 1482 1786 malitia3
1538 1718 1560 1751 ²
1578 1725 1639 1774 et
1686 1719 1864 1775 nimis
1914 1718 2160 1774 licenter
2213 1717 2451 1773 efferata
2501 1721 2595 1771 est
2641 1716 2706 1769 in
2754 1714 2939 1769 virum

843 1803 1207 1860 innocentem
1243 1810 1305 1859 et
1355 1804 1691 1859 molientem
1728 1810 1927 1860 nostra
1972 1802 2293 1859 commoda.
2369 1801 2729 1857 Mei-catores
2766 1801 2937 1871 siqui·

842 1886 994 1952 dem,
1036 1888 1158 1944 suis
1194 1906 1433 1944 cessura
1467 1888 1696 1944 damnis
1731 1888 2084 1945 arbitrantes
2122 1903 2482 1960 quacunque
2519 1886 2582 1941 in
2616 1885 2730 1940 hac
2782 1890 2937 1956 parte

841 1972 1075 2043 publico
1120 1973 1467 2044 proficerent
1514 1974 1890 2045 incremento,
1931 1978 1999 2028 ut
2044 1974 2259 2037 serunt,
2310 1971 2603 2026 hominem
2638 1968 2794 2024 nihil
2826 1968 2936 2024 doli

842 2060 1253 2130 suspicantem,
1282 2066 1458 2115 noctu
1493 2062 1732 2132 repente
1769 2060 2253 2123 circumventum,
2281 2056 2598 2114 Londoniis
2636 2057 2699 2110 in
2734 2054 2939 2111 ³strata

838 2143 1076 2214 publica
1144 2150 1277 2200 ante
1348 2146 1504 2200 fores
1575 2144 1929 2200 obtruncant
1986 2144 2223 2215 hospitii
2297 2144 2409 2208 sui,
2484 2160 2590 2213 per
2660 2139 2933 2211 quosdam

503 2220 614 2275 The
639 2225 797 2278 crime
838 2227 1150 2284 conductos
1199 2229 1275 2283 ad
1340 2229 1491 2284 illud
1547 2230 1775 2285 facinus
1834 2227 2256 2301 exequendum.
2346 2228 2561 2298 Sicque
2610 2232 2933 2281 nostrorum

502 2295 746 2344 Μ
838 2311 1179 2369 detestanda
1212 2313 1456 2379 malitia,
1484 2332 1593 2369 nec
1627 2315 1824 2370 minus
1860 2313 2204 2369 execrabilis
2239 2312 2506 2377 avaritia,
2546 2310 2715 2365 nobis
2754 2309 2934 2364 inimi·

501 2358 572 2422 by
582 2359 679 2437 ‚⁰¹⁶
837 2397 1008 2452 citias
1067 2399 1298 2469 peperit
1355 2398 1698 2463 amicorum,
1763 2398 1802 2454 J
1805 2398 2151 2454 anuensium
2214 2395 2493 2452 videlicet
2562 2400 2624 2450 et
2694 2395 2932 2449 aliarum

829 2481 1136 2545 nationum
1189 2501 1319 2554 quae
1371 2482 1431 2536 in
1486 2483 1743 2539 circuitu
1788 2488 1988 2539 nostro
2036 2487 2209 2547 sunt;
2250 2487 2311 2537 et
2343 2498 2664 2552 paucorum
2700 2477 2933 2551 perfidis

835 2573 1166 2637 suspectam
1238 2566 1497 2622 reddidit
1565 2568 1741 2623 fidem
1814 2568 2076 2623 omnium
2144 2565 2489 2622 incolarum.
2578 2564 2727 2634 Quis
2787 2564 2930 2618 enim

835 2655 1108 2706 externus
1132 2650 1152 2682 ⁴
1172 2648 1260 2722 [in
1284 2650 1611 2723 posterum]
1639 2651 1879 2707 audebit
1914 2669 1978 2708 se
2012 2650 2151 2707 fidei
2185 2656 2401 2707 nostroe
2426 2650 2813 2713 committere,
2840 2648 2927 2703 cui

830 2740 994 2790 tanta
1028 2735 1342 2792 infidelitas
1380 2737 1506 2793 sive
1542 2736 1860 2792 inhumana
1894 2735 2215 2792 crudelitas
2236 2742 2377 2792 nota
2410 2734 2564 2791 erit?
2639 2733 2785 2803 Quis
2820 2750 2923 2788 non

828 2819 1063 2876 timebit
1085 2827 1313 2878 nostras
1349 2821 1660 2888 versutias,
1689 2826 1750 2877 et
1773 2820 2202 2877 abominabitur
2236 2838 2446 2876 nomen
2480 2817 2793 2875 nostrum?
2858 2818 2929 2872 Et

830 2921 1008 2976 super
1030 2903 1156 2960 hoec
1185 2906 1396 2969 omnia,
1435 2905 1783 2962 metuendus
1821 2912 1914 2961 est
1947 2905 2254 2970 Dominus,
2296 2922 2471 2976 quem
2506 2909 2630 2960 tam
2664 2908 2923 2975 proterve

834 2988 1298 3045 nostris‘malis
1334 2989 1701 3055 offendimus,
1742 2988 1912 3062 cujus
1947 2988 2222 3046 mandata
2272 2988 2415 3044 adeo
2465 2987 2731 3043 ‘infinite
2776 2985 2924 3041 ⁷des-

827 3070 1097 3141 picimus,
1151 3078 1217 3128 ut
1268 3091 1384 3129 non
1434 3074 1562 3147 jam
1617 3073 1991 3146 negligenter
2045 3072 2283 3146 quidem
2332 3072 2750 3143 delinquimus,
2812 3068 2921 3132 sed,

827 3159 1105 3226 tanquam
1157 3158 1313 3212 servi
1365 3158 1468 3228 qui
1522 3157 1719 3213 sciunt
1769 3157 1990 3213 domini
2038 3157 2399 3214 voluntatem
2446 3164 2508 3212 et
2541 3174 2658 3211 non
2692 3153 2920 3217 faciunt,

825 3238 1152 3295 voluntarie
1189 3241 1314 3297 suis
1351 3240 1583 3313 legibus
1631 3241 2006 3297 contraimus.
2111 3240 2342 3297 Scimus
2391 3240 2548 3295 enim
2593 3239 2748 3294 Eum
2784 3255 2922 3294 com·

827 3323 1102 3379 minando
1124 3325 1590 3396 proecepisse,—⁸
1608 3330 1645 3353 ‘⁸
1665 3324 2043 3382 Innocentem
2067 3330 2128 3381 et
2143 3325 2375 3397 justum
2400 3342 2515 3380 non
2540 3322 2851 3379 interficies
2869 3319 2919 3387 ;'’

827 3408 931 3464 sed
984 3410 1154 3465 nihili
1212 3412 1417 3484 pendit
1462 3410 1738 3469 mandata
1795 3412 1995 3468 divina
2054 3429 2231 3468 avara
2289 3410 2598 3482 cupiditas,
2662 3416 2725 3466 et
2780 3409 2919 3480 legis

824 3494 1110 3550 naturalis
1171 3495 1320 3552 scita
1377 3497 1601 3568 refugit
1659 3496 1901 3553 ambitio
1951 3495 2301 3561 mundialis3
2364 3495 2499 3566 plns
2558 3494 2719 3549 valet
2778 3490 2919 3565 apud

825 3577 1170 3634 inhumanos
1192 3578 1457 3636 homines
1487 3580 1718 3636 lucrum
1751 3580 2090 3653 temporalis
2127 3579 2468 3636 substantiae
2506 3597 2683 3651 quam
2717 3578 2918 3634 caritas

824 3662 918 3717 vel
971 3662 1198 3719 affectio
1249 3664 1480 3720 socialis
1535 3666 1694 3730 vitae,
1737 3683 1867 3735 quae
1917 3682 2022 3721 nos
2073 3664 2429 3737 generaliter
2477 3663 2689 3719 fratres
2732 3661 2915 3717 efficit.

827 3747 1176 3803 Timendum
1215 3754 1308 3804 est
1340 3749 1527 3820 igitur
1578 3768 1650 3804 ne
1705 3748 1872 3805 nobis
1909 3748 2131 3805 ”iratus
2186 3749 2477 3805 Dominus
2528 3749 2590 3803 in
2644 3747 2916 3803 ultionem

895 4022 907 4052 l
935 4021 1221 4088 temporibus
1251 4029 1298 4072 et
1333 4020 1603 4088 regionibus
1645 4021 1701 4072 in
1746 4021 1830 4072 the
1994 4022 2015 4051 ⁸
2036 4022 2345 4088 Ineorrectly
2360 4021 2560 4075 written
2580 4021 2856 4086 infin-unitate
2868 4018 2915 4070 in

826 4101 1029 4166 printed
1046 4108 1195 4153 texts.
1928 4100 2070 4169 orig„
2100 4103 2202 4153 and
2223 4102 2459 4166 inst-unite
2479 4102 2536 4152 in
2558 4102 2694 4153 Bibl.
2712 4101 2838 4167 Beg.
2863 4104 2915 4150 1³

893 4181 914 4212 ²
933 4188 982 4231 et
1001 4181 1210 4232 omitted
1231 4180 1287 4231 in
1309 4181 1396 4232 the
1417 4181 1618 4246 printed
1639 4188 1788 4233 texts.
1928 4182 1988 4232 Ε.
2034 4181 2106 4233 ix.
2133 4202 2149 4242 ς
2218 4181 2404 4246 infinite
2456 4181 2512 4232 in
2570 4181 2655 4233 the
2710 4181 2899 4246 printed

891 4262 911 4291 ⁸
926 4258 1098 4325 platea
1119 4261 1175 4311 in
1197 4261 1282 4312 the
1304 4259 1504 4326 printed
1523 4268 1673 4312 texts.
1927 4268 2078 4312 texts.

894 4341 911 4368 ⁴
935 4340 1177 4404 Supplied
1201 4340 1331 4391 snm
1353 4340 1488 4392 Bibl.
1512 4341 1640 4407 Reg.
1684 4346 1744 4391 13
1767 4341 1828 4391 Ε.
1994 4343 2011 4370 '
2031 4339 2363 4406 displicuimus
2396 4341 2451 4392 in
2475 4340 2635 4408 σήμ
2675 4339 2913 4394 corrected

828 4416 928 4467 ix.:
971 4418 1181 4469 omitted
1203 4418 1258 4468 in
1280 4419 1369 4470 the
1389 4419 1589 4484 printed
1611 4425 1761 4470 texts.
1925 4418 2055 4470 from
2088 4419 2175 4470 the
2207 4419 2409 4484 printed
2430 4427 2581 4472 texts.

891 4498 912 4526 ⁸
933 4495 1250 4563 Apparently
1313 4496 1515 4549 written
1586 4497 1704 4548 aliis
1773 4499 1827 4549 in
1992 4501 2012 4527 ⁸
2032 4497 2199 4549 Exod.
2224 4497 2376 4548 xxiii.
2403 4501 2449 4549 7.

824 4574 969 4640 orig„
1015 4577 1272 4627 corrected
1288 4577 1420 4628 from
1443 4577 1577 4629 Bibl.
1600 4579 1728 4643 Reg.
1768 4584 1827 4627 13
1989 4579 2010 4607 ⁸
2034 4579 2193 4627 iratus
2225 4585 2299 4628 est
2323 4575 2568 4629 Dominum
2606 4586 2661 4628 ut
2694 4576 2913 4637 ultime..

823 4654 883 4703 Ε.
930 4654 1002 4705 ix.
1031 4675 1045 4715 ς
1104 4657 1326 4722 peccatis
1379 4656 1433 4707 in
1488 4658 1574 4708 the
1626 4656 1826 4723 printed
1917 4654 1977 4705 in
2000 4655 2127 4723 orig.
2150 4658 2249 4708 nnd
2270 4656 2355 4708 the
2376 4657 2575 4722 printed
2596 4665 2743 4709 texts.
2803 4658 2909 4710 Gor·

823 4742 974 4784 texts.
1919 4738 2087 4789 rected
2118 4737 2247 4789 from
2270 4736 2404 4788 Bibl.
2428 4738 2552 4804 Reg.
2583 4742 2642 4789 13
2664 4738 2726 4788 Ε.
2748 4738 2820 4789 ix.
