3300 5617
1152 787 1487 841 ms'ronu
1515 788 1935 842 Ausucum.
2504 783 2589 846 23

150 972 452 1040 Bistam.
563 966 654 1026 De
701 965 959 1024 Lewlino
1015 965 1295 1040 praedicto
1342 967 1703 1040 scripserunt
1749 966 1866 1024 duo
1911 964 2175 1038 religiosi
2221 965 2481 1034 metrice,
2533 966 2596 1024 in
2618 973 2926 1031 A.D.1282.

147 1040 256 1092 ΜΒ.
280 1042 424 1094 Bihl.
490 1049 647 1106 huno
688 1051 1017 1106 modum,-

146 1107 269 1186 Reg.
298 1114 365 1162 13

146 1174 205 1224 E.
229 1190 301 1225 ιι.

561 1135 846 1194 Wallicus
883 1135 970 1192 sio
1005 1134 1242 1208 scripsit
1259 1157 1352 1194 2-

637 1223 675 1249 “
701 1221 820 1276 Hic
847 1220 1009 1292 jacet
1040 1219 1371 1292 Anglorum
1406 1226 1608 1286 tortor,
1646 1225 1810 1278 tutor
1842 1218 2234 1286 Venedorum,

637 1307 676 1332 “
713 1304 993 1377 Princeps
1031 1303 1047 1336 ¹
1064 1305 1429 1372 Walliorum,
1472 1305 1786 1373 Lewlinus,
1825 1306 2035 1378 regula
2069 1324 2315 1373 morum,

638 1393 676 1418 “
717 1389 963 1447 Gemma
995 1407 1343 1457 coaevorum,
1383 1390 1491 1446 flos
1538 1407 1750 1461 reg-um
1784 1391 2234 1462 praeteritorum,

636 1476 674 1501 ‘⁴
710 1471 962 1530 'Forma
994 1475 1347 1542 futurorum,
1386 1474 1522 1542 dux,
1562 1474 1712 1541 laus,
1750 1474 1864 1542 lex,
1903 1474 2022 1542 lux,
2060 1474 2464 1547 populorum.’'

561 1555 866 1628 ³Anglicus
902 1557 987 1613 ita
1024 1558 1261 1629 scripsit
1285 1581 1377 1614 3-

634 1644 672 1668 “
711 1641 828 1696 Hic
855 1641 1018 1712 ,iacet
1050 1659 1317 1698 errorum
1353 1640 1641 1714 princeps,
1682 1647 1745 1698 et
1776 1640 1974 1713 proedo
2009 1640 2288 1709 virorum,

630 1728 668 1752 ‘⁸
706 1725 980 1781 Proditor
1012 1725 1363 1797 Anglorum,
1404 1726 1501 1782 fax
1536 1725 1739 1792 livida,
1779 1733 1939 1782 secta
1977 1743 2233 1794 reorum,

626 1813 665 1837 “
702 1810 941 1866 Numen
962 1810 1305 1875 Wallorum,
1345 1817 1481 1867 trux
1515 1810 1651 1877 dux,
1691 1809 1985 1865 homicida
2016 1810 2267 1881 piorum,

624 1897 661 1920 ‘⁶
702 1893 841 1949 Faex
875 1894 1277 1965 Trojanorum,
1318 1895 1496 1965 stirps
1532 1894 1798 1959 mendax,
1838 1911 2016 1949 causa
2049 1893 2398 1950 malorum.'’

549 1977 723 2034 Circa
755 1977 913 2034 idem
949 1983 1179 2049 tempus
1215 1978 1434 2034 milites
1472 1977 1713 2048 quidam
1747 1976 1820 2032 de
1856 1977 2040 2052 Regis
2077 1978 2355 2042 exercitu,
2395 1996 2432 2034 a
2466 1995 2586 2032 ser·

479 2062 768 2118 viantibus
806 2062 1200 2118 Wallensibus
1246 2059 1460 2128 territi,
1511 2068 1748 2134 pontem
1796 2079 1972 2134 quem
2019 2062 2145 2117 Rex
2193 2061 2583 2126 inchoaverat,

477 2146 729 2201 nondum
766 2147 1110 2218 perfectum,
1138 2146 1331 2203 minus
1369 2144 1686 2219 prudenter
1722 2145 2112 2202 accelerantes
2149 2146 2418 2210 transire,
2446 2146 2588 2201 dum

477 2229 539 2284 in
586 2230 961 2286 multitudine
996 2231 1342 2302 conglobata
1380 2236 1743 2290 revertentes
1791 2230 2048 2301 fugiunt,
2089 2230 2584 2302 submerguntur;

476 2313 628 2369 inter
677 2332 823 2386 quos
877 2320 1006 2372 erat
1054 2315 1225 2372 miles
1287 2316 1749 2381 strenuissimus,
1812 2315 2003 2372 Lucas
2063 2314 2137 2372 de
2182 2315 2202 2347 ⁴
2222 2314 2480 2385 Thancy,
2528 2324 2591 2370 et

475 2397 590 2456 duo
625 2399 890 2468 germani
914 2399 1157 2456 Roberti
1181 2400 1422 2467 Eumol,
1449 2398 1865 2458 Bathoniensis
1900 2398 2196 2471 Episcopi,
2237 2398 2342 2455 alii
2374 2398 2395 2430 ⁵
2415 2394 2584 2470 [que]

476 2481 874 2552 quamplures,
1931 2517 1938 2523 -

501 2622 507 2628 ,
543 2566 675 2621 Hoc
721 2585 871 2622 anno
906 2566 1190 2624 ‘Thomas
1237 2567 1692 2625 Herefordensis
1729 2567 1790 2624 in
1824 2566 1925 2623 via
1960 2584 2171 2626 versus
2214 2565 2474 2631 Curiam,
2514 2563 2587 2619 de
2613 2564 2780 2615 Death
2802 2563 2864 2614 of

473 2652 745 2722 prfflsenti
781 2651 995 2708 saeculo
1028 2670 1279 2724 nequam
1315 2658 1569 2724 ereptus,
1620 2652 1697 2708 ad
1743 2669 1928 2724 regna
1973 2651 2256 2722 migravit
2301 2649 2583 2715 coelestia,
2612 2632 2835 2710 Th9m⁸⁸
2859 2698 2871 2709 .

472 2754 607 2792 cum
654 2741 878 2808 septem
925 2737 1090 2792 annis
1138 2754 1383 2808 gregem
1419 2737 1532 2794 sibi
1568 2736 1947 2793 commissum
1996 2734 2248 2792 sollicita
2280 2753 2424 2792 cura
2457 2752 2585 2792 rex·
2611 2698 2898 2843 fflssgmu‘

472 2819 633 2876 isset.
730 2820 868 2885 Hic,
930 2820 1225 2880 nobilibus
1284 2827 1449 2878 ortus
1520 2821 1837 2886 natalibus,
1900 2838 1937 2876 a
1993 2838 2178 2891 puero
2251 2818 2379 2874 Deo
2438 2818 2590 2874 vixit
2609 2832 2800 2897 13131209
2820 2834 2882 2883 of

472 2903 747 2970 devotus,
800 2903 981 2960 studii
1027 2909 1223 2961 autem
1260 2905 1668 2962 exercitatione
1709 2904 2044 2962 litterarum
2079 2902 2396 2975 adquirens
2430 2902 2586 2975 peri·
2610 2899 2873 2951 Hereford·

469 2989 630 3052 tiam,
657 2988 848 3061 primo
884 2989 945 3044 in
979 2990 1201 3046 artibus
1227 2989 1584 3054 liberalibus,
1612 2989 1824 3046 deinde
1849 2988 1910 3044 in
1927 2988 2065 3060 jure
2100 2988 2255 3043 rexit
2276 2987 2583 3054 canonico;

471 3073 703 3130 tandem
762 3073 837 3128 ad
882 3073 1236 3144 theologiam
1296 3079 1477 3132 totam
1536 3072 1840 3130 transtulit
1909 3072 2309 3141 intentionem,
2361 3071 2424 3126 in
2472 3090 2592 3143 qua

470 3157 799 3213 licentiatus
835 3157 911 3214 ad
944 3157 1369 3228 magisterium,
1414 3175 1550 3216 cum
1598 3158 1708 3213 sub
1757 3157 1965 3214 Fratre
2002 3155 2258 3212 Roberto
2294 3155 2367 3211 de
2403 3155 2587 3226 Kyle·

470 3241 723 3312 wardby,
757 3240 993 3297 Ordinis
1029 3241 1506 3308 Praedicatorum,
1547 3259 1742 3313 quem,
1784 3241 1925 3297 dum
1950 3239 2337 3296 Provincia-lis
2373 3241 2585 3306 fuerat,

469 3325 782 3381 admodum
805 3325 1151 3381 familiarem
1186 3326 1411 3392 habuit,
1437 3325 1796 3382 decrevisset
1831 3325 2107 3397 incipere,
2136 3323 2342 3382 incidit
2364 3325 2586 3396 negotii

470 3410 674 3465 dilatio
696 3414 712 3440 ²
726 3409 919 3464 medio
944 3415 1221 3481 tempore,
1248 3411 1492 3481 praefato
1516 3411 1699 3468 fratre
1723 3416 2024 3481 assumpto
2047 3411 2123 3466 ad
2147 3408 2587 3465 Cantuariensis

472 3493 749 3549 Ecclesiae
796 3493 1205 3552 Praesulatum.
1280 3494 1405 3550 Sub
1454 3512 1571 3566 quo
1623 3501 1840 3560 tamen,
1902 3500 2038 3566 post
2094 3492 2585 3550 consecrationem

471 3577 620 3648 ejus,
683 3577 932 3634 Oxonias
990 3579 1279 3642 veniente,
1344 3579 1407 3634 in
1466 3577 1717 3636 ecclesia
1773 3579 2053 3636 Fratrum
2125 3577 2586 3634 Praedioatorum

474 3661 705 3732 incepit,
748 3662 921 3734 juxta
978 3663 1071 3719 sui
1129 3662 1408 3718 desiderii
1467 3663 1977 3735 complementum.
2075 3663 2152 3718 In
2200 3661 2370 3733 cujus
2430 3679 2585 3716 com-

472 3745 855 3811 mendatione,
884 3765 1016 3819 qum
1053 3745 1203 3802 solet
1236 3753 1370 3802 ante
1405 3747 1763 3819 principium
1797 3754 1932 3818 post
1953 3745 2425 3819 disputationem,
2454 3762 2586 3815 quae

478 3833 516 3856 ‘⁴
554 3829 836 3901 Vesperae
860 3831 896 3857 ”
946 3830 1333 3903 appellantur,
1385 3830 1460 3886 de
1507 3831 1872 3888 Bachalariis
1909 3831 2036 3886 ficri
2074 3829 2582 3901 magistrandium‚

476 3916 727 3971 asseruit
758 3917 1036 3987 praefatus
1058 3913 1571 3987 Archiepiscopus‚
1599 3914 1798 3988 (quem
1832 3916 2025 3972 dictus
2049 3915 2300 3971 Thomas
2336 3914 2408 3969 ab
2444 3913 2586 3968 olim

481 3998 883 4056 Confessorem
906 3998 1226 4071 habuerat),
1253 3999 1476 4056 nullius
1513 4000 1710 4072 ipsum
1743 4000 2007 4058 mortalis
2031 3998 2292 4054 criminis
2328 4014 2588 4068 unquam

484 4085 732 4143 sensisse
766 4087 1119 4162 contagium.
1194 4085 1524 4158 Quantique
1558 4086 1759 4146 meriti
1804 4086 1986 4146 fuerit
2019 4084 2175 4158 apud
2209 4085 2420 4151 Deum,
2460 4100 2585 4140 cre-

550 4433 561 4465 ·
590 4425 850 4484 wallorum·
873 4431 927 4483 in
949 4433 1035 4484 the
1056 4430 1256 4498 printed
1279 4438 1430 4483 texts.
1650 4426 1774 4480 ’alii
1810 4427 2117 4495 quamplures
2139 4425 2194 4478 ln
2216 4428 2361 4494 orig„
2386 4412 2499 4478 ’and
2531 4426 2585 4477 in

546 4519 565 4545 ²
581 4514 735 4564 Fama
757 4513 811 4562 iu
829 4513 973 4579 orig„
994 4514 1064 4578 by
1086 4512 1456 4566 inadvertcncc.
1584 4509 1699 4564 MS.
1721 4511 1855 4562 Bibl.
1875 4512 2001 4578 Reg.
2031 4515 2090 4560 13
2113 4510 2174 4560 E.
2197 4508 2294 4568 ix.;
2334 4507 2513 4573 aliique
2534 4508 2589 4556 in

503 4629 509 4634 -
544 4597 564 4625 ³
579 4591 840 4661 Angelicus
884 4593 941 4643 in
986 4592 1113 4659 orig.
1152 4593 1222 4658 by
1241 4591 1474 4644 inadver-
1583 4588 1882 4657 Rishangerg
1903 4589 2051 4640 etalii
2065 4589 2116 4638 in
2131 4588 2216 4639 the
2233 4588 2432 4653 printed
2446 4594 2594 4640 texts.

481 4683 636 4727 tence.
1654 4675 1674 4702 ⁸
1687 4671 1754 4722 Β.
1788 4670 1994 4722 Thomas
2016 4669 2070 4719 in
2092 4669 2178 4730 the
2200 4668 2400 4733 printed
2417 4674 2566 4719 texts.

545 4759 563 4788 ⁴
586 4754 792 4821 nanay
810 4754 867 4808 in
888 4754 976 4808 the
997 4754 1200 4822 printed
1220 4760 1370 4810 texts.
1657 4753 1674 4780 ⁷
1687 4750 1817 4803 medo
1839 4750 1894 4802 iu
1917 4749 2064 4815 orig„
2079 4749 2149 4814 by
2173 4747 2542 4800 inadvertencer
