3300 5617
1099 827 1430 878 msroRIA
1473 827 1891 879 ANGLIOANA.
2407 817 2539 887 417

64 992 216 1049 MS.
239 999 381 1053 Bibl.
440 1001 778 1057 solemniter
811 1002 1070 1059 celebrat
1114 1021 1277 1060 more
1321 1004 1570 1062 Abbatis
1619 1006 1752 1071 loci,
1805 1023 1986 1077 agens
2020 1004 2179 1060 diem
2215 1004 2535 1061 solemnem
2554 1011 2691 1066 A.D.
2718 1018 2861 1071 1379.

64 1061 228 1179 ἕως·
262 1071 322 1117 ¹3
438 1086 499 1141 in
535 1086 861 1153 condensis,
897 1105 1014 1143 non
1049 1093 1246 1144 tamen
1279 1107 1469 1161 usque
1505 1090 1580 1145 ad
1614 1108 1797 1146 cornu
1831 1090 2054 1156 altaris,
2095 1088 2202 1146 sed
2234 1106 2422 1161 usque
2458 1089 2533 1144 ad

130 1168 149 1183 ⁶
181 1149 264 1185 η’
433 1171 593 1243 ipsas
627 1188 860 1228 mensas
896 1178 958 1228 et
990 1172 1343 1240 convivium,
1384 1173 1402 1207 ¹
1421 1193 1556 1230 cum
1602 1193 1821 1247 magna
1862 1175 2070 1246 utique
2107 1191 2278 1231 sexus
2312 1174 2531 1230 utrius-

435 1273 549 1327 que
586 1256 917 1328 frequentia
949 1263 1127 1328 atque
1167 1258 1399 1329 plausu.

504 1339 622 1396 Sed
666 1358 784 1395 non
818 1340 922 1397 diu
971 1340 1133 1398 istud
1182 1342 1467 1413 gaudium
1512 1341 1704 1407 durat,
1761 1342 1905 1415 quin
1951 1342 2316 1415 perturbatio
2352 1347 2528 1414 atque
2550 1350 2824 1405 Brunfelde

431 1423 626 1480 luctus
673 1425 801 1497 ejus
849 1432 1109 1481 extrema
1154 1431 1417 1497 occupat.
1500 1426 1658 1482 Nam
1703 1427 1879 1498 paulo
1924 1433 2077 1499 post,
2126 1427 2357 1499 regales
2402 1433 2527 1483 tam
2548 1417 2593 1469 5⁸
2614 1423 2851 1472 mened-

428 1508 646 1564 milites
680 1527 855 1580 quam
883 1508 1182 1579 armigeri,
1220 1527 1356 1564 cum
1391 1509 1715 1575 lictoribus,
1749 1510 1825 1565 ad
1851 1510 2121 1582 Burgum
2152 1510 2522 1576 conveniunt,

428 1597 489 1647 et
526 1593 901 1649 Edmundum
960 1593 1086 1649 sine
1139 1611 1353 1665 magna
1396 1593 1736 1650 difficultate
1791 1611 1989 1651 seeum
2038 1595 2261 1651 ducunt
2310 1596 2386 1650 ad
2432 1614 2524 1651 re-

426 1676 824 1748 spondendum
860 1677 1014 1748 Regi
1062 1695 1239 1748 super
1272 1678 1613 1749 praemissis.
1686 1676 1710 1710 ²
1725 1678 1985 1749 Egi-essa
2017 1686 2213 1735 autem
2248 1697 2383 1734 cum
2417 1679 2521 1735 illo

426 1759 731 1816 Edmundo
764 1779 901 1833 pars
951 1761 1284 1818 Conventus
1321 1779 1454 1832 quae
1494 1761 1608 1818 sibi
1657 1762 1905 1827 favebat,
1946 1764 2133 1819 secuti
2181 1770 2317 1819 sunt
2350 1764 2519 1821 illum

425 1845 690 1901 monachi
738 1846 896 1901 circa
941 1844 1142 1901 decem
1189 1852 1250 1901 et
1282 1851 1431 1902 octo.
1508 1845 1774 1917 Cumque
1827 1847 1903 1901 ad
1937 1847 2520 1903 westmonasterium

424 1929 804 2000 pervenisset,
836 1930 1160 2001 requisitus
1189 1935 1283 1985 est
1309 1947 1346 1984 a
1378 1929 1759 1995 cancellariO,
1788 1929 2037 1985 Domino
2060 1931 2312 1986 Ricardo
2339 1931 2520 1987 Scrob

423 2013 632 2077 milite,
673 2032 779 2069 cur
815 2013 941 2068 sine
976 2014 1217 2069 lieentia
1249 2014 1420 2085 regia
1445 2012 1802 2069 Abbathiam
1837 2014 1910 2069 de
1940 2015 2143 2085 Burgo
2174 2015 2373 2070 Sancti
2404 2014 2519 2069 Ed·

423 2096 625 2152 mundi
660 2098 903 2164 intrare,
936 2102 997 2153 et
1016 2096 1298 2153 ’Abbatis
1334 2098 1495 2152 vices
1532 2097 1753 2153 ibidem
1789 2116 1985 2169 agere,
2024 2099 2514 2170 praesumpsisset.

424 2179 550 2248 Quo
579 2182 964 2253 respondente
993 2199 1058 2238 se
1092 2187 1371 2253 tanquam
1395 2181 1729 2252 legitimum
1757 2188 2052 2254 pastorem
2088 2183 2336 2239 intrasse
2365 2182 2517 2238 ovile

421 2264 744 2336 proprium,
794 2273 864 2321 ut
910 2272 971 2321 et
1011 2265 1218 2320 ovibus
1267 2265 1390 2320 suis
1438 2265 1673 2321 infectis
1719 2272 1887 2337 peste
1931 2271 2242 2337 praestaret
2285 2266 2512 2329 solatia,

421 2354 483 2403 et
531 2349 810 2405 morbidis
866 2350 1169 2405 salutifera
1214 2355 1557 2420 procuraret
1603 2349 1881 2414 remedia,
1928 2349 2239 2405 subintulit
2276 2348 2514 2404 Cancel-
2536 2360 2662 2412 And
2682 2379 2820 2414 eom-

420 2431 604 2488 larius
622 2436 757 2499 3-“
783 2433 938 2488 Puto
969 2433 1092 2498 te,''
1129 2432 1340 2504 inquit,
1384 2433 1504 2488 “in
1537 2433 1666 2503 ipso
1697 2433 1826 2488 loco
1859 2451 1968 2488 nec
2005 2451 2194 2505 aegras
2230 2451 2369 2488 oves
2404 2450 2512 2487 neo
2533 2429 2724 2489 lamed,
2739 2431 2862 2510 'sith

423 2518 462 2542 ‘⁸
501 2533 670 2571 sanas
729 2516 1028 2589 possidere
1056 2538 1071 2582 ς
1132 2517 1458 2588 praesertim
1519 2534 1655 2572 cum
1715 2518 1841 2571 sine
1900 2517 2269 2572 conniventia
2324 2516 2509 2586 regia,
2534 2495 2618 2545 ¹²²⁸
2640 2505 2793 2560 pm·

423 2600 462 2626 “
500 2601 680 2655 immo
721 2606 922 2656 contra
955 2601 1057 2673 jus
1094 2599 1328 2671 regium
1363 2605 1425 2655 et
1457 2600 1804 2672 approbatas
1840 2602 2010 2672 regni
2045 2601 2510 2665 consuetudines,
2537 2571 2745 2691 51ξὲἓὲ
2761 2564 2847 2696 tx

424 2686 463 2710 “
502 2701 617 2738 non
678 2690 746 2739 ut
795 2691 1012 2755 pastor,
1079 2683 1182 2740 sed
1237 2702 1344 2739 nec
1401 2689 1469 2739 ut
1523 2685 1916 2740 mercenarius
1976 2689 2222 2751 tantum,
2287 2684 2391 2739 sed
2449 2688 2518 2738 ut
2538 2695 2624 2746 the
2641 2696 2810 2747 chan.

423 2770 461 2795 “
500 2768 674 2839 lupus
710 2769 925 2839 potius,
967 2768 1327 2823 subintrasti.
1403 2767 1483 2823 Et
1516 2767 1648 2823 ideo
1686 2768 1836 2823 scire
1877 2774 1936 2822 te
1984 2767 2181 2833 debes,
2221 2774 2282 2823 et
2315 2784 2515 2822 omnes
2539 2763 2703 2813 cellor-

422 2854 462 2878 “
498 2853 589 2907 tui
639 2851 881 2917 similes,
921 2851 940 2883 ⁴
959 2869 1057 2907 eos
1093 2852 1249 2907 laesae
1281 2850 1604 2922 majestatis
1655 2851 1836 2921 rogiae
1871 2857 2150 2923 tanquam
2184 2851 2510 2924 proditores

420 2938 458 2962 ‘⁸
497 2935 773 2991 arcendos
845 2941 907 2991 et
972 2935 1305 2991 carceribus
1372 2934 1783 3005 mancipandos
1811 2956 1826 3001 ;
1901 2936 2192 3007 praecipue
2275 2941 2511 3007 propter

418 3021 457 3048 “
499 3019 798 3076 Statutum
834 3019 1284 3075 Parliamentale
1333 3018 1555 3074 editum
1590 3019 1871 3074 vicesimo
1908 3019 2160 3075 secundo
2208 3037 2357 3074 anno
2392 3019 2509 3073 Ed-

418 3106 457 3131 “
494 3104 696 3169 wiardi,
749 3104 932 3174 Regis
981 3102 1195 3166 ultimi,
1237 3101 1394 3172 quod
1439 3101 1609 3157 docet
1660 3118 1858 3156 omnes
1905 3102 2053 3157 tales
2100 3103 2195 3158 vel
2241 3102 2262 3133 ⁵
2281 3101 2512 3174 decapi-

419 3191 456 3215 “
494 3188 701 3244 tandos
735 3187 833 3243 vel
869 3187 1201 3243 carceribus
1250 3185 1658 3241 detrudendos,
1735 3185 2117 3241 Decernimus
2160 3203 2303 3257 ergo
2338 3192 2399 3241 te
2434 3185 2509 3239 ad

418 3274 456 3298 “
494 3272 730 3326 Turrim
802 3270 1232 3326 Londoniarum
1304 3268 1673 3333 mittendum,
1736 3267 1757 3299 ⁶
1783 3265 1942 3339 [cum
2000 3268 2117 3324 hiis
2173 3270 2274 3340 qui
2334 3275 2393 3323 te
2446 3268 2509 3323 in

417 3359 455 3382 “
494 3356 678 3426 Regis
726 3354 1003 3427 injuriam
1048 3353 1344 3427 prosecuti
1380 3358 1517 3408 sunt
1563 3353 1635 3407 de
1683 3352 2039 3408 Monasterio
2086 3353 2401 3417 monachis,
2441 3358 2512 3407 ut

416 3442 455 3466 ‘⁸
493 3440 711 3495 ibidem
762 3438 1040 3507 sol]licite
1090 3436 1531 3501 conservemini,
1571 3437 1755 3492 donec
1790 3437 2149 3493 voluntatem
2185 3438 2412 3509 regiam
2449 3443 2512 3492 et

416 3526 454 3550 “
493 3524 793 3579 decretum
830 3523 1208 3578 Parliamenti
1253 3522 1437 3577 futuri
1475 3538 1650 3592 super
1687 3521 1802 3576 isto
1836 3521 2071 3593 negotio
2104 3521 2335 3594 plenius
2372 3539 2508 3592 cog-

414 3609 454 3633 “
491 3606 861 3662 noscamus,”

481 3691 541 3745 N
542 3709 610 3746 ec
645 3710 825 3755 mora,
865 3709 1002 3746 cum
1030 3688 1248 3746 ⁷verba
1282 3694 1343 3744 et
1376 3688 1676 3744 decretum
1702 3687 2218 3761 ⁸perficiebantur3
2256 3686 2504 3744 'deduc-

411 3774 575 3846 tique
613 3782 751 3832 sunt
785 3774 860 3830 ad
894 3775 1134 3831 Turrim
1170 3792 1287 3829 una
1321 3791 1457 3828 cum
1492 3791 1561 3828 eo
1598 3774 1703 3846 qui
1752 3774 2176 3829 consentientes
2224 3772 2500 3838 aderant3

482 4109 496 4139 ¹
519 4123 626 4157 cum
642 4107 854 4159 omitted
869 4106 924 4156 in
938 4106 1025 4157 the
1047 4106 1247 4171 printed
1260 4112 1412 4157 texts.
1562 4107 1582 4136 ⁸
1606 4102 1851 4169 Supplied
1884 4105 2015 4153 from
2038 4103 2174 4154 Bibl.
2197 4104 2323 4168 Reg.
2350 4108 2412 4154 13
2435 4105 2495 4154 Ε.

479 4189 501 4219 ²
519 4187 765 4252 Eyremae
777 4187 832 4236 in
851 4186 976 4252 orig.
994 4188 1096 4236 and
1109 4186 1196 4236 the
1219 4186 1416 4249 printed
1496 4183 1568 4235 ix.
1592 4204 1606 4242 ς
1632 4183 1718 4233 the
1734 4183 1949 4248 reading
1968 4183 2025 4231 in
2048 4183 2133 4233 the
2148 4184 2348 4246 printed
2362 4190 2497 4234 texts

413 4272 550 4317 texts
576 4286 591 4325 3
615 4266 833 4332 Eqresso
850 4266 903 4315 in
932 4264 1069 4314 Bibl.
1102 4265 1231 4330 Reg.
1265 4269 1325 4314 :3
1352 4264 1413 4314 E.
1495 4263 1655 4327 being
1699 4262 1877 4326 solely,
1898 4260 2186 4321 mittendum,
2232 4268 2280 4312 et
2323 4261 2494 4312 ibidem

414 4346 488 4397 ix.
536 4345 813 4409 Correetly‚
831 4344 1053 4410 Eqrma
1075 4381 1090 4395 .
1122 4380 1136 4395 .
1173 4381 1185 4393 .
1223 4380 1236 4393 .
1251 4351 1412 4410 parte.
1495 4340 1870 4391 conservandum
1890 4340 2052 4390 donec.

479 4427 499 4457 ⁸
522 4425 748 4477 Omitted
768 4424 824 4474 in
845 4424 932 4474 the
953 4423 1154 4488 printed
1174 4429 1325 4473 texts.
1564 4422 1583 4449 ¹
1605 4419 1795 4469 verbum
1817 4420 1872 4468 in
1895 4420 1981 4470 the
2003 4419 2203 4484 printed
2223 4427 2371 4473 texts.

479 4504 500 4534 ⁴
521 4520 600 4553 eos
636 4501 935 4566 (correetly)
958 4500 1166 4552 omitted
1208 4500 1264 4549 in
1329 4500 1417 4551 the
1563 4499 1584 4528 ⁸
1598 4497 1947 4565 perficiebatur
1967 4498 2025 4547 in
2047 4498 2340 4564 orig.,Bibl.
2365 4500 2492 4565 Reg.

411 4582 613 4648 printed
633 4588 784 4632 texts.
1503 4583 1563 4627 13
1585 4578 1646 4629 E.
1670 4577 1761 4640 ix„
1784 4579 1886 4628 and
1906 4578 1992 4628 the
2014 4578 2214 4643 printed
2232 4586 2380 4630 texts.

476 4664 497 4693 ⁸
517 4659 832 4725 deceptandos
875 4658 931 4709 in
964 4658 1127 4725 orig.;
1161 4658 1417 4709 corrected
1562 4659 1584 4687 ⁹
1605 4657 1799 4708 deducti
1830 4657 1953 4708 em‘m
1972 4665 2088 4708 sunt
2107 4658 2163 4708 in
2186 4657 2271 4709 the
2293 4659 2494 4723 printed

412 4742 541 4793 stom
562 4740 651 4792 the
670 4739 877 4806 printed
897 4744 1050 4790 texts.
1498 4742 1650 4787 texts.

2012 4833 2144 4883 DI>
