3300 5617
62 1000 130 1054 S.
162 1003 342 1062 Bibl.

62 1085 153 1149 ἑξξ.
199 1078 279 1125 13

87 1151 192 1190 ix.

1063 810 1393 863 msa-osu
1421 808 1837 862 AuochnA.
2374 798 2506 862 413

411 999 580 1051 sue-ta
618 1000 821 1052 eontra
869 1014 1110 1053 suorum
1159 997 1460 1055 libertates
1501 998 1769 1070 inquirit,
1810 1014 1944 1053 cum
1980 996 2138 1053 omni
2173 997 2344 1052 domo
2380 1016 2505 1063 sua,
2536 1004 2671 1058 ΑΒ.
2698 1011 2842 1061 1379.

413 1080 690 1136 universa
713 1081 954 1145 familia,
979 1088 1220 1152 totoque
1244 1082 1522 1148 Consilio,
1550 1083 1623 1139 de
1662 1090 1821 1138 terra
1856 1099 1965 1137 sua
2006 1082 2069 1137 vi
2116 1083 2509 1138 communium

414 1170 504 1219 est
538 1165 832 1238 expulsae.
907 1167 987 1223 Et
1019 1185 1153 1222 mox
1201 1168 1491 1223 exercitus
1543 1167 1733 1240 plebis
1794 1166 1910 1222 cito
1960 1166 2243 1237 deligitur
2295 1167 2510 1238 viginti

411 1252 684 1318 millium,
735 1260 797 1310 et
842 1271 911 1309 eo
953 1255 1225 1328 amplius,
1276 1256 1539 1312 virorum
1581 1255 1655 1311 de
1711 1255 2127 1311 communitate
2165 1255 2505 1318 electorum,

410 1337 485 1393 ad
532 1338 974 1394 custodiendum
1024 1339 1168 1394 fines
1216 1340 1425 1412 patriae
1476 1340 1549 1395 ab
1602 1339 1844 1395 incursu
1896 1338 2214 1395 faventium
2269 1338 2505 1402 Comiti,

409 1438 517 1476 suo
563 1421 842 1477 videlicet
891 1422 1125 1477 domino
1173 1423 1448 1488 naturali,
1488 1429 1549 1479 et
1597 1423 1672 1519 qd
1726 1421 2108 1478 obsidendum
2178 1420 2363 1493 ¹[vel]
2416 1441 2509 1478 ca-

406 1506 684 1580 piendum
733 1506 982 1562 eundem
1030 1506 1339 1572 Comitem,
1386 1509 1436 1562 si
1484 1507 1913 1580 persistendum
1971 1507 2217 1579 inceptis
2254 1514 2505 1579 putaret.

408 1590 674 1656 Interim,
727 1598 798 1646 ut
855 1590 1091 1656 assolet,
1195 1591 1344 1647 fiunt
1411 1591 1773 1663 direptiones
1834 1597 1897 1647 et
1965 1592 2179 1663 proedoe
2223 1591 2509 1646 bonorum

407 1674 653 1732 Comitis
701 1676 933 1747 sibique
996 1676 1338 1741 faventium,
1384 1675 1656 1731 incendia
1714 1675 2088 1750 praediorum,
2146 1681 2363 1731 mortes
2423 1676 2506 1732 fa·

403 1760 771 1825 mulantium,
813 1768 875 1816 et
909 1767 1118 1816 cuneta
1154 1778 1284 1832 quoe
1343 1760 1440 1816 vel
1490 1759 1623 1816 odio
1677 1777 2057 1833 personarum
2117 1760 2247 1831 geri
2296 1760 2503 1825 solent,

404 1844 496 1900 vel
533 1844 793 1900 vindicta
815 1845 1121 1901 victorum.

476 1928 673 1984 Sensit
694 1929 889 1984 damni
912 1936 1138 2001 partem
1175 1928 1561 1985 Walerannus
1588 1928 1798 1983 Comes
1826 1928 2026 1984 Sancti
2050 1928 2241 1993 Pauli,
2273 1929 2374 2000 qui
2399 1946 2505 2002 per
2531 1945 2643 1997 The
2658 1947 2826 1998 eoum

403 2013 556 2067 idem
593 2019 823 2085 teinpus
857 2015 931 2068 ad
958 2020 1153 2085 partes
1192 2013 1325 2068 illas
1363 2019 1747 2077 concesserat,
1787 2013 1863 2068 ad
1899 2014 2275 2069 muniendum
2312 2022 2506 2070 castra
2529 2016 2591 2064 de
2615 2012 2759 2065 Saint

402 2111 509 2147 sua
543 2093 606 2148 in
656 2093 778 2147 illis
814 2094 1083 2164 partibus
1120 2092 1454 2148 constituta.
1516 2091 1708 2147 2Nam
1745 2110 1880 2147 eum
1916 2093 2336 2164 comperissent
2369 2112 2503 2148 eum
2531 2081 2627 2130 1³⁰¹
2649 2082 2693 2131 5⁸

401 2177 597 2231 favere
631 2178 784 2249 parti
823 2176 1089 2242 Comitis,
1118 2194 1249 2231 mox
1275 2176 1350 2231 ad
1387 2176 1680 2247 quoddam
1716 2176 1845 2248 ejus
1880 2178 2207 2231 manerium
2243 2178 2502 2232 universi
2529 2147 2804 2265 ξ’ᾜίῗέῗᾶ

401 2278 462 2315 se
500 2262 859 2316 transferunt
893 2261 956 2315 in
992 2260 1205 2332 spiritu
1257 2259 1473 2314 furoris
1510 2266 1571 2315 et
1607 2259 1960 2325 iracundioe3
2002 2266 2064 2316 et
2116 2266 2303 2315 totum
2355 2260 2503 2316 illud
2529 2295 2728 2330 conces.

397 2345 701 2417 praedium,
732 2345 888 2417 quod
909 2345 973 2399 in
997 2343 1259 2399 aedificiis
1285 2350 1345 2399 et
1367 2343 1804 2416 pulchritudine
1830 2344 2025 2399 omnia
2059 2344 2384 2399 Comitatus
2410 2362 2503 2399 ex·
2529 2347 2666 2396 sions
2688 2354 2740 2397 to
2758 2348 2838 2399 his

398 2428 640 2484 cedebat
662 2429 899 2501 proedia,
927 2429 1051 2484 solo
1076 2426 1463 2499 complanant,
1504 2446 1621 2483 non
1644 2428 2043 2499 relinquentes
2069 2429 2300 2498 tignum
2327 2445 2502 2499 super
2528 2415 2716 2478 people.

398 2514 700 2586 parietem,
757 2518 862 2568 aut
909 2512 1167 2584 lapidem
1222 2529 1400 2583 super
1449 2510 1743 2583 lapidem;
1810 2518 1881 2568 ut
1951 2513 2223 2567 omnibus
2275 2512 2503 2568 luceret

399 2597 613 2652 clarius
650 2597 784 2652 illos
821 2598 882 2652 in
918 2596 1092 2652 corde
1128 2602 1190 2652 et
1224 2613 1294 2650 ex
1330 2595 1504 2650 corde
1541 2595 1676 2650 odio
1700 2596 1975 2668 persequi
1999 2596 2297 2652 dominum
2329 2615 2500 2652 suum

402 2681 707 2743 Comitem,
772 2688 831 2736 et
879 2698 1077 2735 omnes
1128 2680 1230 2752 qui
1292 2680 1346 2733 ei
1400 2679 1801 2735 familiaritate
1850 2679 2050 2751 aliqua
2077 2680 2498 2752 jungebantur.

400 2764 550 2820 Cum
586 2766 790 2835 igitur,
830 2764 1046 2835 elapsis
1090 2763 1216 2835 jam
1277 2762 1481 2818 multis
1535 2762 1763 2827 diebus,
1823 2763 2033 2819 Comes
2082 2771 2351 2821 cerneret
2402 2782 2501 2821 eos

397 2848 460 2903 in
487 2867 595 2904 sua
622 2866 997 2921 perseverare
1032 2848 1373 2920 pertinacia,
1402 2854 1463 2902 et
1499 2847 1665 2918 prius
1703 2847 1852 2902 mori
1880 2847 2034 2902 velle
2062 2867 2236 2920 quam
2264 2867 2502 2904 consue-

399 2933 633 2988 tudines
693 2952 831 2988 suas
892 2932 1082 2988 avitas
1142 2932 1432 2996 amittere,
1485 2939 1546 2985 et
1592 2931 1720 3002 ipse
1768 2942 2054 3002 pertaesus
2091 2932 2287 2988 damni
2340 2935 2497 3005 quod

397 3018 602 3090 pati-ite
661 3016 1020 3072 inferebatur
1066 3016 1259 3070 medio
1318 3022 1600 3086 tempore,
1656 3015 1843 3070 mittit
1889 3015 1964 3070 ad
2012 3034 2110 3071 eos
2160 3018 2261 3087 qui
2299 3035 2501 3073 eorum

395 3102 701 3173 palparent
752 3101 993 3164 animos,
1048 3101 1097 3155 si
1149 3100 1297 3154 forte
1346 3099 1583 3154 interim
1645 3099 1779 3153 flexi
1839 3099 2106 3165 fuissent,
2160 3101 2253 3157 vel
2303 3103 2500 3158 labore

397 3185 626 3241 militiae
685 3191 788 3241 aut
838 3201 1223 3256 expensarum
1284 3183 1586 3238 nimietate
1634 3183 1830 3238 animo
1878 3184 2284 3242 concidissent.
2383 3187 2501 3243 Sed

400 3270 502 3324 ubi
538 3269 747 3325 didicit
780 3287 881 3325 eos
916 3268 1081 3324 nullo
1117 3267 1290 3323 modo
1328 3267 1599 3331 deflexos,
1639 3267 1821 3324 nullis
1853 3267 2156 3325 laboribus
2193 3272 2495 3342 fatigatos,

395 3353 660 3409 decernit
693 3352 1189 3408 ’condescendere
1227 3369 1468 3406 suorum
1512 3351 1530 3380 ⁴
1548 3351 1960 3422 [naturalium]
2010 3354 2319 3411 voluntati.
2420 3357 2499 3412 Et

397 3437 615 3493 idcirco
644 3437 1012 3492 renunciavit
1044 3435 1187 3499 illis,
1235 3453 1298 3490 se
1341 3434 1464 3489 fore
1515 3442 1785 3506 paratum
1832 3437 1908 3491 ad
1942 3437 2373 3508 praesidendum
2411 3442 2497 3495 eis

396 3531 466 3576 ut
503 3521 773 3575 dominus
821 3520 1107 3592 placidus,
1145 3518 1166 3551 ⁸
1188 3518 1240 3574 si
1288 3518 1406 3590 ipsi
1443 3519 1504 3572 in
1545 3519 1776 3574 caeteris
1825 3519 1996 3575 modo
2051 3527 2329 3577 consueto
2384 3525 2497 3579 sibi

396 3605 758 3660 submittant.
836 3604 960 3675 Ipsi
998 3620 1140 3659 vero
1178 3620 1546 3673 nequaquam
1585 3620 1649 3657 se
1688 3602 2081 3675 subjiciendos
2131 3608 2492 3674 renunciant,

395 3690 511 3743 nisi
548 3706 717 3743 omno
758 3688 1088 3742 Consilium
1130 3686 1152 3717 ⁶
1173 3685 1353 3758 [ejus]
1400 3694 1774 3742 removeatur
1822 3688 1896 3743 ab
1945 3689 2095 3761 ipso,
2138 3696 2199 3746 et
2232 3693 2495 3763 recipere

396 3776 584 3831 solum
608 3776 755 3831 velit
777 3776 1140 3831 consiliarios
1166 3794 1236 3830 ex
1262 3774 1587 3831 communis
1621 3776 1792 3846 vulgi
1829 3776 2098 3843 decret03
2140 3783 2201 3833 et
2236 3779 2492 3853 insuper,

394 3868 464 3916 ut
497 3861 693 3916 tradat
726 3861 790 3915 in
825 3878 1035 3915 manus
1071 3860 1262 3932 plebis
1310 3861 1469 3932 ipsos
1508 3859 1609 3930 qui
1645 3859 1985 3932 hujusmodi
2018 3863 2493 3934 perturbationis,

393 3963 497 4002 seu
546 3946 966 4011 commotionis,
1023 3962 1201 4001 causa
1251 3946 1433 4000 suere.
1510 3943 1720 3999 Comes
1772 3944 1977 4015 igitur,
2038 3945 2260 4001 nullam
2319 3947 2495 4003 aliam

415 4120 456 4127 v-

464 4232 475 4260 ·
504 4229 745 4294 Supplied
798 4230 928 4281 from
972 4229 1107 4280 Bibl.
1158 4228 1287 4293 Reg.
1341 4234 1399 4279 13
1559 4226 1577 4253 ⁴
1603 4224 1846 4290 Supplied
1867 4227 1999 4278 from
2031 4227 2166 4281 Bibl.
2190 4228 2316 4295 Reg.
2347 4235 2406 4279 13
2430 4230 2490 4281 E.

395 4310 457 4361 E.
479 4312 579 4363 ἧκε
616 4310 737 4360 etin
763 4310 848 4360 the
869 4309 1071 4374 printed
1091 4314 1244 4358 texts.
1493 4303 1574 4354 ix:
1618 4304 1832 4356 omitted
1848 4306 1903 4356 iu
1927 4307 2013 4356 the
2034 4306 2232 4371 printed
2255 4315 2403 4359 texts

441 4392 463 4421 ²
485 4389 623 4440 Nam
680 4390 888 4441 omitted
950 4388 1004 4438 in
1061 4387 1148 4438 the
1201 4387 1402 4452 printed
1558 4384 1579 4413 ⁸
1599 4381 1689 4432 sed
1705 4385 1753 4432 si
1769 4386 1875 4449 ipsi
1901 4384 1956 4434 in
1979 4385 2065 4436 the
2086 4386 2284 4450 printed
2305 4394 2456 4440 texts.

399 4478 548 4520 texts.
1558 4464 1578 4492 ⁸
1593 4461 1834 4526 Supplied
1886 4465 2016 4515 stom
2061 4465 2195 4517 Bibl.
2249 4466 2374 4532 Reg.
2428 4474 2489 4520 13

449 4535 764 4585 'descendere
779 4536 833 4585 in
848 4534 973 4601 orig.
985 4535 1083 4586 and
1101 4535 1187 4584 the
1203 4534 1400 4598 printed
1493 4541 1551 4590 Ε.
1607 4542 1680 4591 ix.
1767 4543 1991 4595 Omitted
2044 4544 2099 4593 in
2151 4545 2238 4596 the
2289 4547 2488 4611 printed

393 4623 528 4666 texts
550 4637 564 4675 ς
591 4616 847 4667 corrected
878 4615 1010 4666 from
1043 4614 1176 4664 Bibl.
1199 4614 1313 4679 Reg
1340 4620 1398 4664 13
1490 4628 1639 4671 texts,

391 4694 526 4749 nix
