3300 5617
1146 835 1474 884 msa-osu
1517 834 1942 886 AncchNA.
2502 824 2592 889 89

149 1015 458 1094 mahanger.
502 1019 542 1042 ‘⁸
580 1023 897 1089 praesentes
933 1031 1282 1089 cognoscere
1317 1026 1554 1091 possent
1602 1021 1804 1077 Scotos
1857 1019 2186 1091 Anglorum
2234 1033 2417 1090 regno
2459 1019 2596 1090 jure
2620 1027 2760 1079 Aa).
2787 1033 2928 1078 1³01.

152 1083 264 1132 MS·
295 1082 436 1199 Igu·
503 1104 542 1128 ‘⁶
584 1101 907 1174 subjugari.
978 1102 1058 1157 Et
1077 1102 1230 1158 vidit
1260 1104 1542 1176 quosdam
1578 1106 1844 1178 scopulos
1873 1105 2043 1176 juxta
2078 1104 2367 1175 quendam
2404 1104 2598 1159 locum

153 1150 311 1266 ᾖε.
506 1189 544 1212 “
583 1203 762 1257 prope
799 1186 1057 1250 Dunbar,
1097 1187 1161 1241 in
1197 1187 1411 1253 Scotia,
1449 1191 1795 1261 prominere,
1855 1195 2224 1260 exn-actoque
2275 1188 2472 1260 gladio
2524 1187 2599 1242 de

153 1282 281 1333 Ner
507 1273 546 1297 ‘⁶
586 1271 800 1341 vagina
861 1272 1152 1342 percussit
1198 1272 1262 1327 in
1314 1272 1557 1328 silicem.
1658 1273 1770 1342 Qui
1829 1273 1980 1346 lapis
2033 1274 2109 1329 ad
2161 1274 2343 1329 ictum
2392 1271 2598 1344 gladii,

158 1351 366 1415 Bymer·
508 1361 546 1381 “
587 1354 700 1409 Dei
734 1356 954 1410 virtute
989 1361 1218 1426 agente,
1258 1356 1345 1412 ita
1395 1363 1634 1413 cavatur
1669 1363 1738 1412 ut
1772 1374 2046 1412 mensura
2093 1356 2248 1412 ulnae
2299 1357 2361 1411 in
2413 1355 2602 1425 longi·

507 1443 545 1466 ⁸⁸
585 1439 787 1495 tudine
808 1440 997 1512 possit
1018 1441 1293 1512 coaptari.
1356 1441 1437 1496 Et
1458 1441 1475 1473 ¹
1491 1442 1666 1512 hujus
1690 1442 1778 1495 rei
1802 1441 2082 1497 hactenus
2107 1440 2346 1496 evidens
2370 1440 2606 1512 signum

506 1527 544 1549 ‘⁴
584 1532 840 1595 apparet,
881 1530 943 1578 et
975 1525 1038 1578 in
1073 1524 1480 1580 Beverlacensi
1519 1525 1783 1589 eeclesia,
1812 1525 1875 1580 in
1897 1524 2175 1597 Legenda
2191 1524 2361 1580 Beati
2388 1523 2426 1578 J
2429 1524 2605 1579 ohan·

507 1611 545 1633 “
585 1608 696 1671 nis,
736 1606 903 1678 quasi
929 1608 1180 1678 singulis
1206 1608 1601 1674 hebdomadis,
1630 1610 1706 1664 ad
1729 1609 1963 1664 laudem
1997 1615 2058 1664 et
2091 1607 2368 1663 honorem
2407 1607 2605 1664 Sancti

507 1695 545 1717 ‘⁸
587 1690 625 1745 J
627 1691 868 1746 ohannis
903 1708 1010 1762 pro
1045 1692 1328 1747 miraculo
1378 1693 1677 1748 recitatur.
1773 1693 1851 1747 Et
1899 1693 1971 1747 de
2009 1693 2117 1748 hoc
2152 1698 2311 1748 extat
2358 1691 2605 1746 celebris

504 1778 542 1800 ‘⁴
583 1774 880 1838 memoria,
921 1782 1042 1830 tam
1076 1775 1141 1829 in
1173 1775 1396 1846 Anglia
1432 1794 1606 1846 quam
1631 1777 1694 1830 in
1720 1776 1932 1839 Scotia,
1962 1792 2148 1847 usque
2172 1775 2238 1830 in
2258 1781 2606 1847 praesentem

503 1862 541 1884 ‘⁶
582 1858 756 1912 diem.
819 1858 992 1924 Item,
1022 1859 1459 1924 Constantinus,
1488 1860 1615 1914 Rex
1655 1861 1979 1924 Scotorum,
2026 1865 2086 1915 et
2123 1860 2444 1930 Eugenius‚
2480 1859 2607 1913 Rex

505 1946 542 1968 ‘⁴
588 1942 993 2007 Gumbrorum,
1033 1943 1108 1998 ad
1143 1944 1489 2014 praedictum
1525 1944 1751 2014 Regem
1787 1944 2020 2015 Angliae
2044 1942 2447 2008 Adelstanum,
2474 1948 2608 2014 post

506 2030 545 2053 ‘⁶
585 2026 841 2097 aliquam
855 2025 1309 2083 'dissensionem
1333 2028 1486 2083 inter
1500 2046 1597 2083 eos
1623 2028 1882 2084 habitam
1906 2028 2222 2093 venientes,
2241 2044 2304 2083 se
2322 2045 2456 2083 cum
2482 2028 2606 2083 suis

508 2115 546 2136 ‘¹
586 2111 784 2181 regnis
810 2110 1002 2166 eidem
1024 2111 1344 2167 Adelstano
1382 2111 1676 2167 dedidere.
1753 2111 1938 2183 Cujus
1977 2111 2118 2167 facti
2161 2111 2372 2182 gratia,
2417 2111 2607 2166 fllium

508 2198 546 2220 ‘⁶
588 2193 952 2249 Constantini
991 2195 1116 2266 ipse
1151 2193 1505 2250 Adelstanus
1542 2196 1616 2250 de
1653 2213 1818 2251 sacro
1868 2196 2025 2251 fonte
2080 2196 2353 2266 suscepit.
2429 2194 2601 2260 Item,

508 2280 546 2303 ‘⁶
586 2278 835 2341 Edredo,
875 2277 1029 2349 Regi
1065 2277 1320 2350 Angliae,
1374 2279 1533 2334 Scoti
1589 2278 1715 2334 sine
1769 2279 1924 2334 bello
1974 2295 2037 2334 se
2092 2278 2492 2344 subdideram,
2546 2284 2608 2334 et

509 2365 547 2388 “
587 2361 776 2416 eidem
799 2361 954 2433 Regi
977 2362 1228 2428 Edredo,
1255 2369 1535 2433 tanquam
1571 2363 1823 2428 domino,
1862 2357 2203 2418 fidelitatem
2221 2363 2602 2435 juraveruntg

509 2449 545 2472 ‘⁴
588 2445 836 2516 quodam
859 2445 1014 2501 Irioo
1039 2445 1203 2517 Rege
1228 2464 1403 2518 super
1426 2465 1525 2502 eos
1549 2447 1882 2503 constitute.
1938 2447 2090 2503 Item
2114 2464 2249 2504 cum
2269 2445 2292 2478 ⁸
2307 2447 2603 2520 Eggarus,

511 2533 548 2556 ⁸⁴
586 2528 710 2583 Rex
744 2528 996 2600 Angliae,
1050 2529 1275 2602 Regem
1331 2530 1638 2587 Scotorum
1693 2530 2051 2603 Kynadium,
2104 2536 2165 2586 et
2218 2530 2607 2586 Cumbrorum

511 2618 548 2640 ‘⁶
587 2612 983 2678 Malcolinum,
1011 2613 1238 2684 Regem
1267 2613 1621 2680 Insularum,
1649 2614 2022 2679 Malkerium,
2065 2621 2125 2669 et
2162 2613 2309 2669 alios
2347 2615 2606 2686 quinque

511 2702 549 2724 “
587 2696 607 2729 ⁴
622 2697 988 2767 subregulos,
1043 2696 1321 2753 videlicet
1384 2696 1811 2764 Doneualdum,
1870 2697 2094 2769 Syfolh,
2152 2698 2603 2763 Hunewaldum,

511 2785 550 2807 ‘⁸
589 2780 788 2845 Jacob,
828 2785 890 2835 et
923 2780 1179 2845 Ruchill,
1209 2781 1600 2854 subjugasset,
1642 2788 1704 2838 et
1736 2782 2076 2854 remigando
2111 2798 2217 2853 per
2252 2782 2497 2838 fluvium
2533 2781 2606 2836 de

513 2868 551 2891 ⁸⁸
589 2863 711 2919 Dee
728 2864 900 2936 juxta
922 2864 1231 2930 cestriam,
1259 2866 1323 2921 in
1358 2866 1609 2937 quadam
1629 2866 1767 2921 navi
1789 2883 1970 2938 prope
1994 2883 2228 2938 proram
2252 2865 2518 2931 sedisset,
2547 2871 2609 2922 et

513 2952 551 2975 ‘⁶
588 2950 783 3004 navim
832 2950 1082 3020 ipsemet
1129 2949 1530 3020 gubernasset,
1588 2951 1777 3006 fertur
1825 2951 1952 3022 ipse
1988 2950 2205 3006 dixisse
2242 2967 2606 3006 successores

515 3037 551 3060 “
590 3051 724 3089 suos
777 3051 947 3105 posse
1002 3034 1246 3105 gloriari
1300 3052 1362 3091 se
1414 3035 1608 3107 Reges
1659 3034 1988 3106 Anglorum
2055 3051 2203 3100 esse,
2261 3053 2396 3090 cum
2444 3039 2607 3091 tanta

512 3121 550 3144 “
587 3118 821 3173 honoris
855 3119 1246 3190 praerogativa
1279 3119 1629 3185 fruerentur,
1671 3119 1827 3190 quod
1862 3118 2184 3190 subjectam
2216 3119 2499 3175 haberent
2519 3123 2608 3175 tot

514 3207 551 3228 ‘¹
589 3219 798 3273 regum
831 3204 1168 3275 potentiam.
1244 3204 1389 3260 Post
1423 3205 1646 3260 dictum
1696 3204 2018 3275 Edgarum,
2077 3205 2405 3260 successive
2472 3220 2607 3275 reg·

516 3291 553 3314 ‘⁸
590 3294 875 3343 naverunt
909 3286 1103 3359 Reges
1139 3288 1392 3360 Angliae,
1440 3288 1688 3345 Sanctus
1723 3288 2046 3343 Edwardus
2099 3285 2345 3359 Martyr,
2402 3287 2604 3344 Ethel-

517 3375 552 3397 ⁸‘
589 3371 783 3435 redus,
855 3372 1036 3427 frater
1103 3372 1250 3444 ejus,
1317 3372 1660 3428 Edmundus
1727 3372 1920 3428 dictus
1982 3369 2036 3405 ‘'‘
2057 3371 2386 3438 Yrenside,’
2448 3372 2605 3428 filius

517 3458 554 3480 “
591 3453 909 3520 Ethelredi‚
950 3461 1011 3512 et
1046 3455 1291 3521 Gnatus,
1334 3457 1435 3526 qui
1471 3474 1675 3512 eorum
1709 3456 2068 3528 temporibus
2104 3473 2353 3527 regnum
2392 3456 2605 3512 Scotiae

516 3541 552 3564 “
592 3538 651 3592 in
687 3557 794 3594 sua
828 3539 1187 3611 subjectione
1222 3540 1459 3612 pacifice
1484 3546 1812 3596 tenuerunt.
1889 3540 2019 3596 Hoc
2044 3539 2325 3596 duntaxat
2344 3546 2602 3611 excepte,

515 3625 551 3648 ⁸⁶
591 3623 745 3693 quod
781 3624 1210 3694 quintodecimo
1247 3641 1394 3677 anno
1432 3623 1610 3679 Cnuti
1650 3624 1935 3695 praedicti,
1976 3623 2132 3678 idem
2184 3623 2412 3678 Gnutus
2468 3624 2604 3679 Sco·

515 3708 551 3732 “
590 3705 737 3761 tiam'
766 3708 1164 3784 rebellantem,
1190 3703 1569 3778 ‘expeditione
1605 3707 1748 3763 illuc
1785 3708 1976 3772 ducta,
2017 3714 2078 3763 et
2112 3707 2338 3778 Regem
2394 3707 2604 3763 Scotioe

515 3793 552 3816 ‘⁴
589 3786 989 3857 Malcolinum,
1029 3809 1211 3864 parvo
1266 3792 1519 3863 subjecit
1569 3792 1824 3864 negotiO,
1865 3792 2253 3863 subditusque
2289 3798 2382 3848 est
2414 3792 2605 3848 eidem

471 3891 488 3918 ’
513 3877 552 3902 “
591 3876 903 3946 praedictus
926 3875 1292 3931 Maloolinus.
1313 3875 1536 3945 Quibus
1561 3875 1877 3940 Har-aldus,
1896 3875 2051 3931 filius
2077 3875 2273 3941 Cnuti,
2296 3882 2357 3932 et
2377 3875 2604 3932 Harde-

515 3970 552 3993 “
591 3968 797 4019 cnutus
834 3961 1015 4015 frater
1066 3959 1212 4032 ejus,
1251 3978 1403 4015 unus
1438 3966 1573 4031 post
1605 3959 1786 4015 alium
1840 3958 2035 4032 Reges
2070 3959 2323 4030 Angliae,
2381 3977 2607 4016 succes·

515 4053 554 4077 ‘⁶
592 4053 808 4104 serunt.
886 4043 1111 4113 Quibus
1135 4044 1221 4099 sic
1243 4044 1643 4116 regnantibus,
1674 4043 2090 4115 subjectionem
2113 4044 2413 4116 pacificam
2434 4044 2607 4116 regni

515 4137 552 4160 ‘¹
593 4132 800 4189 Scotiae
835 4129 1183 4191 habuerunt,
1258 4128 1428 4193 Item,
1490 4128 1739 4185 Sanctus
1791 4128 2132 4193 Edwardus,
2191 4127 2317 4182 Rex
2349 4126 2603 4199 Angliae,

517 4221 553 4245 ⁸·
592 4232 838 4287 regnum
876 4213 1085 4268 Scotiae
1120 4211 1452 4275 Malcolino‚
1493 4212 1615 4268 filio
1653 4211 1837 4283 Regis
1888 4210 2296 4276 Oumbrorum,
2336 4211 2500 4267 dedit
2532 4212 2606 4267 de

517 4304 556 4329 ⁸⁴
593 4317 655 4356 se
693 4297 1019 4354 tenendum.
1111 4296 1280 4361 Item,
1320 4296 1653 4353 Willelmus
1690 4296 2031 4362 Bastardus‚
2088 4296 2214 4350 Rex
2260 4294 2515 4367 Anglioe,
2570 4314 2609 4352 a

583 4554 599 4585 ¹
633 4550 941 4617 Suppliedin
964 4566 996 4602 a
1015 4551 1141 4602 later
1161 4550 1313 4602 hand.
1679 4550 1700 4579 ⁸
1732 4546 1968 4613 Ironsyde
2000 4547 2057 4598 in
2091 4547 2176 4598 the
2198 4547 2403 4613 printed
2437 4553 2604 4610 texts}

582 4632 603 4663 ²
633 4630 966 4682 dissent-ionem
989 4630 1041 4679 in
1064 4630 1191 4695 orig.
1622 4627 1859 4679 Yrenside
1897 4627 1951 4678 in
2001 4626 2300 4694 Risbanger,
2345 4630 2446 4679 and
2490 4629 2605 4682 MS.

583 4712 604 4741 ⁸
635 4710 723 4761 Sic
743 4710 799 4760 in
820 4710 972 4776 orig.;
1007 4710 1087 4760 for
1107 4709 1362 4778 Edyanu.
1614 4708 1751 4759 Bibl.
1773 4708 1902 4773 Reg.
1932 4711 1990 4758 13
2014 4708 2074 4758 Ε.
2098 4707 2174 4760 ix.

587 4790 607 4821 ⁴
634 4787 915 4856 esbreqnlas
934 4789 988 4838 in
1011 4789 1140 4854 orig.
