3300 5617
775 803 863 868 20
1434 813 1697 866 ‘mom
1750 810 2222 864 wusmonut

530 998 667 1049 AD·
843 1002 1079 1058 Transit
1129 1019 1314 1058 annus
1368 1000 1479 1057 iste
1538 1000 1793 1073 frugifer
1845 1006 1907 1055 et
1953 991 2280 1065 finetifen'
2310 996 2543 1068 Anglis,
2600 995 2864 1060 Francis,
2889 1004 3200 1068 Binhmge.

436 1067 746 1118 ¹²⁸⁰’¹²⁸¹·
771 1087 1072 1152 Romanis,
1115 1085 1589 1156 sarracenisque,
1619 1085 1874 1157 quietus.
2892 1072 3007 1124 MS·
3033 1070 3168 1120 Bibl-

842 1172 1012 1226 Anno
1048 1172 1253 1241 gratiae
1300 1170 1612 1225 millesimo
1632 1167 2056 1244 ‘ducentesimo
2101 1167 2455 1239 octogesimo
2501 1166 2708 1239 prim0,
2766 1163 2870 1235 qui
2893 1141 3035 1256 {effi
3048 1141 3107 1187 ¹³

774 1263 866 1311 est
900 1274 1083 1310 annus
1120 1256 1289 1324 regni
1336 1254 1520 1326 Regis
1562 1249 1854 1317 Edam-di,
1894 1271 1931 1309 a
1966 1251 2318 1323 Conquoestu
2354 1251 2560 1314 Primi,
2610 1253 2867 1310 octavus,
2896 1244 2996 1340 M'S
3029 1243 3168 1338 hibl-

439 1351 629 1404 Martia
654 1350 751 1401 IV.
774 1339 1097 1395 Nicholaus
1161 1339 1323 1409 Papa
1378 1338 1614 1394 Tertius
1673 1338 1957 1404 moriturg
2015 1337 2417 1408 successitque
2476 1336 2533 1389 ei
2578 1333 2871 1389 Martinus
2894 1327 3115 1420 3413

777 1423 1050 1493 Quartus,
1092 1423 1256 1494 prius
1291 1422 1485 1478 dictus
1525 1425 1563 1450 “
1584 1421 1786 1494 Simon
1832 1421 1849 1455 ¹
1866 1420 2282 1485 Turonensis,''
2321 1419 2581 1475 Gallicus
2616 1416 2867 1472 natione.
2894 1423 2956 1474 E.
2981 1423 3057 1471 ix.

445 1519 610 1567 'romb
633 1515 692 1567 os
847 1508 977 1563 Hoc
1016 1525 1182 1572 ann0,
1223 1506 1547 1562 Edwardus
1572 1506 1700 1561 Rex
1735 1505 1990 1577 Anglioe,
2032 1505 2106 1560 de
2129 1503 2426 1576 lapidibus
2450 1501 2723 1574 pretiosis
2753 1500 2874 1570 jas-
2895 1513 3200 1576 Righgnger,

444 1585 621 1649 Hem?
654 1583 751 1634 111·
777 1591 1002 1665 pidum,
1032 1609 1178 1662 quos
1217 1608 1418 1646 secum
1455 1591 1738 1647 attulerat
1771 1590 1844 1645 de
1880 1590 2149 1662 partibus
2185 1587 2526 1651 Gallicanis,
2566 1592 2874 1658 paternum
2898 1581 3014 1631 HS·
3034 1578 3172 1630 Bibl-

446 1652 687 1730 ⁰‘.W²⁸¹'
779 1676 1115 1748 sepulcrum
1169 1674 1325 1747 apud
1376 1674 1962 1731 westmonasterium
2015 1674 2156 1729 fecit
2209 1672 2530 1744 plurimum
2577 1670 2873 1726 honorari.
2899 1649 3042 1765 {²2
3058 1651 3120 1696 ¹³

443 1728 666 1769 mmmm
852 1759 1075 1816 Eodem
1135 1776 1303 1824 anno,
1355 1758 1649 1816 Oliverus‘
1670 1759 1743 1813 de
1763 1767 1776 1779 ⁴
1794 1758 2042 1814 Suttona
2090 1757 2157 1813 fit
2208 1757 2535 1829 Episcopus
2585 1752 2878 1811 Lincolni-
2950 1753 2962 1766 ”
3049 1752 3062 1766 “

785 1844 975 1910 ensis;
1019 1845 1120 1917 qui
1156 1845 1321 1917 prius
1359 1845 1552 1901 fuerat
1585 1843 1851 1915 ejusdem
1887 1843 2150 1899 ecclesiae
2175 1841 2464 1897 Decanus.

452 1939 588 1990 ΑΒ.
616 1943 761 2008 1281·
857 1929 1065 1985 Frater
1102 1928 1143 1984 J
1145 1931 1400 1985 ohannes
1434 1927 1743 1990 Peccham,
1774 1926 2213 1983 cantuariensis
2249 1925 2762 1998 Archiepiscopus,
2805 1941 2882 1978 ne

453 2021 667 2073 Council
688 2022 750 2071 of
784 2013 936 2067 nihil
972 2013 1182 2068 secisse
1218 2012 1539 2078 videretur,
1569 2017 1849 2067 convocat
1886 2010 2216 2066 Concilium
2253 2009 2410 2081 apud
2444 2008 2880 2079 Lambheythe3

452 2089 714 2139 Lssmbeth·
786 2098 850 2151 in
886 2114 1002 2168 quo
1045 2096 1506 2152 Constitutiones
1543 2094 1775 2151 Ottonis
1825 2092 1975 2166 ²[et]
2027 2093 2323 2159 Ottoboni,
2369 2092 2658 2165 quondam
2697 2093 2884 2164 Lega-

787 2185 981 2236 torum
1017 2180 1079 2234 in
1114 2181 1203 2235 An
1211 2180 1351 2250 glia,
1393 2179 1691 2244 innovans,
1725 2179 1909 2250 jussit
1944 2196 2042 2234 eas
2078 2178 2150 2233 ab
2187 2178 2455 2233 omnibus
2491 2176 2790 2234 custodiri.

860 2263 1096 2319 Transit
1148 2281 1333 2318 annus
1382 2264 1496 2318 iste
1548 2263 1804 2334 frugifer
1857 2268 1919 2319 et
1971 2262 2271 2329 fructifer3
2312 2261 2608 2327 Romanis,
2647 2260 2882 2333 Anglis,

790 2346 1055 2412 Gallicis,
1099 2346 1453 2412 Sarracenis,
1493 2347 1950 2418 incredulisque,
1981 2347 2232 2417 quietus.

859 2432 1029 2486 Anno
1066 2432 1272 2501 gratiae
1299 2431 1613 2487 millesimo
1648 2430 2047 2488 ducentesimo
2081 2431 2437 2502 octogesimo
2474 2431 2744 2494 secunde,
2785 2431 2886 2502 qui
2912 2446 3027 2499 ms,
3052 2445 3186 2497 Bm,

792 2519 884 2570 est
941 2532 1125 2569 annus
1176 2515 1343 2585 regni
1395 2514 1580 2586 Regis
1622 2514 1925 2581 ‘Edwardi,
1967 2533 2004 2570 a
2043 2514 2401 2586 Conquaestu
2435 2513 2641 2579 Primi,
2679 2532 2884 2578 nonus,
2912 2515 3042 2593 Beg.
3073 2519 3132 2564 13

456 2596 706 2674 Tuum·
791 2599 1088 2653 Martinus
1140 2598 1302 2670 Papa
1351 2599 1597 2656 Senator
1651 2600 1902 2655 efficitur
1936 2597 2116 2654 Urbis
2152 2598 2388 2666 Bomae3
2440 2599 2540 2671 qui
2578 2599 2642 2654 in
2677 2597 2886 2654 Boma-
2912 2581 2974 2632 Ε·
2997 2596 3072 2631 ²¹·

454 2670 591 2713 ‘¹⁰⁰⁸
612 2669 665 2713 ⁸²
791 2681 1009 2737 niolam
1033 2682 1352 2738 exercitum
1365 2683 1531 2739 misit
1553 2692 1756 2739 contra
1770 2682 2126 2748 Gwidonem,
2149 2682 2437 2738 Comitem
2455 2682 2674 2738 Montis
2690 2682 2884 2748 Febri,
2912 2690 3205 2753 Rishanger.

459 2730 634 2781 3⁰¹¹*
793 2766 898 2836 qui
935 2765 995 2820 in
1030 2765 1297 2841 partibus
1334 2766 1454 2823 illis
1490 2773 1679 2823 terras
1730 2767 2011 2823 Ecclesiae
2047 2766 2371 2839 occupavit.
2446 2767 2564 2822 Hic
2599 2765 2890 2822 Martinus
2913 2757 3030 2889 {Sd
3053 2755 3184 2872 labl-

791 2848 957 2922 Papa
1005 2867 1178 2922 capas
1229 2850 1507 2906 Fratrum
1558 2849 2009 2906 carmelitarum
2068 2850 2321 2907 mutavit
2365 2851 2430 2906 in
2479 2849 2696 2917 album,
2760 2869 2891 2923 quoe
2917 2891 2979 2941 E·
3003 2891 3075 2942 iz

792 2933 958 3006 prius
994 2940 1161 2990 erant
1195 2934 1538 3004 stragulata*
1574 2940 1635 2991 et
1667 2934 1924 2990 birratae.

461 3016 650 3076 David,
865 3018 954 3073 Eo
988 3023 1273 3090 tempore,
1314 3017 1526 3085 David,
1580 3035 1898 3089 germanus
1952 3018 2245 3092 Principis
2282 3019 2534 3085 walliae,
2588 3020 2898 3076 immemor

459 3084 667 3135 bm‘he‘
686 3085 748 3135 ⁰³
794 3101 1219 3157 beneficiorum
1270 3101 1456 3173 Regis
1516 3100 1775 3173 Angliae,
1822 3102 1925 3173 qui
1974 3120 2110 3157 eum
2162 3110 2536 3175 promoverat
2585 3111 2647 3161 et
2698 3109 2901 3161 contra

463 3150 737 3217 Llewelyn‘
796 3187 1041 3244 fiatrem
1069 3191 1522 3257 persequentem
1545 3191 1896 3257 protexerat,
1923 3187 2238 3244 concitavit
2258 3205 2406 3259 pene
2428 3193 2611 3244 totam
2625 3188 2900 3245 walliam

798 3270 876 3326 ad
909 3269 1335 3341 insurgendum
1385 3276 1590 3326 contra
1635 3269 1884 3341 Regem.
1958 3270 2038 3326 Et
2071 3277 2141 3326 ut
2174 3270 2510 3344 Principem
2559 3272 2901 3344 nobilesque

805 3354 1201 3411 Wallensium
1253 3353 1329 3409 ad
1382 3351 1733 3410 seditionem
1793 3353 2028 3409 facilius
2088 3355 2417 3421 inclinaret,
2489 3357 2615 3427 ipse
2674 3358 2900 3429 primus

465 3436 713 3516 Transfe-
803 3439 1030 3494 facinus
1067 3437 1437 3508 aggreditur,
1484 3444 1546 3494 et
1598 3437 1904 3509 Rogemm
1939 3437 2012 3495 de
2050 3437 2315 3505 clifford,
2361 3440 2613 3496 militem
2648 3440 2904 3497 nobilem

465 3514 601 3553 ‘¹⁰⁰⁸
623 3518 679 3554 ¹¹²
802 3529 864 3579 et
914 3521 1223 3586 famosum,
1272 3538 1448 3591 quem
1484 3521 1613 3580 Rex
1648 3520 1795 3577 illuc
1829 3522 2091 3588 miserat,
2134 3529 2414 3595 tanquam
2450 3524 2631 3581 totius
2671 3523 2901 3580 Walliae

466 3570 654 3622 waes·
803 3606 844 3660 J
845 3605 1232 3669 usticiarium,
1272 3604 1424 3659 nihil
1459 3605 1577 3661 tale
1614 3605 2031 3677 suspicantem,
2079 3605 2432 3678 ’proditiose
2468 3609 2531 3665 in
2567 3616 2762 3665 castro
2797 3627 2903 3665 suo

802 3689 876 3744 de
901 3688 1241 3761 Hawardyn
1276 3688 1587 3744 Dominica
1620 3689 1685 3745 in
1720 3689 1923 3745 Ramis
1976 3690 2316 3747 Palmarum
2351 3694 2540 3765 cepit;
2598 3692 2905 3765 quosdam-

804 3790 917 3843 que
953 3772 1172 3829 milites
1210 3774 1357 3845 ejus,
1400 3773 1667 3829 volentes
1702 3773 2002 3840 resistere,
2041 3775 2297 3833 inermes
2350 3776 2582 3834 occidit.
2681 3775 2905 3831 Exinde

802 3873 1079 3912 reversus
1133 3856 1209 3910 ad
1258 3857 1614 3929 Principem,
1656 3857 1904 3914 collecto
1939 3860 2220 3926 exercitu,
2266 3878 2384 3917 una
2430 3879 2566 3917 eum
2614 3879 2684 3917 eo
2718 3860 2908 3918 Redo-

801 3941 1002 3995 lanum
1037 3940 1217 4004 venit,
1244 3941 1725 4014 obsidionemque
1761 3942 1961 4014 posuit
1995 3944 2155 4000 circa
2188 3950 2466 4002 castrum.

872 4024 963 4081 Eo
996 4030 1263 4095 tempore
1300 4024 1427 4078 Rex
1463 4025 1811 4081 Paschalem
1837 4027 2266 4084 solemnitatem
2301 4030 2364 4084 in
2399 4028 2659 4086 Dioecesi
2696 4028 2908 4088 Sarum

803 4108 1013 4174 tenuit,
1059 4107 1217 4178 apud
1253 4106 1274 4138 ⁴
1291 4106 1517 4173 vasam
1557 4108 1661 4163 ubi
1699 4110 2003 4182 superbae
2028 4113 2414 4169 commotione
2449 4113 2667 4169 auditis
2717 4133 2910 4170 rumo-

803 4191 992 4258 ribus,
1038 4191 1227 4263 jussit
1262 4207 1441 4263 quam
1491 4192 1513 4223 ⁸
1530 4193 1715 4248 totius
1769 4196 2091 4252 exercitum
2142 4198 2509 4270 congregari.
2607 4197 2906 4264 Militiam,

869 4437 885 4467 ¹
908 4434 1170 4486 Meci:
1187 4434 1245 4485 in
1265 4433 1392 4500 orig.
1978 4439 1997 4469 ⁴
2026 4438 2177 4489 Visae
2198 4439 2254 4490 in
2276 4439 2364 4491 the
2393 4441 2593 4506 printed
2621 4449 2774 4495 texts.
2809 4442 2913 4496 Di-

867 4513 1152 4580 ²Supplied
1184 4514 1316 4565 stum
1362 4513 1683 4580 Rishanger3
1723 4514 1811 4566 the
1910 4517 2335 4579 vincianam,
2366 4520 2916 4590 uinBishnngoeand

802 4592 1040 4645 omission
1075 4607 1253 4644 occurs
1286 4593 1341 4644 in
1373 4592 1486 4644 MS.
1513 4594 1647 4646 Bibl.
1678 4594 1806 4661 Reg.
1910 4595 2047 4648 Bibl.
2068 4596 2197 4662 Beg.
2226 4602 2287 4648 1³
2311 4598 2372 4649 Ε.
2397 4598 2471 4649 ix.

804 4679 866 4725 13
890 4672 950 4723 E.
974 4672 1049 4723 ix.
1971 4676 2354 4742 ‘quanm-n·
2377 4685 2521 4728 εοιιηι
2539 4676 2593 4729 in
2613 4678 2699 4730 the
2720 4679 2920 4744 printed

870 4745 1164 4819 'proditorie
1184 4752 1241 4803 in
1262 4752 1349 4804 the
1368 4750 1569 4819 printed
1588 4759 1738 4805 texts.
1907 4760 2059 4803 texts.
