3300 5617
1201 821 1531 873 msrossm
1574 819 1993 873 moneas.
2520 806 2651 878 107

199 1013 396 1064 Rishan
435 1029 506 1064 er.
621 1009 755 1065 Hoc
804 1025 971 1073 anno,
1034 1009 1131 1064 die
1189 1008 1495 1066 Nonarum
1545 1010 1715 1076 Julii,
1771 1010 2020 1066 moritur
2079 1009 2243 1079 Papa
2299 1007 2652 1063 Benedictus
2677 1010 2815 1060 A.D.
2852 1016 2994 1062 1304.

169 1080 310 1144 ‚MS
335 1081 405 1131 Bi
444 1081 479 1130 ¹·
552 1094 805 1150 Perusii.
881 1094 1026 1150 Post
1083 1094 1252 1165 cujus
1312 1095 1554 1162 obitum,
1626 1112 1762 1152 cum
1836 1093 2177 1151 cardinales
2242 1092 2307 1147 in
2373 1092 2653 1148 electione
2679 1093 2844 1144 Death
2866 1094 2927 1145 of

197 1148 413 1264 ἕξω
555 1179 783 1234 Summi
798 1178 1100 1234 Pontificis
1119 1178 1485 1245 dissiderent,
1504 1199 1541 1235 a
1563 1180 1811 1246 civibus,
1831 1178 2150 1236 secundum
2166 1175 2656 1234 constitutionem
2680 1161 2995 1278 ΞΟΡΕΧῙἙΠΕ·

346 1253 359 1264 ·
551 1263 827 1335 Gregorii
861 1263 1109 1329 Decimi,
1148 1263 1544 1321 includuntur.
2736 1234 2788 1278 ‘⁵‘

621 1347 859 1405 'hausit
909 1365 1095 1403 annus
1165 1347 1299 1414 iste,
1371 1349 1614 1421 frugum
1671 1350 1770 1405 vel
1828 1349 2129 1406 fructuum
2186 1344 2492 1403 fertilitate
2550 1363 2659 1403 nec

550 1433 719 1504 inops
754 1449 862 1488 nec
911 1432 1214 1498 abundus3
1286 1432 1565 1490 Romanis
1600 1433 1873 1505 lugubris
1909 1439 2148 1507 propter
2200 1430 2218 1464 ¹
2238 1431 2660 1488 dissensionem

551 1517 949 1573 Cardinalium
985 1518 1049 1572 in
1083 1516 1366 1573 electione
1419 1517 1628 1589 Papoe3
1686 1518 1930 1573 Francis
1984 1524 2046 1573 et
2092 1517 2364 1589 Anglicis
2423 1523 2661 1589 propter

551 1602 823 1658 subactos
860 1602 1225 1658 adversarios
1261 1602 1592 1674 gloriosum
1634 1601 1825 1658 Scotis
1879 1606 1942 1658 et
1989 1602 2446 1658 Flandrensibus
2482 1601 2662 1658 nimis

549 1686 787 1743 odibilis
828 1693 1069 1759 propter
1105 1687 1373 1759 Regibus
1409 1685 1608 1743 datam
1640 1686 1951 1744 victoriam
1987 1686 2061 1743 de
2097 1687 2338 1746 eisdem.

961 1991 1201 2081 Oaptio
1245 2000 1306 2062 et
1364 2014 1548 2061 ‘mors
1605 1992 1931 2063 willelmi
1987 1994 2259 2082 Waleys.

211 2179 319 2232 MS.
341 2181 480 2231 Bibl.
627 2169 798 2225 Anno
848 2168 1056 2240 gratiae
1106 2169 1423 2225 millesimo
1456 2168 1867 2225 trecentesimo
1918 2175 2099 2234 sexto,
2165 2169 2268 2240 qui
2327 2173 2419 2225 est
2476 2187 2660 2224 annus
2686 2168 2824 2220 A.D.
2864 2175 3001 2222 1305.

214 2249 334 2326 Βθξ·
358 2254 417 2298 13
555 2254 729 2327 regni
765 2253 949 2323 Regis
985 2252 1281 2318 Edwardi,
1319 2272 1358 2309 a
1392 2252 1750 2323 Conquaestu
1784 2253 1992 2318 Primi,
2046 2253 2379 2310 tricesimus
2430 2254 2659 2319 tertius,

215 2314 272 2364 E·
295 2330 368 2365 ¹¹·
558 2339 674 2394 fuit
707 2336 866 2392 idem
900 2334 1027 2391 Rex
1077 2336 1153 2391 ad
1205 2336 1421 2392 Natale
1471 2336 1811 2404 Londoniis,
1869 2355 2004 2393 cum
2059 2336 2292 2408 Regina
2342 2338 2666 2410 multisque

553 2422 894 2495 proceribus
929 2421 1100 2493 regni
1136 2422 1250 2476 sui.

216 2513 515 2581 Bishnnger.
627 2506 760 2563 Hoc
818 2523 986 2570 anne,
1025 2504 1361 2562 Willelmus
1397 2503 1657 2578 Waleys,
1697 2506 1801 2579 qui
1839 2505 2097 2563 Scotiam
2131 2508 2471 2579 frequenter
2506 2524 2659 2563 com·
2685 2498 2901 2566 &ptum

216 2581 324 2631 MS·
346 2582 484 2633 Bibl.
555 2596 837 2656 moverat,
876 2608 984 2662 per
1031 2589 1252 2646 milites
1288 2590 1473 2662 Regis
1509 2591 1573 2646 in
1609 2591 1809 2648 Scotia
1843 2597 2047 2663 captus
2083 2598 2193 2658 est,
2232 2598 2293 2649 et
2327 2593 2657 2648 Londonias
2683 2570 2785 2648 ως
2806 2585 2924 2620 ‘³¹⁶’

216 2648 424 2765 {effi-¹³
557 2693 744 2748 usque
794 2673 818 2706 ²
831 2675 1079 2740 ductus;
1141 2674 1246 2729 ubi
1297 2674 1662 2746 judicialiter
1714 2676 2148 2741 condemnatus,
2202 2676 2475 2742 trahitur,
2530 2695 2655 2733 sus·
2681 2638 2937 2753 &fimf

555 2761 848 2833 penditur,
887 2763 949 2814 et
983 2758 1191 2814 ultimo
1227 2758 1567 2815 decollatur.
1608 2759 1795 2832 Cujus
1841 2765 2019 2832 caput
2052 2760 2367 2817 Londoniis
2420 2762 2484 2816 in
2531 2761 2660 2816 loco
2684 2768 2924 2821 wallace.

555 2843 833 2900 eminenti
867 2842 1073 2915 flgitur
1109 2860 1286 2916 super
1319 2843 1539 2915 palum,
1593 2863 1805 2916 corpus
1852 2863 1994 2901 vero
2042 2845 2106 2900 in
2161 2845 2419 2901 Scotiam
2470 2851 2658 2901 trans·

554 2921 800 2986 missum
835 2933 928 2984 est
959 2929 1024 2983 in
1060 2934 1316 3000 quartas,
1359 2947 1508 3001 quae,
1549 2930 1624 2985 ad
1660 2930 1909 2985 aliorum
1944 2936 2247 2995 terrorem,
2301 2930 2363 2984 in
2413 2929 2662 2993 diversis

553 3014 799 3070 urbibus
836 3012 1289 3085 suspenduntur.
1364 3013 1485 3070 Hic
1523 3031 1595 3068 ex
1641 3013 1844 3070 infima
1892 3020 2070 3085 gente
2119 3020 2476 3086 procreatus,
2528 3030 2663 3086 pro-

555 3116 726 3155 cessu
773 3098 1053 3170 temporis
1107 3098 1296 3153 factus
1349 3102 1442 3153 est
1492 3097 1587 3155 vir
1646 3098 2008 3170 sagittarius,
2045 3097 2210 3155 illius
2261 3098 2400 3154 artis
2453 3098 2669 3170 peritia

555 3182 872 3254 quaeritans
927 3181 1154 3238 ‘victum
1214 3200 1405 3239 suum.
1515 3181 1783 3254 Cumque
1843 3182 2026 3239 semel
2080 3189 2141 3238 et
2193 3183 2448 3240 secundo
2501 3200 2669 3239 snam

539 3267 956 3323 ‘fortitudinem
1014 3266 1236 3339 pariter
1320 3273 1383 3323 et
1448 3266 1753 3323 audaciam
1820 3272 2094 3339 expertus
2164 3267 2392 3333 fuisset,
2462 3266 2671 3323 altiora

557 3351 854 3424 appetens,
881 3351 1094 3424 petivit
1115 3370 1152 3407 a
1176 3351 1367 3409 Scotis
1391 3351 1691 3407 licentiam
1714 3357 1784 3407 ut
1814 3357 2015 3424 posset
2047 3350 2332 3424 Anglicos
2368 3352 2665 3417 infestare,

557 3434 902 3507 promittens
985 3454 1050 3491 se
1133 3440 1318 3492 totam
1398 3435 1681 3507 Angliam
1756 3437 2244 3508 conquisiturum,
2327 3443 2389 3493 et
2465 3437 2670 3493 Scotos

559 3519 807 3575 victores
842 3538 1032 3592 usque
1068 3518 1397 3576 Londonias
1432 3520 1876 3592 producturum.
1954 3520 2144 3577 Scotis
2194 3537 2336 3578 vero
2388 3522 2505 3578 cito
2558 3520 2672 3578 sibi

560 3604 1069 3670 consentientibus,
1098 3610 1159 3659 et
1181 3603 1377 3676 ipsum
1412 3621 1617 3660 eorum
1653 3604 1864 3662 ducem
1898 3606 2405 3672 constituentibus,
2443 3606 2672 3662 militiae

561 3689 804 3745 donatus
864 3695 957 3745 est
1014 3689 1252 3761 cingulo
1307 3707 1344 3744 a
1393 3689 1648 3761 quodam
1691 3689 1921 3747 Oomite
1971 3687 2232 3762 regionis
2268 3691 2449 3746 illius.
2525 3681 2673 3746 Inde

560 3773 737 3845 coepit
793 3774 1105 3845 pervagari
1164 3773 1494 3845 provincias
1559 3792 1749 3846 usque
1796 3774 2303 3841 Nerthumbriam,
2355 3775 2673 3831 maximum

562 3858 880 3915 tumultum
939 3857 1298 3926 concitando,
1361 3859 1536 3916 villas
1596 3867 1660 3918 et
1716 3878 1893 3932 agros
1947 3855 2371 3933 depopulandO,
2444 3860 2674 3933 praedas

564 3943 806 4015 agend0,
883 3951 944 4002 et
1028 3960 1303 4016 magnam
1376 3950 1605 4016 partem
1675 3945 1882 4018 patriae
1952 3944 2222 4002 incendio
2294 3943 2670 4002 devastando.

565 4027 845 4085 Videntes
883 4047 1026 4101 ergo
1064 4027 1225 4085 Scoti
1261 4028 1419 4085 viam
1455 4046 1623 4085 snam
1645 4029 2000 4103 prosperari,
2029 4026 2396 4086 confluebant
2429 4029 2505 4085 ad
2539 4045 2675 4084 eum

563 4112 624 4166 in
658 4114 1032 4169 multitudine
1056 4109 1156 4169 vix
1190 4117 1210 4146 ³
1227 4113 1678 4181 innumerabili3
1715 4132 1833 4171 non
1868 4115 2058 4171 solum
2074 4115 2342 4187 juvenes,
2371 4109 2476 4171 sed
2498 4108 2676 4170 etiam

563 4191 674 4263 ipsi
711 4211 898 4260 senes,
955 4194 1041 4249 ita
1075 4200 1145 4249 ut
1177 4192 1242 4249 in
1275 4193 1442 4250 brevi
1491 4199 1719 4250 tantum
1769 4193 2036 4252 conflarit
2086 4190 2407 4250 exercitum
2460 4200 2676 4266 quanto

564 4276 760 4333 nullus
784 4278 1077 4351 princeps,
1097 4278 1271 4351 juxta
1295 4278 1604 4335 Scotorum
1628 4278 1978 4351 opinionem,
2005 4277 2282 4336 resistere
2307 4271 2672 4353 praevaleret.

566 4360 762 4432 Igitur
803 4362 877 4418 de
911 4369 1076 4420 tanta
1127 4361 1507 4420 multitudine
1557 4362 1999 4435 gloriabundus,
2055 4364 2327 4436 concepit
2373 4359 2677 4420 audaciam

636 4621 649 4653 ¹
684 4622 1025 4675 dissent-ionem
1045 4621 1101 4673 in
1125 4613 1253 4689 orig.
1726 4623 1757 4654 ⁸
1786 4619 2077 4674 numerabili
2094 4621 2149 4674 in
2172 4623 2258 4676 the
2279 4621 2481 4689 printed
2502 4627 2636 4676 texts
2659 4644 2675 4688 ς

633 4705 653 4735 ²
684 4704 842 4754 dictus
872 4703 930 4754 in
964 4702 1118 4769 orig.;
1154 4701 1410 4755 corrected
1441 4702 1574 4756 from
1667 4699 2012 4755 innumerabili
2031 4701 2088 4755 in
2108 4699 2412 4772 Risbnnger.

567 4784 602 4832 h
617 4799 644 4834 e
679 4784 882 4849 printed
901 4791 1052 4837 texts.
