3300 5617
1060 790 1391 841 ms‘romA
1419 789 1833 841 Anoucma
2376 780 2498 842 381

59 966 147 1018 [S-
174 967 338 1021 Bibl.
400 980 596 1030 rentes
632 974 860 1031 litteras
885 976 1087 1031 decem
1124 975 1385 1046 signatas
1423 975 1661 1047 sigillis,
1688 979 1953 1047 petentes
1978 980 2040 1031 et
2072 975 2188 1046 ipsi
2224 974 2507 1031 auxilium
2532 974 2670 1028 AJ).
2698 980 2841 1029 1378.

59 1042 167 1119 teg.
203 1041 275 1085 13

59 1130 83 1151 ..
114 1115 204 1153 ix.

399 1060 670 1131 praestari
727 1059 1156 1124 cardinalibus,
1208 1060 1530 1131 allegantes
1591 1060 1825 1116 fortiter
1881 1077 1989 1131 pro
2048 1059 2288 1115 eisdem.
2389 1058 2507 1115 Sed
2533 1066 2743 1132 Euvoys

401 1142 652 1198 Domino
690 1143 815 1199 Deo
850 1144 1100 1209 favente,
1144 1143 1247 1214 qui
1286 1149 1496 1199 cuncta
1522 1144 1687 1215 juste
1724 1143 1743 1175 ¹
1759 1143 2068 1215 disposuit,
2105 1143 2333 1215 repulsi
2370 1150 2508 1199 sunt
2532 1133 2637 1182 ²²¹⁸⁰
2659 1142 2771 1184 ⁸0¹st

401 1227 728 1299 apostatici,
783 1233 844 1283 et
883 1227 1127 1283 admissi
1175 1227 1442 1298 Papales‚
1487 1228 1958 1299 promissumque
2015 1227 2344 1283 subsidium
2391 1226 2506 1282 Do·
2531 1200 2600 1314 gy
2622 1201 2742 1315 ’ἵξῃ

400 1311 561 1366 mino
586 1312 762 1382 Papoe
799 1317 1100 1382 gratanter
1137 1329 1313 1382 quam
1352 1312 1469 1366 cito
1506 1318 1739 1383 tempus
1776 1312 2042 1382 exigeret
2068 1318 2478 1384 opportunum.
2533 1282 2812 1384 cminffg·

475 1394 912 1451 cantuariensis
964 1412 1173 1466 nempe
1226 1394 1742 1468 Archiepiscopus,
1792 1396 2157 1468 perpendens
2209 1397 2504 1469 publicam
2531 1424 2643 1475 The
2659 1425 2827 1476 Arch-

398 1478 717 1534 falsitatem
753 1485 816 1534 et
853 1496 1111 1534 errorem
1146 1479 1521 1535 manifestum
1556 1497 1664 1550 per
1688 1480 1908 1551 scripta
1931 1481 2264 1546 eorundem,
2304 1480 2367 1535 in
2391 1498 2505 1551 quo
2530 1490 2711 1556 bishop
2733 1494 2796 1542 of

398 1562 558 1617 idem
618 1562 958 1619 Cardinales
1017 1562 1343 1619 voluntarie
1392 1563 1796 1628 versabantur,
1860 1569 1923 1620 et
1974 1582 2247 1620 execrans
2301 1582 2502 1620 eorum
2531 1558 2738 1610 Canter-

399 1652 565 1702 actus
602 1647 915 1703 sceleratos
951 1647 1345 1711 vehementer,
1387 1646 1602 1717 spiritu
1637 1646 1752 1701 Dei
1795 1647 1991 1704 subito
2029 1649 2308 1719 agitatus,
2348 1649 2505 1720 oepit
2529 1625 2710 1741 buryh

398 1729 509 1785 hoc
557 1730 888 1794 thema,—“
913 1729 935 1762 '⁴'
950 1730 1120 1786 Unus
1173 1730 1288 1785 erit
1347 1736 1547 1801 pastor
1603 1731 1866 1787 noster.'’
1961 1731 2118 1787 Nam
2165 1732 2393 1789 invenit
2440 1733 2504 1786 in
2528 1706 2828 1823 {Effisffhe

400 1831 603 1869 eorum
655 1813 872 1870 litteris
927 1814 1270 1870 electionem
1330 1815 1543 1869 factam
1603 1813 1678 1870 de
1732 1815 1836 1870 illo
1884 1815 2242 1888 ApostolicO,
2300 1822 2362 1871 et
2419 1817 2504 1871 ita
2529 1834 2751 1889 apostate

399 1897 728 1953 luculenter
778 1898 1013 1953 illorum
1065 1898 1279 1970 populo
1327 1896 1650 1954 declaravit
1704 1915 1981 1964 errorem,
2046 1905 2107 1955 et
2158 1917 2263 1970 per
2316 1900 2502 1954 multa
2529 1890 2806 1945 Cardinals.

399 1985 763 2051 argumenta,
805 1988 867 2037 et
905 1981 1203 2053 praecipue
1240 1998 1347 2052 per
1381 1997 1586 2036 eorum
1628 1980 1788 2037 dicta
1821 1982 2076 2053 propria,
2131 1988 2200 2038 ut
2232 1982 2500 2038 omnibus

399 2068 692 2118 constaret
726 2064 964 2119 illorum
998 2063 1243 2128 malitia,
1285 2070 1347 2119 et
1381 2081 1546 2119 error
1580 2064 1907 2120 innotescat
1943 2064 2319 2121 execrandus.

467 2146 693 2202 Aberat
754 2151 893 2202 tunc
949 2145 972 2179 ⁸
990 2147 1231 2218 quidam
1281 2164 1314 2201 e
1376 2146 1808 2213 Cardinalibus,
1867 2149 1971 2219 qui
2027 2148 2318 2220 quondam
2377 2149 2501 2203 fue·
2528 2172 2756 2225 Conduct

396 2236 491 2286 rat
524 2229 940 2286 Ambianensis
989 2231 1338 2302 Episcopus,
1372 2231 1548 2302 jussu
1586 2231 1938 2287 veneranda}
1987 2231 2285 2287 memoriae
2321 2231 2497 2303 Papoe
2526 2241 2587 2289 of
2600 2240 2687 2290 the

398 2313 674 2384 Gregorii
730 2314 1072 2386 supradicti,
1112 2313 1188 2369 ad
1224 2314 1545 2369 sedandum
1583 2314 1867 2386 quasdam
1908 2315 2302 2370 dissensiones
2344 2315 2499 2387 apud
2527 2306 2776 2385 Οθΐᾱῑῐξᾶῐ,

396 2397 604 2468 Pysas,
645 2415 776 2468 quae
813 2403 955 2453 ortae
991 2398 1226 2452 fuerant
1271 2398 1425 2453 inter
1460 2398 1683 2469 Papam
1720 2405 1781 2455 et
1815 2400 1974 2454 cives
2012 2397 2277 2470 ejusdem
2312 2398 2494 2453 urbis.
2524 2372 2837 2490 ffitgssssfflp

397 2480 530 2549 Qui,
582 2481 782 2537 andito
830 2481 903 2536 de
965 2487 1153 2537 morte
1208 2482 1384 2552 Papae
1438 2481 1732 2553 Gregorii,
1794 2489 1855 2538 et
1901 2482 1973 2537 de
2022 2482 2303 2537 electione
2349 2499 2501 2538 nova
2526 2520 2590 2553 0„
2615 2507 2702 2556 the
2808 2479 2820 2499 ⁹

394 2565 566 2630 facta,
617 2571 759 2620 tunc
810 2564 1048 2636 quidem
1090 2565 1309 2619 ibidem
1343 2566 1561 2620 morari
1604 2565 1885 2630 decrevit,
1937 2566 2119 2621 donec
2166 2582 2318 2621 nova
2350 2567 2497 2620 reci·
2526 2572 2676 2622 death
2701 2574 2763 2622 of

391 2654 560 2719 peret
582 2666 619 2703 a
640 2649 923 2703 fratribus
948 2654 1052 2703 aut
1069 2666 1105 2702 a
1128 2649 1306 2719 Papa.
1385 2647 1552 2716 Quod
1576 2654 1637 2703 et
1661 2649 1883 2704 factum
1919 2655 2026 2704 est.
2106 2647 2225 2703 Sed
2260 2666 2332 2702 ex
2366 2656 2500 2719 post
2525 2638 2663 2703 P0P0

390 2733 451 2786 in
497 2732 665 2788 brevi
719 2733 985 2805 apicibus
1023 2732 1246 2788 accitus
1281 2731 1660 2803 Apostolicis,
1719 2733 2057 2805 properavit
2105 2731 2179 2787 ad
2234 2731 2492 2798 Curiam,
2521 2704 2754 2823 {L'egoey

388 2815 677 2872 mandatis
737 2815 1055 2887 Papalibus
1114 2816 1434 2886 pariturus.
1533 2816 1680 2871 Post
1738 2817 1908 2887 cujus
1968 2815 2304 2881 adventum,
2362 2834 2496 2870 cum
2522 2862 2603 2912 Th

385 2916 572 2953 novus
609 2898 880 2953 Pontifex
918 2900 1197 2954 intrasset
1232 2898 1680 2963 Consistorium,
1709 2900 1890 2970 coepit
1925 2899 2116 2955 ethice
2144 2904 2399 2953 tractare
2424 2899 2496 2953 dc
2522 2879 2772 2993 pogenew

387 2982 609 3048 multis,
637 2989 698 3039 et
734 2983 889 3038 inter
924 2983 1114 3038 multa
1149 2982 1450 3055 disputare
1487 2990 1691 3039 contra
1720 2982 2124 3039 Cardinalinm
2148 2983 2493 3048 avaritiam;
2525 2995 2760 3061 inveighg

387 3067 509 3137 qui,
551 3066 715 3122 fulvo
751 3066 1012 3137 corrupti
1049 3066 1306 3131 meta110‚
1348 3073 1452 3123 aut
1500 3067 1774 3123 excaecati
1814 3068 2081 3139 pecunia,
2134 3066 2271 3138 plus
2320 3084 2494 3123 vena·
2521 3063 2720 3141 against
2732 3065 2817 3114 the

384 3150 598 3206 bantur
620 3158 932 3222 argentum
958 3168 1135 3222 quam
1170 3168 1372 3222 pacem
1400 3152 1688 3221 gentium,
1717 3150 1792 3207 ad
1815 3152 1835 3183 ⁴
1856 3169 2034 3222 quam
2069 3151 2239 3207 missi
2263 3151 2499 3206 fuerant
2520 3144 2721 3179 ”¹¹¹¹oe

387 3234 541 3289 inter
574 3251 760 3305 regna
800 3232 820 3265 ⁵
845 3233 1248 3305 reparandam.
2520 3195 2798 3313 {Qum

783 3436 836 3503 I
829 3436 1180 3523 ncrepatio
1232 3436 1734 3505 cardinalium
1779 3459 1827 3505 a
1869 3437 2087 3524 Papa.

449 3586 863 3642 Ambianensis
922 3592 1118 3642 autem
1178 3586 1431 3658 amplius
1491 3587 1726 3658 publice
1786 3587 2187 3642 detestabatur
2246 3592 2308 3643 et
2359 3605 2491 3643 con·
2514 3582 2640 3661 And

380 3668 678 3725 demnavit
712 3669 1037 3741 perfidiam,
1065 3670 1415 3740 imponendo
1444 3670 1578 3735 sibi,
1611 3687 1748 3725 cum
1784 3671 1999 3741 soepius
2035 3670 2254 3726 missus
2280 3670 2494 3725 fuisset
2514 3657 2742 3766 thgmnsssfl

381 3771 416 3807 a
464 3753 627 3824 Papa
675 3753 981 3824 Gregorio,
1040 3752 1469 3825 praedecessore
1524 3772 1651 3819 suo,
1706 3760 1775 3810 ut
1828 3753 2236 3826 quoquomodo
2283 3772 2488 3825 pacem
2515 3731 2680 3832 ofethpg
2746 3719 2812 3784 αἵ

381 3836 534 3891 inter
581 3836 817 3907 Anglioe
853 3844 916 3893 et
949 3838 1214 3893 Franciae
1252 3855 1439 3909 regna
1472 3837 1750 3903 firmaret,
1791 3844 1852 3893 et
1886 3837 2014 3910 ipse
2049 3836 2488 3894 inaestimabiles
2516 3848 2768 3910 cardinal,

379 3921 508 3975 auri
544 3928 606 3977 et
639 3923 869 3992 argenti
894 3939 1153 3978 summas
1189 3939 1296 3993 pro
1332 3921 1531 3977 labore
1568 3923 1663 3978 sui
1698 3922 1946 3986 itineris,
1980 3922 2155 3993 jussu
2191 3921 2387 3993 Papoe,
2416 3921 2488 3976 de
2515 3915 2614 3964 late
2631 3916 2823 3995 Bishop

377 4009 626 4075 utroque
663 4022 846 4076 regno
881 4005 1152 4077 cepisset,
1180 4007 1398 4062 omisso
1436 4024 1558 4061 suae
1582 4006 1896 4078 legationis
1925 4006 2132 4071 offici0,
2174 4022 2290 4059 non
2325 4023 2491 4060 cura·
2513 3982 2808 4035 ‘'fAmaem·

377 4088 466 4143 vit
497 4089 631 4159 paci
667 4089 975 4159 providere
1012 4106 1364 4159 regnorum3
1403 4089 1507 4144 sed
1541 4090 1740 4162 potius
1777 4088 2119 4153 elaboravit,
2162 4094 2230 4143 ut
2265 4088 2489 4143 dissen-

379 4171 570 4227 siones
609 4178 672 4229 et
704 4172 839 4228 odia
873 4173 1351 4228 continuarentur
1385 4173 1540 4228 inter
1569 4172 1765 4244 Reges
1798 4172 2041 4236 diutius,
2079 4177 2148 4227 ut
2183 4171 2324 4227 dum
2362 4172 2488 4243 ipse

379 4255 593 4326 soepius
630 4256 1012 4312 descenderet
1045 4256 1244 4312 taliter
1280 4257 1390 4312 snb
1424 4256 1636 4311 umbra
1672 4255 1971 4311 firmandae
2011 4255 2355 4320 concordioe,
2395 4273 2487 4310 re-

377 4338 649 4412 diretque
701 4341 1060 4405 multotiens,
1112 4340 1329 4395 infecto
1378 4339 1634 4411 negotio,
1695 4357 1801 4394 sno
1850 4339 2189 4410 provideret
2245 4340 2486 4395 uberius

444 4555 455 4584 ¹
482 4552 696 4619 disponit
715 4553 845 4603 stom
866 4553 953 4603 the
976 4552 1176 4618 printed
1198 4558 1347 4603 texts.
1484 4551 1571 4601 the
1592 4549 1795 4615 printed
1817 4556 1965 4601 texts.

438 4634 458 4662 ²
480 4631 638 4683 Ezek.
662 4632 844 4682 xxxiv.
870 4637 950 4682 23.
1550 4633 1567 4660 ⁴
1589 4646 1725 4695 quem
1746 4630 1802 4679 in
1824 4629 1952 4694 orig.

440 4713 459 4741 ²
478 4711 667 4776 quidem
689 4711 745 4761 in
766 4709 893 4776 orig.
922 4732 936 4771 ς
970 4711 1227 4762 corrected
1249 4710 1379 4761 from
1548 4712 1567 4740 ³
1589 4707 1869 4774 reparanda
1891 4708 1946 4757 iu
1969 4708 2057 4759 the
2078 4707 2279 4772 printed
2301 4714 2450 4758 texts.
