3300 5617
1120 766 1447 821 merom
1474 765 1885 820 mmmmm„
2420 752 2552 823 367

33 938 204 995 MS.
227 942 392 996 Bibl.
456 945 747 1011 vagantur
781 942 978 1007 vicos;
1030 958 1176 1012 quos
1203 941 1413 1013 dignos
1450 942 1793 1015 captivitate
1817 941 2102 1013 judicant,
2142 957 2242 997 eos
2278 941 2554 997 videlicet
2581 943 2723 998 A.D.
2746 950 2891 1003 1378.

40 1007 225 1125 {eg-
266 1016 339 1063 ¹3
460 1027 561 1096 qui
586 1025 826 1096 dignam
844 1040 1134 1080 summam
1157 1026 1420 1097 pecunioe
1442 1042 1551 1097 pro
1573 1026 1973 1097 redemptione
1987 1025 2239 1097 pendere
2262 1030 2549 1096 poterant,

111 1112 133 1126 ⁹
164 1092 274 1129 ¹¹·
457 1108 786 1164 vinculatos
822 1108 896 1163 ad
933 1124 1077 1164 vasa
1124 1108 1422 1165 deducunt
1447 1130 1463 1175 ς
1512 1109 1736 1175 domos,
1769 1126 1904 1166 cum
1940 1109 2226 1174 ecclesiis,
2277 1108 2551 1180 spoliant,

461 1193 523 1248 in
570 1192 839 1247 omnibus
891 1193 1267 1249 remetientes
1318 1194 1404 1249 eis
1460 1193 1477 1227 ¹
1493 1194 1738 1249 eandem
1790 1210 2126 1249 mensuram
2166 1211 2343 1265 quam
2388 1193 2555 1264 prius

462 1276 649 1332 mensi
706 1277 939 1332 fuerant
996 1276 1151 1349 apud
1211 1277 1438 1349 Ryam3
1512 1278 1616 1333 ubi
1676 1278 1912 1334 tandem
1969 1278 2314 1334 invenerunt
2369 1276 2558 1332 multa
2583 1284 2709 1334 And
2729 1298 2870 1333 reco-

464 1361 651 1432 spolia
673 1378 803 1433 quae
839 1360 1198 1417 abduxerant
1234 1359 1308 1417 de
1341 1360 1486 1417 villa
1518 1361 1594 1417 de
1628 1362 1778 1434 Rya‚
1829 1367 1892 1418 et
1923 1363 2215 1434 praecipue
2247 1378 2556 1433 campanas
2584 1367 2676 1401 Vel·
2689 1366 2846 1414 many

465 1462 609 1516 quas
644 1444 901 1500 tulerant
935 1445 1008 1500 de
1045 1446 1312 1510 ecclesia,
1338 1462 1476 1501 cum
1509 1445 1750 1517 plumbo
1785 1447 1963 1501 etiam
2000 1445 2155 1518 quod
2188 1445 2560 1501 detraxerant
2585 1419 2644 1469 ⁰f
2659 1419 2744 1467 the

463 1529 736 1585 infaustis
770 1528 1040 1584 manibus
1076 1529 1151 1584 de
1184 1529 1408 1585 eadem.
1482 1529 1741 1585 Tandem
1783 1530 2249 1586 commendantes
2285 1530 2561 1585 universa
2587 1483 2865 1601 ἱᾞὶζέἓέἱ

465 1612 747 1678 Vulcano,
775 1612 1151 1679 descendunt,
1177 1611 1200 1644 ²
1218 1613 1319 1683 [ad
1339 1611 1567 1684 villam]
1595 1613 1668 1669 de
1693 1612 1909 1684 Wylet‚
1935 1630 2052 1669 non
2071 1613 2276 1685 procul
2287 1615 2557 1686 positam,
2590 1619 2742 1667 taken
2767 1618 2898 1667 from

466 1701 860 1768 properantes,
899 1703 979 1764 et,
1028 1696 1251 1753 similia
1285 1696 1563 1754 facientes
1612 1694 1851 1763 ibidem,
1898 1696 2134 1754 domum
2184 1714 2319 1754 eum
2365 1694 2564 1770 praeda
2590 1686 2716 1749 1³50·

468 1780 909 1852 opulentissima
930 1786 1070 1838 sunt
1103 1780 1412 1852 ’regi-essi.

1027 1999 1283 2068 Potitio
1313 1999 1532 2067 Ducis
1561 1997 2003 2066 Lamastnae.

539 2165 654 2219 Per
688 2164 846 2221 idem
882 2169 1112 2236 tempus
1137 2164 1179 2220 J
1180 2164 1432 2220 ohannes
1457 2164 1593 2219 Dux
1616 2162 1972 2219 Lancastriee
2007 2161 2292 2218 instanter
2326 2161 2568 2234 expetiit
2597 2164 2707 2214 The
2729 2162 2881 2214 Duke

471 2254 539 2305 ut
561 2250 826 2320 pecunia,
864 2266 1261 2320 praeconcessa
1283 2249 1437 2320 Regi
1474 2248 1535 2304 in
1571 2248 1782 2304 ultimo
1818 2245 2210 2302 Parliamento
2245 2263 2283 2301 a
2316 2246 2472 2301 clero
2507 2252 2569 2302 et
2597 2231 2656 2280 Of
2671 2231 2890 2281 Lflnfflfl·

471 2333 656 2398 laicis‚
701 2333 720 2362 ⁴
738 2351 845 2389 suo
881 2332 1122 2388 arbitrio
1155 2332 1506 2398 traderetur,
1546 2332 1839 2387 affirmans
1877 2349 1941 2386 se
1976 2330 2247 2385 inimicos
2283 2349 2321 2385 a
2354 2331 2567 2386 finibus
2597 2304 2905 2413 {fflffiffgem

472 2416 704 2487 Anglioe
750 2435 857 2489 per
903 2435 1119 2472 annum
1165 2417 1463 2488 integrum
1510 2433 1644 2471 cum
1681 2417 1811 2488 ipsa
1843 2414 2093 2487 pecnnia
2126 2419 2470 2480 artaturum,
2511 2421 2571 2471 et
2597 2446 2783 2494 money

472 2500 711 2572 insuper
746 2500 985 2572 aliquod
1019 2499 1363 2573 praegrande
1416 2499 1785 2555 commodum
1833 2498 2166 2554 allaturum.
2243 2497 2428 2571 cnjus
2465 2499 2571 2553 im·
2598 2498 2807 2562 granted
2828 2496 2908 2547 for

471 2590 735 2655 portunae
789 2583 1075 2655 petitioni,
1128 2583 1269 2639 licet
1318 2582 1509 2647 inviti,
1561 2588 1866 2655 magnates
1915 2600 2237 2648 assensum,
2292 2601 2409 2639 non
2445 2583 2569 2639 sine
2597 2566 2682 2614 the
2706 2566 2789 2613 ἅθ’

472 2666 664 2723 cordis
713 2663 1121 2733 amaritudide,
1172 2673 1348 2739 prout
1403 2665 1636 2731 dicitur,
1687 2666 2105 2739 praebuerunt3
2143 2674 2569 2739 praenoscentes
2598 2632 2854 2747 ffiffitffi

473 2750 764 2807 fortunam
788 2749 1093 2806 adversam
1123 2749 1255 2816 sibi,
1287 2755 1348 2805 et
1378 2750 1571 2822 ipsum
1601 2750 1780 2805 etiam
1801 2756 2030 2806 tantum
2052 2752 2116 2806 in
2144 2769 2330 2822 regno
2352 2751 2568 2817 valere,
2597 2771 2650 2814 to
2673 2763 2754 2813 his

474 2839 544 2890 ut
565 2834 798 2890 omnino
831 2851 948 2889 non
973 2832 1274 2905 expediret
1307 2832 1327 2865 ⁵
1343 2833 1429 2889 eis
1466 2835 1595 2904 ejus
1631 2834 2028 2890 contradicere
2064 2834 2368 2891 voluntati.
2442 2835 2571 2890 Pri·
2600 2830 2796 2896 charge·

474 2935 638 2972 mum
685 2934 830 2989 ergo
867 2917 1023 2972 diem
1072 2915 1292 2972 mensis
1345 2916 1551 2973 Martii
1606 2922 1889 2982 statuunt,
1929 2918 2175 2973 diffinito
2211 2918 2474 2983 consili0‚
2512 2918 2574 2973 in

482 3017 598 3071 quo
634 3017 833 3056 omnes
870 3006 931 3055 et
965 2999 1189 3071 singuli
1226 3000 1329 3070 qui
1364 2999 1503 3056 huic
1537 3000 1883 3073 profectioni
1920 3002 2286 3067 interessent,
2308 3001 2384 3057 ad
2418 3019 2577 3056 mare

479 3083 668 3155 parati
720 3100 826 3155 per
879 3082 1075 3137 omnia
1122 3083 1514 3139 convenirent.
1589 3084 1670 3139 Et
1715 3102 1787 3139 ne
1824 3085 2062 3141 interim
2107 3084 2375 3142 custodia
2417 3102 2579 3140 mare

482 3173 725 3232 careret,
789 3166 1090 3222 conductae
1148 3171 1288 3223 sunt
1344 3183 1554 3223 novem
1612 3184 1793 3224 naves
1830 3168 1903 3223 de
1939 3168 2383 3233 Baionensibus,
2448 3186 2579 3239 quae

483 3268 644 3305 mare
678 3256 740 3305 et
774 3251 999 3305 midam
1044 3255 1351 3306 tuerentur
1386 3249 1459 3306 ab
1493 3250 1826 3307 incursibus
1869 3256 1930 3308 et
1967 3252 2289 3308 latrociniis
2328 3251 2580 3306 Gallico-

484 3352 635 3388 rum.
711 3332 853 3403 Quae
889 3335 1193 3390 instructae
1229 3332 1540 3390 sufficienti
1586 3353 1766 3391 mann
1813 3340 2055 3401 armata,
2106 3336 2171 3390 in
2216 3335 2382 3390 brevi
2419 3352 2580 3390 mare
2607 3349 2822 3414 victory

484 3417 794 3483 sulcantes,
822 3417 1062 3474 obviant
1096 3417 1337 3490 navigio
1379 3422 1440 3473 et
1484 3418 1885 3475 mercimoniis
1921 3419 2359 3490 Hispanorum3
2410 3418 2580 3473 inito-
2606 3417 2793 3483 gained

486 3518 600 3572 que
637 3501 925 3568 conflictu,
976 3501 1223 3558 classem
1258 3501 1633 3558 vehementer
1668 3502 1953 3558 invadunt
1986 3502 2386 3574 Hispanicam‚
2427 3508 2487 3558 et
2520 3501 2582 3556 in
2606 3499 2727 3564 ‘'Ye‘
2740 3499 2771 3533 Β
2788 3483 2915 3548 81²⁸·

484 3585 651 3641 brevi
687 3585 872 3657 captis
908 3585 1113 3641 decem
1146 3591 1209 3642 et
1244 3591 1497 3657 quatuor
1520 3585 1771 3652 ratibus,
1812 3587 2038 3641 onustis
2075 3585 2307 3642 Baccho
2331 3586 2588 3645 caeterisa
2608 3551 2722 3603 ωδ
2738 3549 2867 3601 fleet.

488 3686 602 3740 que
660 3669 1024 3734 necessariis,
1086 3670 1225 3726 laeta
1288 3687 1443 3727 nova
1500 3674 1860 3726 revertentes
1919 3669 2154 3741 Angliae
2212 3670 2578 3725 nunciarunt.

487 3751 738 3807 Domino
773 3759 970 3809 tamen
991 3753 1248 3809 Roberto
1272 3753 1539 3819 Knolles,
1569 3752 1816 3809 Custodi
1839 3753 2144 3825 municipii
2169 3754 2241 3808 de
2278 3755 2470 3818 Brest,
2511 3752 2584 3807 de

490 3837 613 3893 suis
652 3836 851 3907 spoliis
887 3837 1100 3892 dedere
1135 3837 1425 3909 primitias
1473 3842 1709 3893 centum
1756 3826 1914 3892 dolia
1946 3837 2069 3891 vini
2104 3837 2404 3908 praecipui,
2442 3836 2584 3893 dum

489 3921 802 3977 transitum
835 3938 942 3993 per
975 3938 1111 3976 eum
1146 3921 1403 3977 facerent
1434 3937 1640 3977 versus
1677 3926 1896 3976 terram
1931 3919 2122 3976 istam.

832 4114 913 4181 H
907 4113 1184 4182 enricus
1213 4113 1597 4181 Baetardus
1627 4112 1997 4200 navigium
2015 4120 2244 4202 parat·

563 4256 857 4319 Hem-icus
881 4260 1107 4318 interea
1129 4260 1470 4329 Bastardus,
1499 4261 1602 4334 qui
1636 4281 1704 4318 se
1739 4262 1886 4319 dicit
1911 4264 1950 4290 ‘²
1966 4260 2193 4334 Regem
2216 4256 2582 4333 Hispaniae,”
2609 4259 2788 4324 Hem-y
2809 4258 2895 4309 the

494 4346 692 4403 audito
728 4342 884 4418 qnod
918 4346 1271 4402 Baionenses
1306 4350 1396 4401 tot
1428 4346 1640 4403 damna
1688 4347 1811 4403 suis
1860 4346 2191 4403 hominibus
2231 4344 2584 4411 intulissent,
2609 4326 2839 4446 gffid'

562 4565 575 4595 ¹
602 4563 791 4615 tandem
811 4565 866 4614 in
892 4564 1159 4616 Camden’s
1179 4568 1304 4614 text.
1673 4565 1692 4595 ⁴
1713 4563 1802 4615 sub
1841 4564 2044 4614 urbia-io
2082 4581 2170 4614 suo
2192 4563 2248 4614 in
2279 4564 2365 4615 the
2387 4564 2586 4630 printed

557 4645 578 4676 ²
601 4643 840 4708 Supplied
884 4644 1017 4694 stom
1063 4640 1198 4692 Bibl.
1247 4640 1375 4707 Reg.
1433 4648 1493 4692 13
1528 4646 1537 4655 ⁰
1593 4649 1744 4696 texts.

495 4723 555 4776 E.
581 4724 674 4778 ix.:
701 4723 911 4775 omitted
923 4723 981 4772 in
1001 4721 1090 4771 the
1119 4720 1318 4785 printed
1342 4727 1491 4773 texts.
1659 4724 1680 4753 ⁸
1700 4723 1771 4774 eis
1792 4722 2001 4775 omitted
2021 4722 2077 4774 in
2099 4722 2186 4776 the
2205 4722 2404 4789 printed
2424 4730 2572 4775 texts.

561 4807 581 4835 ⁸
612 4807 791 4874 cyr-essi
808 4804 867 4855 in
881 4802 970 4856 the
992 4800 1197 4866 printed
1216 4806 1365 4852 texts.
