3300 5617
1052 774 1378 826 HISTORIA
1406 775 1825 828 ANGLICANA.
2149 853 2158 864 ι
2364 764 2489 828 199

41 943 223 990 '⁶¹⁶⁶‘-
390 950 688 1010 modicum
710 952 1123 1024 profecerunt3
1171 951 1278 1008 sed
1314 951 1493 1018 Soofi,
1533 959 1625 1010 ter
1659 952 1944 1025 Angliam
1979 953 2284 1016 intrantes,
2323 952 2495 1024 plura
2516 958 2655 1010 ΑΒ.
2685 961 2826 1010 1337.

42 1075 72 1092 ..
90 1057 148 1097 p.
234 1052 289 1091 4.
389 1034 521 1096 loca
572 1036 1035 1101 combusserunt,
1092 1040 1153 1092 et
1220 1041 1478 1094 castrum
1537 1037 1610 1094 de
1675 1037 2046 1109 Edimburgh
2119 1035 2489 1094 obsederunt.
2517 1025 2631 1102 The:
2653 1025 2801 1077 8002ss

41 1118 164 1159 Ψ
183 1110 252 1152 ⁰²
390 1117 591 1190 ‘Rege
638 1125 835 1178 tamen
872 1118 1085 1178 Scotiae
1122 1120 1588 1190 superveniente,
1628 1120 1990 1180 obsidionem
2025 1119 2322 1176 dimittere
2360 1125 2497 1178 sunt
2517 1102 2829 1223 {2223}oe

388 1203 597 1258 coacti.

456 1286 624 1346 ’Hoc
677 1305 845 1353 enno,
884 1287 947 1342 in
999 1286 1249 1346 eeclesia
1298 1286 1373 1342 de
1426 1286 1703 1358 Edeligh,
1757 1287 2088 1359 Wyntoniae
2124 1286 2384 1346 Dioecesi
2437 1293 2498 1342 et
2524 1291 2574 1341 Δ
2593 1292 2788 1343 marvel

388 1369 690 1430 Decanatu
737 1371 812 1427 de
846 1369 1120 1438 Aultone,
1160 1371 1224 1430 in
1276 1369 1371 1428 die
1425 1369 1781 1436 Palmarum,
1838 1379 1971 1444 post
2023 1371 2497 1443 praedicationem
2519 1358 2683 1436 inphe

387 1454 695 1524 eujusdam
733 1455 1052 1516 sacerdotis
1087 1453 1108 1485 ³
1122 1454 1389 1519 litterati,
1433 1456 1473 1480 ‘⁴
1495 1454 1535 1509 J
1537 1455 1793 1514 ohannes
1845 1454 1919 1510 de
1953 1455 2151 1513 Vecca
2166 1454 2201 1479 ’⁹
2238 1456 2493 1522 nomine,
2521 1426 2823 1544 aefflssf

387 1537 605 1594 mulier
666 1538 935 1609 quaedam
997 1536 1036 1592 J
1038 1537 1284 1605 ohanna,
1359 1554 1557 1594 eoram
1627 1538 1862 1612 populo,
1927 1557 1963 1594 a
2024 1539 2338 1610 juventute
2391 1559 2500 1597 sua
2522 1566 2615 1611 ter.

388 1639 600 1694 corpus
636 1640 811 1682 suum
860 1621 1094 1682 libidini
1146 1626 1207 1678 et
1254 1621 1622 1678 obscoenitati
1677 1623 1860 1679 fuisse
1897 1625 2242 1696 expositum,
2283 1641 2349 1679 ac
2386 1624 2505 1679 alia

388 1706 649 1764 facinora
728 1705 1190 1779 lacrymabiliter
1250 1706 1517 1764 confessa
1594 1713 1687 1764 est
1743 1707 2043 1776 inaudita3
2118 1707 2329 1763 obnixe
2399 1708 2503 1762 fla-

384 1790 582 1859 gitans
618 1790 1025 1861 poenitentiam
1048 1807 1085 1846 a
1107 1790 1410 1848 sacerdote
1446 1790 1726 1861 praedicto
1752 1790 1864 1847 sibi
1902 1792 2123 1864 imponi
2160 1791 2496 1848 salutarem.

389 1873 673 1929 Sacerdos
710 1891 963 1945 quoque,
1003 1873 1078 1928 de
1114 1873 1317 1928 divina
1350 1874 1759 1928 misericordia
1793 1873 2107 1939 confidens,
2151 1881 2285 1945 post
2321 1892 2501 1930 sacrae

387 1956 710 2029 Scriptum
767 1958 787 1989 ⁴
805 1958 1103 2014 nominata
1124 1975 1199 2012 ne
1224 1957 1581 2029 desperaret,
1619 1956 1727 2014 sed
1759 1958 1823 2011 in
1858 1957 2127 2023 Domin0,
2168 1963 2501 2030 peccatores

383 2042 460 2098 ad
504 2042 912 2118 poenitentiam
958 2041 1421 2100 misericorditer
1468 2045 1826 2112 expectante,
1879 2058 2044 2112 spem
2085 2049 2345 2114 poneret,
2402 2061 2502 2099 sex

383 2124 615 2181 dierum
674 2126 738 2180 in
796 2143 946 2196 pane
983 2132 1044 2180 et
1094 2144 1250 2197 aqua
1306 2125 1372 2180 in
1430 2143 1673 2181 suorum
1726 2125 2134 2182 remissionem
2193 2125 2344 2181 dixit
2402 2126 2501 2182 de-

382 2210 677 2270 lictorum.
767 2210 885 2268 1112.
932 2227 1184 2283 quoqne,
1235 2209 1643 2282 poenitentiam
1701 2208 1883 2266 talem
1944 2227 2184 2266 suornm
2230 2217 2504 2282 respectu

380 2295 708 2352 facinorum
752 2312 963 2367 parum
1010 2295 1136 2350 fore
1190 2311 1295 2349 seu
1353 2293 1503 2349 nihil
1551 2297 1867 2358 asserente,
1911 2293 2316 2365 poenitentiam
2364 2312 2504 2368 qua-

381 2377 731 2453 lemcunque
817 2396 993 2450 agere
1074 2385 1276 2450 posset
1333 2377 1450 2433 sibi
1509 2377 1744 2448 injungi
1802 2377 2148 2448 simpliciter
2208 2379 2489 2434 exoravit.

380 2462 497 2518 Ille
543 2481 704 2529 vei-0,
756 2462 777 2495 ⁵
795 2463 1025 2518 dierum
1093 2469 1300 2535 postea
1345 2462 1528 2518 trium
1590 2463 1654 2516 in
1715 2461 1996 2533 petitione
2044 2461 2294 2517 muliere
2371 2480 2503 2534 per-

383 2551 708 2612 severante,
796 2549 861 2601 in
919 2546 1307 2618 expiationem
1392 2546 1654 2601 omnium
1736 2545 2144 2615 peccaminum
2242 2564 2500 2611 suorum,

384 2629 651 2688 “induxit
666 2630 984 2703 jejunium.
1060 2630 1364 2687 Prostrata
1408 2647 1550 2684 vero
1597 2629 1703 2684 illa
1749 2646 1945 2684 coram
2005 2629 2363 2700 imaginibus
2412 2647 2503 2684 ec-

382 2714 598 2779 clesiae,
649 2714 794 2772 flens
844 2720 903 2770 et
950 2713 1195 2785 ejulans,
1249 2731 1315 2768 ac
1363 2730 1567 2785 preces
1616 2713 1692 2767 ad
1741 2712 1933 2766 Deum
1977 2711 2184 2768 devote
2224 2713 2494 2779 fundens,

382 2814 745 2869 pronamque
793 2798 858 2852 in
902 2803 1063 2852 terra
1110 2814 1173 2852 se
1220 2803 1613 2867 prosternens,
1666 2796 1729 2850 in
1778 2794 2053 2866 Corporis
2110 2795 2333 2851 Christi
2385 2795 2498 2849 ele-

380 2882 618 2936 vatione
643 2879 928 2937 exanimis
972 2887 1034 2936 et
1071 2881 1376 2937 albissima
1410 2886 1504 2936 est
1537 2885 1789 2952 reperta.

458 2965 534 3020 In
573 2966 795 3022 foresta
832 2964 906 3020 de
943 2971 962 2998 '
978 2964 1242 3020 Walmer
1276 2971 1449 3036 capta
1482 2972 1574 3020 est
1612 2963 1873 3028 hinnnhz,
1902 2963 2017 3019 duo
2046 2963 2266 3018 habens
2308 2963 2501 3034 capita
2525 2980 2578 3032 A
2602 2983 2736 3033 εμπ,

389 3049 636 3124 aequalis
706 3048 1154 3120 magnitudinis,
1218 3066 1355 3103 cum
1414 3047 1639 3104 duobus
1701 3047 1905 3114 collis3
1981 3053 2202 3104 caetera*
2237 3046 2503 3104 membra
2525 3049 2650 3100 with
2673 3056 2773 3102 tvo

390 3139 557 3190 erant
596 3133 927 3207 simplicia3
967 3132 1195 3188 nutrita
1229 3138 1427 3189 autem
1462 3133 1762 3202 aliquanto
1784 3137 2066 3204 tempore,
2095 3139 2155 3187 et
2186 3130 2496 3197 custodita,
2524 3115 2694 3174 head*-

390 3217 454 3273 in
502 3218 665 3274 curia
709 3215 986 3272 Edwardi
1034 3216 1108 3271 de
1160 3215 1375 3272 Sancto
1426 3216 1465 3270 J
1467 3215 1709 3280 ohanne,
1761 3215 1991 3281 militis,
2044 3215 2216 3270 dictae
2266 3215 2499 3271 forestae

392 3302 685 3372 magistri.

46 3384 218 3449 Roget·
239 3385 300 3434 of
464 3386 597 3440 Ηοο
649 3402 819 3450 anno,
875 3391 1047 3440 nocte
1101 3385 1500 3447 PentecosteS,
1555 3384 1619 3437 in
1673 3382 1960 3437 Parochia
2006 3383 2079 3437 de
2129 3383 2494 3456 Kyngeslay,
2522 3400 2577 3450 A
2599 3417 2796 3453 woman

52 3451 277 3566 fihoefe‘·
394 3469 725 3541 Wyntoniae
773 3470 1055 3535 Dioecesi‚
1098 3475 1159 3525 et
1193 3468 1498 3524 Decanatu
1533 3466 1605 3523 de
1640 3466 1916 3533 Aultone,
1955 3468 2172 3523 mulier
2208 3468 2495 3539 quaedam,
2523 3468 2738 3548 deluded
2762 3472 2832 3537 by

54 3519 345 3649 Πεῗῖξῗῇ
397 3555 437 3580 “
478 3554 518 3612 J
520 3554 747 3610 ohanna
765 3553 800 3577 ’'
837 3554 1093 3619 nomine,
1128 3554 1192 3609 in
1226 3551 1470 3609 somniis
1509 3551 1799 3608 amasium
1835 3568 2010 3606 suum
2033 3550 2437 3607 ⁸Willelmum
2466 3570 2503 3607 a
2524 3549 2555 3584 ²²
2575 3537 2734 3600 ⁸P11'5t·

52 3655 93 3700 5,
123 3621 137 3645 ’
219 3623 232 3636 ⁰
346 3622 363 3648 ’
393 3637 646 3711 quodam
680 3638 924 3696 visitare
960 3637 1200 3704 monita,
1245 3638 1310 3694 in
1334 3636 1588 3692 crastino
1617 3654 1655 3691 a
1678 3634 1894 3707 spiritu
1917 3634 2149 3700 incub0,
2178 3635 2380 3692 dilecti
2405 3637 2500 3692 sui

390 3722 623 3793 ’specie
660 3722 776 3779 sibi
817 3727 1154 3794 apparente,
1188 3723 1251 3778 in
1288 3722 1508 3777 foresta
1530 3720 1604 3775 de
1627 3720 1891 3776 Wolmer
1930 3725 2023 3775 est
2057 3720 2309 3790 cognita.
2385 3720 2497 3774 Re-

388 3805 605 3862 deunte
641 3812 838 3862 autem
874 3806 950 3861 ad
984 3806 1225 3864 domum
1262 3823 1448 3870 suam,
1489 3804 1705 3860 mulier
1755 3803 2108 3875 gravissima
2159 3803 2495 3858 infirmitate

386 3896 481 3946 est
501 3890 754 3946 detenta.
831 3888 1000 3958 Quod
1034 3908 1176 3946 vero
1212 3907 1318 3961 per
1355 3889 1630 3961 spiritum
1666 3889 1996 3959 malignum
2020 3888 2213 3941 fuerat
2235 3887 2492 3951 seducta,

384 3974 605 4030 veritas
637 3991 745 4046 per
778 3974 1060 4029 dilectum
1092 3992 1266 4029 suum
1292 3974 1653 4045 propalatur.
1729 3971 1984 4026 Muliere
2013 3977 2208 4025 autem
2239 3969 2493 4041 ejulante

2417 4129 2480 4136 -—-

456 4213 627 4264 ¹This
668 4229 879 4279 passage
922 4213 970 4264 is
1012 4220 1105 4264 not
1142 4213 1296 4279 given
1336 4212 1393 4262 in
1488 4228 1610 4271 rum,
1665 4218 1840 4276 postea
1910 4211 2068 4270 trium,
2126 4210 2177 4258 iu
2239 4212 2489 4278 petitione,

389 4292 799 4359 Hemingburgh.
1484 4293 1658 4357 Roger
1673 4291 1735 4341 of
1761 4290 1983 4342 chester.
2053 4290 2166 4340 The
2204 4291 2352 4342 letter
2389 4309 2416 4343 e
2443 4293 2489 4342 is

452 4374 475 4403 ²
496 4372 627 4422 This
662 4388 823 4423 seems
861 4380 916 4423 to
940 4373 1007 4423 be
1042 4372 1167 4437 only
1188 4371 1398 4421 another
1483 4371 1666 4435 placed
1687 4369 1858 4419 before
1879 4368 2064 4419 dier-um
2088 4369 2145 4418 in
2168 4369 2295 4436 orig.

386 4452 591 4503 version
605 4452 668 4502 of
678 4453 765 4503 the
779 4459 919 4518 story
940 4453 1176 4517 repeated
1196 4452 1369 4502 below.
1553 4451 1573 4478 ⁶
1607 4447 1790 4497 indu-tt
1809 4463 1863 4495 m
1888 4447 1974 4497 the
1994 4449 2195 4524 printed
2217 4457 2366 4501 texts.

454 4534 475 4562 ⁸
496 4529 668 4582 littera
689 4532 747 4582 in
770 4532 896 4598 orig.
1549 4529 1568 4557 ⁷
1603 4525 1861 4577 Wolemere
1881 4526 1938 4575 in
1960 4527 2134 4593 Roger
2153 4528 2215 4579 of
2242 4529 2464 4581 Chester.

453 4612 474 4642 ⁴
497 4612 677 4661 monita
696 4611 754 4661 in
775 4612 949 4678 Roget
969 4612 1034 4661 of
1058 4611 1280 4662 chester.
1548 4611 1569 4639 ⁸
1602 4604 2223 4671 Willelmumsorestarimn,
2245 4609 2417 4676 Roget
2438 4613 2498 4661 of

457 4694 478 4721 ³
505 4690 675 4742 diebus
695 4700 869 4757 postea
899 4691 1057 4742 tribus
1090 4692 1146 4740 in
1164 4690 1397 4756 petitione
1485 4692 1708 4744 chester.
2225 4697 2236 4710 ‘

388 4768 445 4821 in
480 4772 565 4823 the
602 4772 804 4836 printed
848 4778 1014 4831 textu
1054 4778 1262 4838 quam
1296 4769 1397 4821 die-
1548 4775 1569 4802 ⁹
1590 4787 1722 4838 spem
1742 4770 1798 4820 in
1821 4772 1906 4822 the
1927 4774 2129 4837 printed
2149 4778 2297 4823 texts.
