3300 5617
1049 771 1381 826 HISTORIA
1408 769 1834 826 ANGLICANA.
2375 758 2506 828 203

55 965 151 1020 ⁵18.
176 966 339 1020 Harl.
414 964 454 992 ‘¹
492 967 511 994 ‘
526 963 684 1036 J‘uris
722 981 899 1035 quam
934 961 1430 1030 descendentium,
1475 960 1598 1034 [ne]
1628 980 1735 1036 per
1758 963 2094 1020 foemineam
2117 961 2512 1020 masculorum
2535 969 2827 1023 A.D.1sss

55 1040 156 1086 ³⁵⁵·
181 1101 195 1113 ,
413 1049 452 1075 “
494 1050 509 1076 ‘
536 1048 816 1121 injuriam
833 1048 1061 1105 occasio
1083 1052 1441 1106 nasceretur.
1490 1046 1618 1103 Nec
1643 1053 1737 1104 est
1758 1047 2018 1120 putanda
2031 1047 2341 1104 memorati
2356 1047 2512 1119 juris

55 1102 335 1219 fflmssb’
413 1134 452 1159 ‘⁶
494 1134 510 1160 ‘
536 1133 784 1192 intentio
827 1134 913 1190 sic
952 1133 1173 1204 iniqua,
1215 1138 1285 1190 ut
1318 1137 1568 1188 matrem
1621 1138 1682 1189 et
1719 1132 1909 1188 filium
1965 1132 1984 1166 ²
2001 1132 2228 1190 ratione
2283 1136 2509 1187 contra-

55 1237 261 1302 Rymoe,
410 1219 450 1248 ‘⁶
493 1219 509 1244 ‘
538 1219 630 1276 ris.
669 1217 944 1276 similiter
968 1217 1221 1274 damnet.
1294 1216 1485 1274 Immo
1501 1214 1556 1271 ²e
1579 1223 1801 1283 contra,
1822 1216 1979 1288 juris
2004 1217 2269 1288 ejusdem
2286 1215 2514 1288 judicio

410 1303 450 1330 “
492 1304 507 1328 ⁴
535 1319 652 1373 quo
699 1307 888 1360 mater
934 1319 972 1358 a
1029 1301 1398 1360 successione
1460 1301 1792 1371 expellitur,
1845 1301 1967 1358 filio
2003 1300 2256 1373 gradum
2306 1300 2513 1356 matris

408 1387 447 1414 “
490 1388 505 1412 ‘
530 1387 800 1456 ingresso
817 1385 1109 1442 successio
1122 1392 1262 1442 tunc
1285 1384 1570 1451 differtur,
1592 1385 1976 1442 similitudine
1995 1386 2123 1453 filii,
2146 1387 2248 1458 qui
2263 1384 2514 1457 gradum

411 1472 449 1497 ‘⁴
490 1473 508 1499 ‘
533 1471 796 1542 parentis
826 1468 1150 1526 deficientis
1176 1468 1529 1540 ingreditur,
1570 1474 1637 1525 ut
1661 1469 1737 1526 ad
1758 1468 2047 1541 ³patriam
2083 1470 2513 1528 successionem

412 1558 450 1582 “
494 1558 508 1582 ‘
536 1573 672 1611 cum
706 1557 937 1628 patruis
962 1556 1142 1612 etiam
1183 1554 1546 1618 admittatur,
1592 1561 1663 1612 ut
1699 1555 1785 1610 sic
1824 1556 2033 1614 merito
2074 1556 2264 1614 tristis
2301 1560 2510 1618 mater,

411 1642 450 1668 “
492 1642 509 1668 ‘
535 1641 779 1712 praefato
813 1640 1012 1712 rigore
1047 1639 1217 1709 regia
1250 1638 1592 1696 haereditate
1614 1639 1851 1704 nudata,
1879 1640 2291 1696 substitutione
2315 1639 2515 1696 taliter

412 1727 449 1752 ‘⁶
494 1727 509 1751 ⁸
537 1724 651 1784 sibi
686 1725 706 1757 ⁴
721 1724 891 1790 facta,
933 1724 1005 1782 de
1040 1722 1163 1778 filio
1198 1722 1456 1794 gaudeat
1490 1721 1802 1787 consolata,
1841 1740 1950 1780 nec
1985 1724 2284 1780 afflictioni
2337 1722 2512 1780 afflic-

412 1813 450 1835 “
494 1810 510 1836 ‘
534 1809 755 1868 tionem
790 1807 1137 1872 accumulet,
1167 1805 1324 1876 quod
1348 1811 1548 1862 sancta
1570 1806 1955 1864 consideratio
1978 1806 2131 1878 legis
2164 1809 2186 1838 ⁵
2202 1807 2513 1872 abhorret3

413 1896 450 1919 “
493 1895 509 1920 ‘
535 1892 691 1950 sicut
724 1893 994 1948 videmus
1048 1891 1226 1946 etiam
1260 1889 1363 1944 ubi
1399 1906 1546 1946 onus
1599 1890 1926 1946 afflictionis
1977 1891 2348 1962 proeamabile
2399 1909 2513 1945 non

414 1981 451 2003 “
496 1979 511 2003 ⁶
537 1976 742 2031 intulit
763 1976 878 2041 lex,
907 1975 1012 2032 sed
1035 1992 1207 2032 casus
1234 1975 1297 2028 in
1318 1973 1472 2044 lege,
1503 1972 1732 2029 scilicet
1756 1974 1914 2046 quod
1948 1975 2518 2032 consuetudinariam

413 2063 454 2088 “
497 2064 512 2086 ‘
540 2060 735 2130 legem
771 2060 1026 2123 damnat,
1077 2059 1229 2115 bona
1277 2056 1691 2114 concedentem
1740 2058 1844 2114 alii
1895 2059 2349 2130 naufragorum3
2404 2076 2523 2131 qua

414 2145 453 2174 “
498 2147 513 2170 ‘
538 2145 764 2200 ratione
826 2143 983 2215 quod
1031 2143 1095 2198 in
1154 2158 1428 2213 expresso
1487 2141 1671 2211 legali
1731 2159 1838 2213 pro
1894 2142 2134 2200 vitanda
2191 2143 2521 2198 afflictionis

415 2230 453 2254 ‘⁴
497 2230 512 2253 ‘
540 2228 866 2298 adjectione
903 2226 1239 2297 corrigitur,
1293 2225 1480 2282 multo
1540 2225 1754 2282 fortius
1807 2226 1870 2280 in
1923 2226 2103 2282 tacito
2156 2226 2518 2297 prohibetur.

415 2313 454 2340 “
498 2313 513 2338 ‘
540 2312 690 2383 Legi
727 2329 870 2382 ergo
905 2310 1076 2381 regni
1111 2313 1132 2342 ⁶
1151 2310 1416 2366 Francius
1441 2309 1694 2365 sufficiat
1730 2310 1866 2381 plus
1904 2328 2082 2381 quam
2104 2310 2297 2382 plene,
2324 2312 2518 2377 matri,
2582 2345 2588 2351 -

417 2398 454 2424 ‘⁶
500 2399 512 2421 ‘
539 2414 656 2451 non
693 2412 800 2451 suo
834 2394 998 2457 vitio,
1038 2393 1145 2450 sed
1178 2399 1404 2448 naturoe
1438 2393 1613 2458 facto,
1656 2411 1788 2465 quas
1824 2395 2127 2450 foeminam
2163 2395 2321 2461 fecit,
2360 2395 2524 2450 illam

417 2483 455 2508 “
499 2481 514 2507 ‘
540 2479 769 2536 radices
821 2479 1018 2549 regias
1074 2476 1417 2542 succidisse,
1477 2477 1752 2549 quodque
1818 2483 2008 2538 mater
2077 2496 2353 2551 expresse
2416 2496 2524 2551 per

418 2569 455 2592 “
499 2568 516 2591 ‘
542 2563 738 2635 legem
774 2564 964 2636 ipsam
999 2560 1480 2618 exhaeredationis
1516 2562 1790 2633 propriae,
1831 2563 2001 2632 quasi
2052 2562 2346 2633 quoddam
2379 2580 2522 2620 nau-

419 2652 457 2676 “
499 2651 515 2676 ‘
543 2648 809 2718 fragium
845 2643 1122 2718 patiatur,
1164 2645 1384 2716 absque
1420 2662 1490 2699 eo
1527 2645 1702 2716 quod,
1744 2663 1813 2701 ex
1842 2646 1994 2717 legis
2029 2648 2290 2717 proefatae
2325 2663 2523 2702 conse-

419 2735 457 2759 “
501 2735 515 2759 ‘
545 2732 749 2803 quenti
802 2731 999 2794 tacite,
1053 2729 1211 2785 omni
1265 2729 1403 2800 jure
1462 2730 1775 2794 contrarie,
1830 2748 1966 2786 oum
2001 2730 2123 2786 filio
2158 2730 2524 2787 exhaeredato

419 2819 455 2843 “
499 2819 513 2842 ‘
543 2816 758 2871 iterum
781 2815 1187 2885 naufragetur,
1227 2819 1288 2869 et
1323 2813 1450 2868 sine
1486 2813 1661 2885 culpa
1698 2831 1871 2885 poena
1906 2814 2239 2872 inveniatur
2279 2814 2519 2885 augeri
2505 2856 2521 2879 ,

419 2901 457 2926 “
500 2902 515 2927 ‘
542 2917 699 2964 cum,
738 2899 841 2954 ubi
879 2899 1059 2954 etiam
1093 2897 1269 2967 culpa
1302 2903 1411 2961 est,
1452 2897 1663 2956 debeat
1697 2898 1968 2956 emolliri.
2042 2897 2237 2956 Aliter
2290 2897 2524 2954 etiamsi

418 2987 456 3012 ‘¹
500 2986 515 3010 ‘
542 3002 649 3054 pro
702 2999 771 3037 eo
832 2982 989 3053 quod
1035 2986 1224 3037 mater
1258 2999 1331 3038 ex
1357 2981 1495 3053 jure
1542 2999 1660 3037 non
1704 2981 2084 3039 ⁷admittetur
2130 2981 2206 3038 ad
2251 2997 2520 3052 regnum,

419 3070 457 3096 “
500 3070 516 3096 ‘
544 3067 751 3138 repelli
780 3067 915 3137 jure
952 3065 1110 3121 filius
1146 3066 1579 3136 intelligeretur
1638 3083 1677 3120 a
1728 3082 1930 3136 regn0,
1995 3066 2035 3121 J
2036 3067 2340 3122 udaeorum
2391 3084 2525 3137 reg-

419 3155 457 3179 “
501 3155 516 3178 ‘
543 3169 687 3206 num
709 3157 912 3206 contra
946 3149 1084 3204 fidei
1120 3149 1562 3205 fundamentum
1596 3167 1713 3205 non
1748 3151 2115 3222 pervenisset
2149 3150 2414 3221 legitime
2451 3150 2526 3204 ad

421 3239 457 3263 ‘⁴
502 3239 517 3264 ‘
547 3235 587 3290 J
589 3253 775 3300 esum,
816 3234 917 3305 qui
958 3241 1154 3290 tamen
1187 3239 1360 3289 natus
1398 3233 1511 3288 Dei
1545 3234 1831 3300 misterio,
1871 3252 1989 3290 non
2022 3235 2185 3290 virili
2210 3234 2525 3299 consortio,

419 3323 457 3350 “
501 3323 517 3347 ‘
545 3338 616 3374 ex
649 3319 960 3375 ‘foeminea
993 3317 1181 3389 regali
1216 3317 1381 3388 prole
1418 3316 1708 3382 Davitica,
1746 3317 1941 3374 Maria
1975 3318 2243 3390 Virgine,
2283 3318 2360 3374 ad
2393 3336 2527 3390 reg-

421 3408 457 3432 “
501 3407 517 3432 ‘
545 3422 687 3460 num
722 3402 1062 3475 hujusmodi
1096 3419 1212 3456 non
1264 3401 1538 3466 admissa,
1595 3418 1705 3460 nec
1760 3402 1937 3457 etiam
1990 3402 2367 3467 admittenda,
2420 3420 2529 3473 per

420 3494 459 3518 ‘⁶
504 3494 518 3518 ⁶
547 3495 767 3546 certam
826 3487 963 3543 fidei
1022 3487 1352 3550 veritatem,
1416 3485 1544 3542 Rex
1600 3503 1780 3542 verus
1849 3492 1909 3543 et
1978 3487 2283 3559 legitimus
2333 3487 2530 3542 extitit

421 3577 459 3602 ‘⁶
504 3577 520 3602 ‘
549 3573 588 3629 J
590 3573 910 3631 udoeorum.
986 3570 1164 3626 Absit
1197 3570 1394 3636 etiam,
1436 3570 1593 3641 quod
1629 3569 1706 3625 ⁹J
1709 3588 1845 3628 esus
1880 3571 2039 3628 filius
2077 3572 2273 3628 David
2306 3571 2527 3643 regalis

422 3662 460 3692 ‘⁶
504 3662 519 3688 ‘
546 3657 839 3713 successio
906 3655 1118 3725 legalis
1169 3655 1573 3720 observantias,
1645 3655 1773 3711 sive
1824 3656 1982 3721 nodi,
2039 3657 2221 3712 fuerit
2269 3658 2530 3711 fractura

422 3746 461 3772 ‘⁴
504 3746 519 3772 ⁸
547 3743 671 3798 sive
697 3740 931 3805 soluti0,
959 3757 1096 3796 cum
1132 3738 1174 3771 ¹⁰
1187 3739 1332 3795 dicit
1354 3739 1550 3811 legem
1574 3757 1693 3795 non
1713 3741 1943 3797 venerit
1966 3742 2213 3806 solvere,
2241 3740 2348 3797 sed
2371 3738 2407 3772 ¹¹
2427 3739 2526 3793 ad-

423 3829 462 3856 “
505 3828 521 3853 ‘
546 3826 811 3897 implere.
869 3824 1001 3882 Hoc
1026 3828 1223 3879 autem
1246 3823 1805 3880 excellentissimum
1827 3825 2113 3896 legitimae
2138 3823 2527 3881 successionis

425 3913 463 3938 “
507 3913 522 3939 ⁶
548 3910 880 3981 exemplum
914 3908 1340 3964 rationabiliter
1374 3908 1626 3980 imponit
1660 3908 1962 3965 silentium
1997 3909 2338 3979 loquacitati
2392 3925 2524 3963 con-

426 3997 466 4024 “
508 3996 524 4021 ‘
550 3995 719 4050 trarii
749 3993 875 4065 juri
910 3998 1111 4049 nostro
1147 3992 1210 4048 in
1258 4009 1443 4063 regno
1494 3992 1762 4048 Franciae
1816 3999 2153 4058 memorato,
2209 4011 2283 4047 ne
2335 3991 2528 4063 quoad

426 4082 465 4108 ‘⁴
506 4082 524 4107 ⁶
550 4078 885 4150 legitimum
920 4076 1171 4149 gradum
1229 4083 1290 4133 et
1338 4075 1606 4132 ordinem
1642 4077 1992 4134 succedendi
2027 4076 2068 4111 ¹²
2086 4094 2430 4149 superemur
2463 4078 2527 4134 in

492 4255 509 4285 ¹
532 4254 745 4315 καεεοιιε,
766 4252 915 4304 Harl.
939 4257 1055 4303 655.
1582 4253 1847 4316 'se-*inm
1870 4251 2014 4303 Hm.
2046 4257 2159 4304 655.

491 4333 512 4364 ²
532 4333 794 4390 contrario,
810 4331 959 4382 Harl.
984 4335 1097 4382 656.
1586 4330 1714 4382 ⁰An
1746 4344 1887 4381 error
1918 4330 1998 4380 for
2022 4330 2151 4381 Jm
2177 4330 2286 4395 filii
2318 4332 2522 4396 Daoid3

494 4413 515 4442 ³
528 4412 725 4478 patrui,
746 4410 890 4461 Harl.
917 4415 1030 4460 655.
1521 4409 1607 4459 the
1641 4424 1780 4460 same
1815 4408 2087 4474 ocem-ring
2125 4410 2180 4461 in
2201 4410 2289 4461 the
2326 4413 2525 4477 printed

493 4491 511 4518 ⁴
539 4489 768 4542 Omitted
789 4488 845 4538 in
868 4488 1013 4539 Harl.
1038 4491 1150 4539 655.
1519 4495 1656 4539 texts
1678 4488 1738 4538 of
1764 4487 2138 4554 Walsingham.

491 4569 511 4598 ⁵
532 4567 709 4630 horret,
725 4568 872 4618 Harl.
902 4572 1014 4618 655.
1587 4569 1624 4598 ¹⁰
1646 4567 1873 4619 Omitted
1894 4567 1951 4617 in
1972 4569 2122 4620 Harl.
2147 4576 2260 4621 655.

490 4651 511 4678 ⁰
544 4647 769 4700 Omitted
789 4647 932 4698 Harl.
959 4651 1070 4698 655.
1587 4648 1617 4677 ¹¹
1645 4645 1852 4713 implere,
1876 4647 2021 4698 Harl.
2047 4654 2160 4699 655.

492 4730 511 4756 ⁷
533 4727 879 4790 admitteretur,
902 4726 1046 4779 Harl.
1074 4731 1185 4778 655.
1583 4728 1619 4757 ¹²
1637 4743 1934 4793 separemur,
1956 4727 2101 4781 Harl.
2128 4734 2240 4779 655.
