3300 5617
1089 809 1416 860 msromA
1446 808 1865 860 Anomcms.
2404 798 2534 862 429

88 985 205 1038 AES.
239 989 386 1042 Bibl.
442 991 747 1059 Hibernia,
775 999 916 1049 tunc
937 1001 1260 1059 vacantem,
1287 996 1624 1053 transferre.
1676 996 1844 1066 Quod
1879 997 2122 1052 audiens
2148 1014 2327 1069 supra
2348 999 2533 1053 nomi·
2562 1005 2697 1056 A.D.
2727 1012 2870 1058 1380.

88 1054 226 1155 ,ἔρξ’
255 1062 322 1107 ¹³
440 1082 610 1132 natus
663 1077 986 1143 falsidicus,
1042 1079 1333 1151 Magister
1383 1081 1422 1136 J
1424 1082 1680 1137 ohannes
1732 1081 2065 1152 Schipdam,
2118 1081 2426 1137 confestim
2474 1083 2536 1136 in

89 1147 137 1170 ⁴'
169 1137 266 1175 ¹¹·
443 1161 713 1225 crastinO,
754 1179 888 1216 cum
925 1169 1329 1234 procuratores
1377 1165 1550 1220 electi
1586 1165 1658 1220 de
1694 1165 1859 1236 Bury
1894 1166 1956 1220 in
1994 1165 2353 1221 Consistorio
2392 1165 2535 1223 affu-

440 1243 626 1300 issent
659 1263 855 1301 coram
891 1246 1069 1319 Papa,
1109 1254 1170 1304 et
1205 1248 1490 1319 petissent
1519 1250 2015 1306 confirmationem
2044 1250 2215 1305 electi
2247 1249 2533 1322 praedicti,
2561 1245 2607 1294 F
2608 1246 2871 1326 raudqlent

440 1328 631 1383 adfuit
663 1329 807 1400 ipse,
848 1330 1110 1402 aUegans
1144 1332 1254 1388 hoc
1288 1350 1657 1404 nequaquam
1692 1333 1901 1388 debere
1938 1334 2084 1397 fieri,
2119 1335 2369 1389 maxime
2400 1333 2540 1404 quia.
2563 1311 2859 1377 “uessmm'ss

440 1416 630 1473 dictus
677 1417 1021 1475 Edmundus
1062 1420 1189 1490 jam
1233 1428 1504 1493 receptus
1559 1427 1718 1477 esset
1764 1422 1826 1476 in
1873 1422 2126 1493 gratiam
2176 1422 2422 1492 regiam,
2476 1426 2538 1477 et
2561 1380 2879 1494 {ffigfgffie’ss

438 1502 561 1556 suis
622 1503 1099 1574 temporabilibus
1153 1506 1481 1561 investitus.
1569 1505 1736 1574 Quod
1785 1512 1853 1562 ut
1912 1507 2184 1578 probaret
2242 1506 2326 1560 ita
2384 1523 2530 1570 esse,
2561 1517 2736 1575 agents
2759 1519 2812 1561 at

409 1586 758 1655 introduxit
825 1587 1115 1657 quendam
1184 1590 1531 1644 monachum
1592 1589 2061 1655 cisterciensem,
2125 1596 2187 1645 et
2245 1590 2535 1660 quendam
2562 1578 2646 1627 the
2661 1578 2857 1628 R0¹¹¹⁸¹¹

434 1671 858 1741 presbyterum,
914 1672 1016 1742 qui
1075 1673 1249 1744 paulo
1309 1679 1443 1728 ante
1502 1672 1576 1728 de
1635 1673 1858 1745 Anglia
1902 1680 2213 1739 venerant3
2283 1691 2429 1745 quos
2478 1680 2539 1729 et
2564 1644 2733 1695 0⁰⁰⁸·

433 1753 709 1809 conduxit
742 1760 811 1809 ut
837 1753 1108 1825 jurarent
1142 1773 1339 1811 coram
1373 1756 1554 1827 Papa,
1595 1775 1659 1812 se
1694 1775 1801 1828 pro
1836 1762 1996 1812 certo
2033 1758 2184 1813 scire
2222 1757 2537 1812 Dominum

432 1837 807 1892 Edmundum
838 1838 1161 1894 admissum
1196 1840 1258 1894 in
1290 1840 1475 1910 Regis
1513 1842 1799 1911 gratiam3
1841 1848 1901 1896 et
1934 1858 2050 1895 non
2079 1841 2270 1896 solum
2305 1842 2369 1895 in
2405 1858 2538 1911 gra-

436 1922 595 1985 tiam,
636 1920 740 1975 sed
777 1927 836 1976 et
864 1921 1153 1977 ¹accitum
1189 1921 1265 1977 ad
1296 1923 1425 1993 ejus
1456 1925 1742 1979 familiare
1780 1925 2108 1989 consilium,
2137 1930 2198 1980 et
2233 1926 2356 1980 suis
2393 1931 2539 1981 tem-

431 2005 731 2077 poralibus
802 2007 1164 2062 investitum.
1257 2006 1347 2062 Ac
1419 2014 1487 2063 ut
1557 2009 1839 2080 majorem
1912 2008 2087 2064 fidem
2146 2010 2407 2064 facerent
2477 2011 2539 2064 in

431 2090 772 2161 praemissis,
817 2090 1167 2160 juraverunt
1203 2108 1267 2145 se
1303 2091 1489 2146 oculis
1540 2092 1664 2146 suis
1712 2091 1933 2147 vidisse
1971 2109 2124 2155 eum,
2166 2098 2298 2147 ante
2335 2109 2538 2147 eorum

433 2190 740 2243 egressum
762 2173 836 2228 de
859 2174 1097 2245 Anglia,
1125 2173 1441 2230 Londoniis
1478 2174 1754 2230 nobiliter
1784 2175 2166 2240 incedentem,
2207 2182 2277 2231 ut
2310 2185 2539 2232 tantum

432 2257 723 2313 Abbatem
772 2258 987 2321 decuit,
1043 2259 1323 2329 stipatum
1374 2276 1589 2329 magna
1637 2265 1892 2323 caterva,
1955 2259 2353 2330 praeeuntibus
2405 2277 2541 2315 eum

432 2342 525 2397 bis
581 2343 737 2397 senis
792 2343 1103 2413 armigeris
1157 2343 1222 2397 in
1271 2361 1388 2397 una
1438 2349 1616 2398 secta.
1693 2341 1835 2411 Quae
1887 2344 2082 2398 omnia
2133 2349 2539 2415 procuratores

434 2425 606 2480 electi
641 2432 973 2481 constanter
1007 2424 1368 2490 refellebant,
1401 2432 1727 2482 asserentes
1758 2428 1868 2482 hoc
1898 2426 2232 2483 nullatenus
2268 2428 2353 2483 ita
2389 2445 2536 2482 esse.

505 2508 868 2581 Quapropter
905 2510 1189 2565 Dominus
1216 2508 1379 2582 Papa
1425 2511 1658 2566 distulit
1694 2511 1756 2564 in
1780 2529 1957 2566 causa
1980 2512 2314 2582 procedere,
2356 2511 2538 2567 donec
2562 2518 2784 2569 Fui-ther

434 2592 552 2647 slis.
589 2594 840 2648 certiora
885 2612 1038 2649 nova
1073 2594 1144 2648 de
1184 2595 1301 2649 ista
1350 2595 1597 2649 materia
1648 2593 2065 2666 ²percepisset.
2141 2596 2221 2651 Et
2271 2596 2416 2661 haec,
2471 2602 2540 2651 ut
2564 2586 2816 2664 enquiries

434 2676 575 2740 dixi,
615 2678 732 2733 fuit
765 2695 943 2733 causa
989 2694 1170 2748 quare
1217 2677 1410 2735 dictus
1465 2678 1795 2735 Cardinalis
1843 2680 2123 2750 praefatus
2161 2681 2319 2737 dicto
2366 2681 2537 2735 modo
2562 2653 2784 2771 ἓξὲξ

436 2761 691 2832 scripsit.

523 3039 550 3078 ³
578 3039 1015 3127 Rescriptum
1054 3037 1571 3126 Archiepiscopi
1617 3038 2175 3126 certfflmtorium
2219 3040 2445 3127 Papce.

503 3205 995 3277 Archiepiscopus
1045 3223 1187 3276 ergo
1225 3204 1664 3260 Cantuariensis
1713 3204 1983 3276 inprimis
2032 3205 2351 3260 maturavit
2397 3204 2538 3261 scri·
2560 3211 2779 3264 Answer
2884 3202 2898 3221 '

435 3289 573 3343 bere
615 3289 864 3344 Domino
913 3290 1107 3361 Papae,
1161 3295 1221 3344 et
1270 3289 1519 3343 eundem
1567 3287 1889 3343 certificare
1933 3305 2110 3358 snper
2154 3288 2273 3343 hiis
2322 3289 2535 3359 quibus
2561 3287 2674 3330 Sem
2694 3282 2763 3346 by
2786 3280 2873 3331 ¹¹¹0

435 3374 628 3427 fuerat
685 3379 975 3429 oneratus.
1076 3373 1190 3442 Qui
1247 3378 1382 3444 post
1440 3372 1746 3443 praemissa
1802 3371 1982 3426 verba
2040 3371 2417 3443 subjectionis
2478 3380 2538 3428 et
2560 3346 2731 3462 ἓξὲξ·
2762 3414 2824 3463 os

432 3458 778 3512 reverentiae
844 3457 1074 3523 debitae,
1137 3457 1331 3511 innuit
1388 3474 1470 3520 se,
1534 3456 1607 3511 ob
1666 3455 2069 3527 Apostolicam
2125 3458 2531 3521 reverentiam,
2561 3479 2873 3546 Caum-bury

434 3542 719 3597 institisse
754 3559 932 3613 penes
969 3542 1194 3611 Regem
1231 3546 1292 3596 et
1324 3558 1595 3612 proceres
1629 3558 1738 3611 pro
1770 3539 2066 3594 Edmundi
2097 3540 2363 3612 praedicti
2393 3541 2535 3596 deli·
2558 3545 2613 3595 in
2636 3548 2763 3596 rese-

435 3626 750 3691 beratione,
803 3632 864 3682 et
897 3633 966 3682 ut
1005 3624 1380 3681 Edmundum
1428 3625 1756 3688 ecclesiam,
1796 3623 2004 3696 Papali
2042 3624 2155 3679 sibi
2203 3625 2533 3697 provisione
2559 3626 2706 3663 ΝΜΟ

435 3711 724 3776 collatam,
763 3711 1004 3782 pacifice
1040 3709 1273 3782 ingredi
1308 3714 1669 3780 paterentur.
1748 3707 1865 3764 Sed
1911 3714 2046 3779 post
2080 3725 2268 3780 pauca
2302 3710 2365 3764 in
2404 3727 2536 3780 pro·
2559 3679 2768 3730 ‘herem’

435 3813 647 3867 gressu
695 3801 993 3852 asseverat
1040 3812 1146 3867 pro
1195 3795 1380 3858 firmo,
1440 3811 1502 3849 se
1553 3810 1626 3848 ex
1677 3809 1956 3865 responso
2008 3792 2197 3864 regali
2248 3809 2316 3847 ac
2365 3793 2536 3862 regni

435 3896 745 3951 procerum
779 3879 1156 3943 intellexisse,
1210 3895 1510 3949 nunquam
1560 3894 1661 3932 eos
1707 3894 1983 3949 passuros
2033 3877 2369 3947 ingressum
2418 3875 2535 3930 Ed-

437 3963 638 4018 mundi
675 3964 738 4018 in
772 3962 1125 4018 Abbathiam
1162 3962 1235 4016 de
1271 3961 1495 4033 Burgo,
1536 3960 1641 4016 sed
1687 3978 1793 4015 nec
1830 3977 2139 4032 egressum
2173 3960 2303 4031 ejus
2339 3978 2376 4014 a
2410 3977 2534 4015 car-

437 4064 589 4111 cere,
627 4047 838 4102 timore
879 4046 976 4102 vel
1011 4046 1346 4102 interventu
1394 4044 1646 4116 alicujus
1695 4061 1979 4115 personae,
2018 4043 2135 4098 nisi
2172 4043 2536 4099 solummodo

437 4131 738 4201 contingat
772 4148 871 4186 eos
914 4131 1069 4186 flecti
1115 4147 1221 4202 per
1268 4129 1455 4202 ipsius
1503 4128 1741 4184 Domini
1788 4128 1965 4200 Papae
2011 4145 2216 4199 preces
2253 4127 2535 4183 sollicitas

437 4221 500 4271 et
531 4216 835 4271 instantes.
907 4214 1179 4286 Explicat
1204 4219 1506 4287 praeterea,
1548 4230 1684 4268 eum
1709 4212 1810 4282 jus
1842 4212 2077 4282 regium
2109 4218 2169 4267 et
2199 4213 2369 4283 regni
2405 4229 2536 4267 con-

438 4300 776 4356 suetudines
799 4299 1018 4356 talibus
1042 4299 1115 4355 ab
1138 4299 1309 4354 initio
1343 4297 1745 4370 provisoribus
1783 4295 2247 4363 conti-avenisse3
2288 4303 2349 4352 et
2382 4297 2538 4352 inter

439 4390 651 4441 caetera
686 4384 1033 4457 deprecatur
1076 4389 1165 4449 ut,
1204 4382 1484 4455 temporis
1531 4380 1840 4452 praesentis
1877 4380 2247 4436 considerata
2286 4381 2531 4444 malitia,

511 4655 523 4686 ¹
547 4662 807 4707 attractum
829 4654 885 4705 in
908 4655 994 4707 the
1016 4655 1215 4721 printed
1231 4661 1381 4706 texts.
1595 4652 1615 4684 ³
1642 4648 1917 4718 Rescriptio
1939 4650 1992 4701 in
2016 4651 2142 4718 orig.

507 4737 528 4767 ²
549 4737 755 4802 cepisset
772 4735 828 4785 in
851 4735 937 4787 the
957 4734 1158 4800 printed
1177 4741 1327 4785 texts.
