3300 5617
1123 771 1458 827 msa-omn
1483 772 1904 828 AnoucAM.
2471 760 2556 827 15

116 950 429 1018 Biduum·
538 961 684 1018 Post
734 961 1195 1019 Parliamentum
1245 978 1387 1018 vero
1437 963 1582 1030 Rex,
1631 971 1702 1021 ut
1734 963 1983 1019 Leulino
2027 962 2293 1035 Principi
2332 963 2564 1020 walliae
2674 969 2810 1024 AJ).

116 1018 403 1208 {esi‘issbl‘
462 1046 708 1102 liberior
742 1046 818 1102 ad
854 1065 917 1104 se
950 1052 1182 1120 pateret
1230 1064 1522 1113 accessus,
1562 1048 1856 1105 Castriam
1907 1065 2116 1119 usque,
2163 1065 2294 1120 qum
2328 1048 2393 1103 in
2432 1042 2900 1104 ωτι-12754978·

464 1131 605 1186 finio
644 1131 876 1188 Walliae
936 1132 1052 1187 sita
1110 1136 1220 1197 est,
1282 1132 1683 1205 progreditur.
1782 1132 1987 1189 Missis
2034 1133 2254 1188 iterum
2309 1133 2561 1198 nunciis,
2588 1118 2808 1169 EdWffll

462 1215 804 1287 homagium
839 1216 1028 1288 exigit
1066 1216 1141 1271 ab
1193 1217 1417 1273 eodem.
1516 1216 1644 1288 Quo
1678 1217 1967 1274 mandatis
2003 1217 2188 1289 regiis
2223 1235 2430 1289 parere
2467 1217 2565 1272 de·
2589 1187 2824 1304 w?
2847 1193 2900 1238 ω

461 1306 769 1365 trectante,
822 1300 949 1356 Rex
986 1301 1309 1358 exercitum
1345 1309 1642 1367 convocat,
1684 1302 1998 1374 disponens
2047 1302 2404 1375 Principem,
2451 1301 2565 1358 sibi

461 1385 852 1457 denegantem
885 1386 1249 1458 homagium,
1275 1386 1350 1442 de
1386 1404 1494 1443 suo
1529 1386 1701 1443 feodo
1737 1404 2089 1460 expugnare.

534 1469 757 1525 Eodem
798 1487 967 1536 anno,
1007 1471 1069 1525 in
1103 1472 1371 1542 partibus
1407 1469 1788 1528 Australibus
1824 1470 2079 1542 Angliae,
2125 1475 2186 1527 et
2221 1469 2566 1526 Occidenta-

461 1553 640 1620 libus,
665 1560 841 1609 terrae
875 1560 1071 1611 mot-us
1097 1555 1400 1612 horribilis
1424 1555 1693 1625 contigit,
1720 1554 1872 1610 feria
1895 1561 2105 1627 quarta
2138 1556 2294 1610 infra
2316 1554 2566 1611 Octabaa

463 1637 807 1696 Nativitatis
847 1638 1119 1710 Virginis
1173 1640 1465 1711 gloriosae.
1552 1638 1977 1695 Pestilentialis
2025 1640 2204 1696 etiam
2251 1638 2562 1709 aegritudo,

463 1739 602 1779 oves
637 1740 999 1788 consumens,
1039 1724 1234 1780 scabie
1268 1725 1553 1797 plurimas
1589 1723 1904 1780 interfecit.
2047 1728 2064 1743 '

535 1807 668 1864 Hoc
717 1825 884 1873 anno,
939 1808 1118 1865 solvit
1175 1809 1426 1881 populus
1478 1808 1634 1879 Regi
1671 1806 2224 1879 quintamdecimam
2258 1807 2563 1874 bonorum,

466 1909 598 1964 qum
633 1894 789 1963 patri
825 1911 932 1949 suo
967 1892 1272 1950 dicebatur
1306 1910 1723 1965 proeooncessa.

535 1977 772 2033 Transit
805 1995 990 2034 annus
1043 1979 1158 2034 iste
1216 1979 1471 2050 frugifer
1524 1985 1586 2035 et
1634 1976 1908 2033 fructifer
1963 1974 2236 2047 Anglicae
2296 1975 2563 2049 regioni3

466 2061 818 2119 Christianis
855 2068 916 2118 et
948 2063 1270 2119 incredulis
1306 2080 1344 2118 a
1376 2062 1551 2118 bellis
1586 2062 1808 2134 ubique
1845 2061 2102 2133 quietus.

122 2180 240 2232 MS·
264 2182 405 2236 Bm.
536 2148 706 2204 Anno
753 2145 1068 2202 millesimo
1126 2146 1526 2202 ducentesimo
1603 2145 2035 2219 septuagesimo
2118 2145 2384 2216 septimo,
2459 2145 2564 2216 qui
2588 2164 2701 2216 The
2714 2167 2903 2233 dagh-

122 2249 254 2312 Reg,
285 2255 349 2299 13
462 2237 557 2287 est
618 2248 803 2286 annus
853 2230 1026 2301 regni
1087 2229 1272 2301 Regis
1310 2228 1603 2293 Edwardi,
1643 2247 1681 2285 a
1716 2227 2072 2300 Conquaestu
2130 2228 2336 2292 Primi,
2392 2247 2562 2301 quar-
2586 2238 2666 2282 ter
2685 2233 2846 2287 ofthe

120 2315 186 2365 E·
209 2316 283 2366 ix-
464 2321 580 2379 tus,
619 2314 936 2371 Oomitissa
986 2313 1363 2385 Leycestriae‚
1406 2313 1618 2370 relicta
1662 2312 1943 2368 videlicet
1995 2313 2252 2368 Simonis
2289 2312 2361 2367 de
2397 2312 2562 2368 Mon·
2586 2298 2709 2350 3⁸¹¹
2730 2301 2792 2351 Οἵ
2889 2306 2904 2360 T

178 2381 191 2393 ’
395 2399 436 2436 ‘'-
462 2399 683 2463 teforti,
768 2397 1059 2470 quondam
1143 2397 1393 2453 Comitis
1471 2397 1848 2468 Leycestriae,
1920 2414 2052 2468 quoe
2135 2396 2331 2453 fuerat
2396 2415 2564 2454 soror
2587 2366 2843 2486 mter

124 2487 243 2580 Reg'
287 2522 351 2566 13
464 2483 728 2548 Henrici,
768 2482 954 2554 Regis
989 2481 1246 2554 Angliae,
1290 2489 1368 2547 et,
1412 2484 1607 2538 occiso
1630 2482 1861 2545 marite,
1901 2499 2036 2537 cum
2061 2481 2184 2536 suis
2221 2481 2285 2535 in
2310 2480 2565 2537 Galliam

126 2580 189 2631 Ε,
213 2582 288 2634 ix,
466 2569 718 2639 fugerat,
762 2585 831 2622 ac
889 2568 952 2623 in
987 2567 1158 2623 domo
1209 2568 1490 2623 Sororum
1527 2567 1598 2622 de
1636 2565 1853 2621 Ordine
1901 2564 2363 2621 Praedicatorum
2410 2567 2565 2638 apud

464 2652 829 2723 Montargys,
881 2669 918 2706 a
952 2670 1150 2707 sorore
1192 2653 1310 2709 viri
1358 2653 1451 2707 sui
1487 2649 1747 2715 fundata,
1782 2648 2138 2714 morabatur,
2177 2649 2362 2705 filiam
2398 2668 2566 2706 suam

464 2735 792 2792 transmisit
829 2736 894 2790 in
916 2736 1211 2801 Walliam,
1252 2736 1536 2807 Principi,
1577 2734 1734 2790 sicut
1766 2740 1933 2806 patre
1967 2733 2204 2790 vivente
2241 2734 2350 2789 sub
2387 2737 2566 2791 certis

463 2821 633 2876 factis
668 2827 1015 2877 conventum
1050 2821 1260 2884 fuerat,
1300 2818 1706 2875 maritandam.
1782 2818 2009 2875 Ducem
2041 2835 2186 2874 vero
2221 2819 2470 2884 itineris,
2498 2838 2566 2876 ac

463 2911 903 2977 procuratorem
961 2904 1205 2975 negotii,
1257 2903 1661 2976 Aymericmn,
1717 2903 1907 2958 filium
1967 2921 2142 2958 suum
2196 2920 2562 2973 germanum,

458 2989 672 3062 puellae
707 2988 1030 3053 constituit,
1071 2988 1371 3059 assignata
1405 2987 1629 3043 eisdem
1667 2987 1960 3043 comitiva.
2057 2986 2170 3056 Qui
2223 2994 2564 3060 suspectum

458 3072 739 3128 habentes
799 3073 915 3127 iter
973 3088 1080 3144 per
1135 3071 1433 3143 Angliam‚
1473 3088 1712 3126 emenso
1765 3071 1956 3126 multo
2007 3071 2189 3125 maris
2239 3072 2447 3143 spatie,
2487 3071 2563 3127 ad

458 3158 682 3213 insulas
738 3156 975 3220 Silviae,
1033 3172 1164 3226 quae
1213 3156 1498 3211 terminos
1550 3153 1863 3210 Oornubiae
1900 3173 1932 3210 e
1968 3153 2164 3210 vicino
2216 3155 2558 3227 respiciunt,

457 3241 862 3307 devehuntur3
902 3241 1007 3296 ubi
1042 3258 1079 3295 a
1113 3245 1365 3311 quatuor
1399 3239 1647 3295 navibus
1702 3238 2207 3303 Bristollensibus,
2250 3256 2322 3294 ex
2366 3240 2559 3312 inspe-

456 3333 587 3383 rato
659 3324 1229 3400 supervenientibus,
1291 3324 1717 3396 comprehensi,
1779 3324 1856 3379 ad
1931 3325 2304 3395 praesentiam
2375 3324 2561 3397 Regis

460 3411 695 3484 Anglioe
708 3411 718 3425 “
732 3411 1133 3476 deducuntur3
1176 3410 1297 3482 qui,
1359 3415 1591 3466 retenta
1639 3409 1843 3486 puella
1885 3409 2202 3465 honorifice
2238 3410 2301 3464 in
2334 3411 2562 3466 comiti-

457 3513 594 3551 vam
646 3496 913 3566 Reginae,
947 3494 1347 3565 Aymericum,
1385 3494 1631 3548 fratrem
1685 3510 1877 3558 suum,
1925 3494 2118 3564 primo
2155 3494 2218 3547 in
2257 3497 2449 3549 castro
2490 3494 2564 3550 de

458 3579 620 3644 Cori,
649 3585 709 3634 et
741 3585 948 3650 postea
980 3579 1045 3632 in
1085 3583 1278 3634 castro
1314 3576 1388 3634 de
1426 3576 1889 3644 Scherebourne,
1930 3577 2041 3632 sub
2078 3576 2345 3634 custodia
2377 3577 2565 3635 libera

458 3662 728 3729 detinuit,
768 3662 874 3719 sed
910 3681 1132 3718 secura.

528 3748 752 3803 Eodem
786 3755 1048 3819 tempore
1084 3746 1248 3818 Papa
1283 3743 1628 3818 Gregorius,
1668 3746 1826 3817 apud
1873 3745 2186 3802 Arescium
2228 3745 2557 3814 defunctus,
2588 3747 2899 3816 Gregoryx.

455 3831 677 3887 ibidem
711 3832 966 3887 traditur
1001 3830 1336 3903 sepulturoe.
1414 3829 1528 3886 Oui
1564 3831 1851 3886 successit
1884 3830 2260 3887 Innocentius
2287 3831 2558 3899 Quintus,
2585 3826 2911 3881 InnocentV.

455 3917 692 3972 natione
710 3915 1090 3987 Burgundus,
1111 3915 1184 3970 de
1204 3914 1562 3979 Tarentasia,
1582 3914 1775 3970 dictus
1796 3915 2040 3971 'entend‘
2059 3914 2268 3970 Frater
2282 3915 2559 3982 Petrus?²

459 4001 564 4073 qui
597 4003 661 4055 in
696 4000 916 4056 Ordine
954 3999 1415 4054 Praedicatorum
1465 3997 1663 4053 studio
1714 3998 2157 4071 Scripturarum
2199 3998 2452 4063 deditus,
2492 4018 2562 4055 ac

458 4085 678 4141 Doctor
701 4084 1038 4155 Theologiae
1062 4083 1326 4138 Pal-isius
1352 4083 1560 4146 factae,
1601 4083 1902 4154 sapientiae
1927 4100 2047 4137 suae
2072 4084 2355 4137 memoria
2375 4084 2565 4138 multa

458 4169 765 4225 scribendo
825 4168 1000 4223 utilia
1051 4167 1301 4239 posteris
1352 4166 1689 4237 dereliquit.
1788 4165 1901 4235 Qui
1937 4184 2072 4221 cum
2107 4173 2264 4223 esset
2297 4168 2393 4222 vir
2426 4168 2563 4222 reli·

456 4255 650 4324 gionis
686 4252 936 4316 eximiae,
964 4257 1332 4323 expertaeque
1367 4250 1715 4322 prudentiae,
1759 4252 1951 4321 primo
1976 4251 2150 4305 Prior
2173 4250 2561 4306 Provincialis

459 4339 704 4392 fratrum
766 4354 1009 4391 suorum
1066 4337 1131 4390 in
1190 4336 1457 4398 Francia,
1512 4334 1722 4388 deinde
1783 4335 2031 4389 efficitur
2065 4333 2560 4406 Archiepiscopus

457 4421 910 4492 Lugdunensis3
950 4420 1304 4491 demumque
1356 4437 1392 4474 a
1426 4419 1591 4489 Papa
1643 4418 1933 4488 Gregorio
1987 4418 2062 4473 ad
2113 4417 2559 4475 Oardinalatum

1148 4764 1160 4794 ¹
1199 4770 1313 4812 ante
1333 4763 1387 4813 iu
1410 4761 1497 4813 the
1519 4762 1720 4830 printed
1742 4767 1891 4814 texts.
