3300 5617
773 722 904 785 456
1423 734 1681 783 mona:
1728 733 2195 787 WALsmenAn

435 912 573 962 A.D.
602 916 746 962 1³81.
776 914 1050 980 quantam
1084 906 1284 962 nullus
1319 906 1655 964 meminisse
1688 908 1897 980 potuit,
1950 909 2045 966 vel
2096 908 2348 974 audisse,
2409 909 2425 942 ¹
2445 909 2683 965 insimul
2736 925 2889 962 con·
2916 916 3027 966 MS.
3050 916 3149 969 mhi

435 992 583 1070 'IIhey
605 1005 689 1069 re1
775 994 1023 1049 venisse.
1117 992 1268 1047 Cum
1315 997 1479 1047 tanta
1536 1010 1679 1063 ergo
1732 994 2061 1064 frequentia
2116 999 2357 1050 ventum
2406 1000 2501 1049 est
2546 995 2622 1048 ad
2676 993 2889 1048 locum
2918 984 3041 1060 atg-
3064 990 3109 1033 13

434 1074 566 1107 ‘'¹²¹''
587 1058 720 1108 ὤρη
775 1084 1044 1133 vocatum
1103 1075 1248 1131 “²10
1305 1076 1595 1131 Blakheth
1613 1099 1628 1142 ;
1649 1076 1684 1101 ’⁹
1721 1077 1825 1131 ubi
1868 1082 2197 1134 statuerunt
2236 1078 2471 1134 turbam
2512 1078 2713 1133 videre
2756 1076 2889 1131 ool·
2914 1050 2975 1099 E·
2997 1066 3063 1099 ¹¹·

436 1127 715 1242 ἓὲῃῖἒῖξὶἰ,
776 1163 1004 1226 lectam,
1036 1167 1097 1216 et
1125 1161 1413 1216 sociorum
1450 1161 1886 1216 multitudinem
1914 1180 2238 1218 numerare.
2314 1162 2388 1218 In
2422 1181 2538 1233 quo
2570 1162 2699 1218 loco
2730 1161 2885 1216 dum

438 1258 605 1309 heath.
775 1246 1189 1310 constitissent,
1228 1252 1513 1301 venerunt
1547 1244 1623 1300 ad
1658 1263 1757 1302 eos
1794 1263 1864 1300 ex
1899 1252 2064 1317 parte
2100 1246 2283 1319 Regis
2319 1247 2559 1311 milites,
2600 1247 2703 1319 qui
2739 1263 2887 1300 cau·

776 1350 900 1388 sam
947 1331 1310 1402 inquirerent
1359 1330 1760 1385 commotionis
1821 1347 2041 1395 eorum,
2105 1337 2167 1387 et
2212 1349 2393 1403 quare
2441 1331 2585 1387 illuc
2642 1336 2885 1386 tantum

440 1430 670 1495 Message
777 1415 1057 1489 populum
1093 1415 1532 1472 contraxissent.
1610 1414 1833 1482 Quibus
1873 1433 2217 1487 responsum
2266 1422 2375 1481 est,
2416 1434 2500 1482 se,
2538 1433 2646 1487 pro
2694 1414 2882 1469 certis

438 1505 548 1547 sent
569 1498 637 1562 by
777 1501 970 1557 causis
1026 1506 1087 1556 et
1125 1500 1397 1571 negotiis,
1454 1499 1529 1554 ad
1577 1498 1907 1555 habendum
1960 1518 2094 1555 cum
2132 1500 2297 1571 Rege
2355 1518 2461 1555 suo
2517 1499 2881 1570 colloquium

439 1567 574 1641 “¹9⁰²
600 1574 648 1614 ω
665 1564 750 1614 the
774 1585 1130 1650 convenisse,
1159 1590 1220 1640 et
1247 1584 1456 1639 debere
1486 1582 1720 1638 eosdem
1748 1583 1989 1638 nuncios
2019 1584 2215 1655 regios
2236 1601 2498 1638 remeare
2527 1584 2602 1638 ad
2625 1584 2879 1653 Regem.

438 1631 593 1695 ng'
776 1676 837 1725 et
883 1669 1151 1725 intimare
1204 1668 1260 1723 ei
1320 1674 1585 1740 oportere
1640 1685 1778 1723 eum
1834 1667 2067 1724 omnino
2114 1668 2189 1723 ad
2247 1668 2483 1725 eosdem
2527 1667 2749 1730 venire,
2804 1664 2885 1719 ad

775 1753 1129 1809 audiendum
1164 1752 1454 1808 desideria
1486 1752 1680 1807 cordis
1717 1770 1938 1807 eorum.

440 1841 552 1893 'rho
573 1842 713 1908 King
845 1838 1203 1892 Nunciatum
1233 1842 1324 1892 est
1350 1837 1537 1907 igitur
1566 1854 1914 1908 responsum
1942 1836 2114 1907 Regi,
2154 1842 2216 1892 et
2246 1853 2485 1892 suasum
2517 1854 2555 1891 a
2580 1834 2884 1890 nonnullis

440 1910 485 1959 5⁸
506 1909 703 1988 diffluat
777 1928 844 1976 ut
880 1920 954 1975 ad
995 1940 1094 1976 cos
1131 1938 1378 1992 pergere
1417 1921 1738 1976 festinaret.
1814 1920 2303 1993 Archiepiscopus
2344 1939 2485 1976 vero
2522 1917 2880 1981 Cantuariae,

443 1976 641 2092 ded-bg!
651 1978 731 2026 ¹¹¹⁸
776 2024 883 2078 pro
905 2012 1044 2061 tunc
1068 2005 1238 2076 regni
1263 2004 1679 2070 Cancellarius,
1701 2005 1990 2075 Magister
2017 2006 2236 2076 Symon
2260 2005 2331 2060 de
2358 2005 2657 2068 Sutburia‚
2678 2010 2740 2058 et
2762 2003 2885 2056 Do-

438 2058 739 2159 tfss-uoffismggt.
777 2092 970 2146 minus
995 2091 1288 2146 Robertus
1318 2090 1389 2145 de
1414 2090 1620 2157 Hales,
1654 2090 1944 2161 Magister
1974 2090 2301 2163 Hospitalis
2337 2090 2536 2146 Sancti
2569 2090 2607 2144 J
2612 2090 2880 2152 ohannis,

443 2175 532 2241 ing
553 2176 705 2226 them.
780 2181 915 2231 tunc
953 2174 1124 2246 regni
1165 2174 1604 2240 Thesaurarius‚
1658 2174 1864 2229 obnixe
1904 2176 2249 2230 restiterunt
2292 2174 2438 2230 talia
2477 2172 2881 2235 suadentibuS,

778 2259 1036 2314 dicentes
1095 2277 1464 2331 nequaquam
1523 2258 1735 2313 debere
1792 2259 2020 2330 Regem
2079 2258 2240 2314 adire
2294 2258 2443 2314 tales
2504 2257 2881 2327 discaligatos

778 2343 1052 2407 ribaldos,
1100 2344 1243 2414 quin
1283 2344 1477 2415 potius
1511 2342 1973 2414 ³disponendum
2008 2360 2136 2399 esse
2173 2344 2344 2398 aliter
2382 2343 2458 2398 ad
2498 2341 2882 2412 comprimen-

782 2428 922 2482 dum
958 2428 1291 2498 superbiam
1327 2444 1676 2498 ganconum.
1750 2425 1893 2497 Quae
1934 2445 2069 2482 cum
2105 2426 2407 2483 audissent
2435 2442 2717 2497 responsa
2750 2423 2884 2477 vul·

446 2514 735 2567 Theinsur-
782 2530 974 2582 gares,
1038 2512 1100 2565 in
1159 2513 1415 2566 furorem
1482 2511 1659 2577 versi,
1726 2511 2078 2582 juraverunt
2148 2528 2211 2567 se
2281 2510 2478 2581 regios
2549 2509 2880 2571 traditores,

445 2591 593 2647 geum
781 2596 1302 2667 Archiepiscopum
1349 2594 1591 2659 scilicet,
1636 2601 1700 2650 et
1739 2594 2062 2650 Robertum
2100 2596 2465 2666 praedietum,
2512 2594 2883 2666 quaesituro&

445 2650 728 2768 mgb
785 2699 900 2751 quo
937 2680 1183 2735 tutiores
1222 2679 1434 2735 habere
1472 2679 1649 2751 pedes
1690 2697 1753 2735 se
1785 2679 2116 2746 credebant,
2158 2686 2219 2735 et
2254 2698 2460 2736 eorum
2500 2679 2692 2750 capita
2727 2676 2887 2732 abla-

446 2789 589 2846 ters;
625 2787 727 2835 and
786 2770 968 2820 turos.
1044 2764 1124 2819 Et
1169 2764 1476 2820 confestim
1514 2754 1630 2820 iter
1670 2782 1879 2820 versus
1922 2764 2249 2821 Londonias
2298 2763 2660 2837 arripientes,
2712 2778 2887 2815 vene-

445 2851 600 2900 reach
789 2854 929 2904 runt
973 2848 1048 2904 ad
1104 2848 1432 2913 Suthwerk,
1497 2853 1559 2903 et
1608 2848 1805 2904 omnia
1861 2849 1992 2904 loca
2039 2848 2415 2921 repleverunt
2459 2846 2677 2902 ibidem
2714 2850 2779 2900 et
2824 2844 2888 2898 in

448 2917 766 2972 S⁰uthv⁸³k
789 2933 1031 3005 regione
1091 2932 1301 2989 vicina.
1400 2931 1592 3003 Major
1654 2950 1796 3005 ergo
1862 2932 2296 2988 Londoniarum
2360 2937 2422 2988 et
2483 2928 2884 2993 Aldermanni,

788 3023 1112 3074 metuentes
1160 3017 1311 3081 urbi,
1362 3024 1559 3088 portas
1607 3034 1744 3073 mox
1789 3017 2062 3072 claudere
2116 3018 2533 3081 decreverunt3
2585 3015 2689 3071 sed
2735 3031 2888 3070 com-

786 3120 960 3157 mune
999 3102 1215 3173 vulgus
1254 3100 1528 3166 civitatis,
1581 3110 1642 3156 et
1685 3101 1981 3173 praecipue
2025 3096 2421 3173 pauperiores,
2465 3102 2726 3156 faventes
2762 3116 2890 3152 rus-

785 3186 938 3251 ticis,
1001 3186 1350 3258 prohibuere
1405 3184 1694 3255 Majorem
1756 3204 1793 3240 a
1854 3186 2128 3241 clausura
2192 3191 2512 3257 portarum,
2574 3184 2889 3239 inferentes

784 3270 927 3334 vim,
978 3276 1040 3325 et
1075 3275 1324 3325 mortem
1370 3269 1787 3325 comminantes
1840 3270 2052 3335 eidem,
2109 3269 2162 3325 si
2208 3269 2271 3324 id
2316 3270 2508 3325 facere
2556 3273 2885 3324 attentaret.

787 3353 996 3424 Itaque
1044 3354 1264 3409 factum
1322 3359 1430 3418 est,
1480 3360 1550 3409 ut
1595 3371 1703 3426 per
1750 3359 1933 3409 totam
1978 3360 2208 3411 noctem
2258 3359 2617 3425 sequentem,
2669 3351 2732 3406 id
2774 3358 2884 3414 est,

787 3437 1065 3509 ‘Vigiliae
1129 3437 1266 3493 festi
1328 3438 1603 3509 Corporis
1677 3438 1918 3504 Christi,
1984 3439 2166 3494 libere
2230 3438 2555 3509 gauderent
2618 3436 2776 3491 exitu
2826 3439 2891 3489 et

455 3520 602 3587 They
791 3521 1033 3578 introitu
1068 3521 1403 3577 nebulones.
1479 3522 1786 3578 Animavit
1830 3524 2306 3579 communitatem
2346 3522 2797 3583 Londoniarum,
2828 3524 2892 3573 et

457 3590 631 3669 οῑῖωῗῦ
653 3589 741 3640 ”d‘
790 3606 967 3662 etiam
1008 3606 1188 3662 totius
1235 3606 1423 3677 regni,
1469 3606 1547 3662 ad
1586 3606 1899 3663 favendum
1944 3608 2051 3672 eiS,
2103 3608 2262 3679 quod
2304 3606 2643 3663 asserebant
2688 3621 2889 3659 eorum

454 3671 674 3775 3¹3¹&ss
792 3707 922 3746 esse
982 3690 1346 3763 propositum
1404 3691 1576 3763 regni
1635 3691 2037 3748 tantummodo
2102 3692 2431 3764 proditores
2494 3690 2765 3752 serutari,
2826 3693 2890 3743 et

456 3788 560 3853 city
583 3791 645 3839 of
792 3781 996 3848 postea
1054 3782 1399 3832 cessaturos.
1493 3775 1575 3832 Et
1625 3793 1698 3831 eo
1755 3775 2040 3848 majorem
2099 3776 2276 3831 fidem
2336 3775 2653 3831 adhibuere
2715 3771 2889 3828 dictis

456 3855 684 3909 London.
793 3878 1015 3926 eorum,
1051 3859 1207 3932 quod
1234 3860 1382 3915 nihil
1418 3865 1741 3932 rapuerunt
1770 3860 2028 3926 omnino,
2066 3860 2171 3917 sed
2205 3860 2401 3918 omnia
2435 3864 2704 3915 emerunt
2729 3858 2891 3929 justo

793 3944 1015 4017 pretio;
1079 3951 1141 4000 et
1191 3945 1241 4000 si
1301 3961 1655 4017 quemquam
1708 3945 2068 4017 reperissent
2110 3946 2176 4001 in
2220 3946 2399 4011 farte,
2445 3946 2639 4017 capite
2700 3943 2891 4015 priva·

793 4037 1022 4095 verunt,
1061 4035 1338 4102 tanquam
1375 4029 1478 4100 qui
1514 4030 1675 4086 fures
1710 4030 1961 4085 maxime
1996 4030 2444 4087 detestarentur.

865 4115 938 4169 In
990 4114 1243 4171 crastino
1302 4120 1516 4180 autem,
1570 4115 1682 4171 hoc
1732 4121 1823 4171 est
1870 4115 1932 4171 in
1982 4115 2110 4187 ipso
2146 4116 2296 4171 festo
2330 4112 2608 4186 Corporis
2642 4111 2887 4177 Christi,

797 4199 1078 4255 intrantes
1130 4204 1191 4254 et
1240 4205 1513 4255 exeuntes
1566 4200 1791 4267 urbem,
1846 4205 1909 4255 et
1956 4199 2028 4255 de
2085 4199 2352 4256 libertate
2402 4198 2780 4271 adquirenda,
2817 4196 2889 4253 de

863 4443 876 4472 ¹
905 4428 1022 4492 ῑηεῖι
1054 4442 1109 4492 in
1125 4441 1252 4509 orig.
1288 4445 1390 4493 and
1411 4442 1548 4493 Bibl.
1570 4443 1699 4509 neg.
1729 4447 1789 4493 13
1893 4443 1979 4494 the
2000 4443 2198 4508 printed
2221 4451 2369 4495 texts.

795 4522 855 4572 Ε.
879 4521 952 4571 ix.
976 4542 989 4581 ;
1037 4520 1211 4571 insulis
1231 4521 1286 4571 in
1309 4523 1395 4572 the
1416 4521 1615 4586 printed
1638 4529 1788 4573 texts.
1957 4526 1979 4555 ⁸
1998 4522 2322 4589 deponendum
2343 4522 2397 4572 in
2440 4522 2568 4589 orig.
2588 4542 2602 4585 3
2636 4517 2889 4575 corrected

857 4601 879 4630 ²
900 4600 958 4650 de
1002 4600 1056 4650 in
1114 4600 1242 4666 orig.
1272 4621 1287 4653 z
1342 4603 1601 4653 corrected
1658 4602 1788 4653 from
1891 4603 2021 4654 stom
2042 4603 2130 4654 the
2154 4602 2354 4668 printed
2375 4611 2521 4655 texts.

792 4679 926 4731 Bibl.
967 4680 1095 4746 Reg.
1140 4686 1200 4731 13
1236 4681 1296 4733 Ε.
1333 4681 1406 4733 ix.
1477 4681 1703 4734 Omitted
1734 4682 1788 4732 in
1956 4685 1973 4714 ⁴
2008 4681 2233 4751 Ve’yile'am
2258 4684 2311 4733 in
2335 4683 2419 4735 the
2442 4682 2645 4748 printed
2667 4691 2819 4737 texts.-
