3300 5617
1117 809 1447 861 ms‘romA
1492 811 1908 864 Ausucum.
2420 806 2550 872 293

386 1041 402 1055 ,
472 991 511 1017 ‘⁸
549 998 609 1049 et
660 992 969 1066 exigentiis
1023 1013 1168 1068 quas
1215 998 1482 1054 fecerunt
1531 1016 1640 1071 per
1691 1000 1940 1071 speciale
1991 999 2211 1055 nomini
2256 999 2354 1056 vel
2399 998 2417 1034 ¹
2427 999 2550 1071 juri
2574 1002 2713 1058 A.D.
2740 1010 2885 1059 1360.

470 1077 509 1102 “
546 1094 772 1134 coronae
812 1080 1093 1147 Francioe,
1132 1082 1517 1153 omnibusque
1562 1085 1852 1155 homagiis
1899 1090 1961 1140 et
2004 1082 2026 1117 ²
2043 1082 2549 1156 superioritatibus

467 1161 507 1188 ‘⁴
545 1160 805 1219 Ducatus
852 1163 925 1219 de
972 1165 1278 1231 Toureine,
1327 1167 1724 1233 Normanniae‚
1774 1175 1838 1225 et
1876 1168 2218 1234 Britanniae,
2264 1175 2326 1224 et
2360 1168 2554 1224 Comi·

426 1263 438 1276 ·
469 1245 507 1272 “
545 1251 699 1302 tatus
764 1265 834 1303 ao
899 1249 1104 1320 patriae
1187 1250 1533 1317 'Flandrioe‚
1595 1251 1846 1323 dAnjou‚
1909 1259 1969 1308 et
2025 1253 2235 1318 Maine,
2298 1257 2359 1308 et
2416 1252 2548 1307 aliis

463 1331 506 1356 “
543 1331 811 1387 omnibus
847 1334 1154 1405 exigentiis
1191 1352 1334 1405 quas
1373 1336 1651 1401 fecerunt,
1681 1354 1785 1392 seu
1809 1337 1999 1392 facere
2034 1342 2366 1408 potuerunt,
2393 1336 2547 1407 Regi

461 1416 506 1442 “
542 1414 803 1470 Franciae
854 1434 962 1488 pro
1012 1436 1356 1490 quacunque
1407 1419 1487 1476 sit
1538 1437 1730 1486 causa,
1784 1421 2037 1492 exceptis
2084 1420 2205 1476 illis
2254 1438 2384 1492 quae
2432 1420 2547 1476 sibi

463 1499 503 1526 “
538 1498 840 1555 tradentur
883 1518 989 1573 per
1023 1507 1370 1574 praesentem
1414 1508 1746 1560 tractatum.
1818 1504 1839 1537 ⁴
1853 1504 1980 1560 Rex
2014 1503 2250 1575 quidem
2283 1504 2546 1560 Franciae

463 1582 503 1610 ‘⁸
537 1600 645 1654 pro
679 1601 786 1639 sua
818 1583 1213 1658 redemptione
1248 1586 1439 1642 solvet
1481 1587 1635 1659 Regi
1683 1588 1916 1658 Anglioe
1949 1593 2070 1644 tres
2116 1588 2382 1644 miliones
2418 1606 2546 1643 scu-

457 1666 500 1695 “
538 1673 750 1733 torum,
807 1685 1054 1739 quorum
1114 1670 1230 1724 duo
1280 1669 1559 1727 valebunt
1613 1689 1796 1726 unum
1847 1670 2060 1736 nobile,
2114 1670 2391 1727 videlicet
2446 1688 2549 1727 sex

459 1752 500 1778 ‘⁶
538 1750 753 1807 solidos
788 1758 850 1809 et
882 1759 1013 1809 octo
1034 1753 1301 1810 denarios
1337 1754 1584 1826 argenti.
1658 1754 1738 1811 Et
1772 1755 1965 1810 omnia
1986 1754 2117 1819 ista,
2144 1754 2359 1809 tradita
2392 1754 2549 1827 Regi

461 1835 500 1861 “
537 1832 789 1907 Anglioe,
841 1837 1262 1908 permanebunt
1308 1838 1372 1892 in
1419 1838 1526 1894 tali
1576 1838 1889 1894 securitate
1939 1856 2009 1893 ac
2061 1837 2330 1894 libertate
2374 1843 2551 1910 prout

461 1919 500 1945 ‘⁴
539 1924 676 1974 sunt
707 1920 772 1974 in
805 1922 1097 1991 praesenti,
1132 1928 1195 1977 et
1220 1922 1632 1977 confirmentur
1661 1940 1698 1977 a
1731 1920 1904 1977 dictis
1937 1921 2189 1977 dominis
2226 1926 2287 1976 et
2322 1939 2548 1978 succes-

461 2003 501 2028 “
539 2003 766 2062 soribus
791 2005 933 2060 suis.
1007 2005 1135 2061 Nec
1169 2006 1383 2077 aliquis
1417 2007 1513 2062 vel
1548 2007 1742 2078 patria
1774 2006 1971 2077 aliqua
1995 2006 2099 2077 qui
2133 2005 2291 2078 ⁶prae
2315 2007 2550 2062 fuerant

458 2088 498 2113 “
537 2086 646 2141 sub
681 2087 1008 2145 obedientia
1051 2090 1225 2144 unius
1270 2090 1472 2161 partis,
1513 2095 1574 2145 et
1606 2107 1713 2161 per
1748 2090 2111 2145 concordiam
2145 2089 2319 2145 istam
2354 2091 2550 2147 veniet

457 2172 497 2197 “
534 2171 597 2224 in
632 2172 1019 2228 obedientiam
1064 2174 1307 2230 alterius
1353 2174 1557 2245 partis,
1598 2191 1706 2245 pro
1742 2174 1914 2230 sactis
1958 2174 2277 2245 praeteritis
2312 2173 2546 2229 damne-

455 2256 495 2281 “
532 2259 647 2310 tur.
720 2255 933 2311 Omnes
981 2261 1175 2312 autem
1232 2257 1630 2313 exhaereditati
1688 2257 1787 2314 vel
1833 2256 1906 2312 de
1953 2258 2132 2313 terris
2191 2257 2390 2324 ablati,
2450 2258 2548 2313 vel

454 2339 496 2364 ‘⁸
531 2340 754 2394 onerati
789 2340 985 2411 aliquo
1019 2358 1192 2396 onere
1221 2342 1317 2398 vel
1352 2342 1745 2407 redonatione,
1785 2341 1957 2413 quasi
1988 2340 2232 2406 banniti,
2262 2341 2366 2395 uni
2393 2341 2548 2412 parti

455 2423 494 2449 “
532 2422 892 2479 adhaerentes
927 2424 1020 2480 vel
1070 2423 1258 2491 alteri,
1299 2430 1360 2481 et
1394 2424 1669 2481 similiter
1717 2425 1790 2480 de
1837 2425 2121 2490 ecclesiis,
2162 2442 2339 2479 causa
2373 2425 2548 2480 istius

454 2507 495 2533 “
532 2523 781 2577 guerrae,
820 2508 1204 2564 restituentur
1236 2508 1300 2563 in
1334 2508 1633 2581 integrum
1668 2526 1804 2564 cum
1840 2509 2000 2563 omni
2029 2509 2186 2579 jure,
2226 2508 2379 2563 sicut
2414 2512 2547 2563 ante

455 2591 495 2618 ‘⁴
533 2607 830 2662 guerram.
928 2590 1263 2663 Omnesque
1333 2594 1724 2648 forisfacturae
1793 2592 2231 2664 indulgeantur,
2309 2598 2547 2663 excepto

455 2677 495 2701 “
536 2672 933 2731 ‘vicecomite
969 2674 1042 2731 de
1077 2676 1352 2742 ansac,
1392 2682 1454 2732 et
1510 2675 1760 2732 Domino
1793 2675 1816 2715 ⁷
1835 2676 1896 2732 J.
1936 2676 2010 2731 de
2049 2674 2286 2731 Galard.
2359 2675 2383 2707 ⁸
2400 2675 2547 2731 Con·

454 2760 493 2785 “
532 2757 908 2814 siderationes
980 2760 1135 2815 enim
1204 2760 1370 2816 bonoe
1430 2760 1571 2815 fient
1628 2777 1860 2831 semper
1928 2759 2085 2814 inter
2141 2758 2357 2829 Reges,
2430 2776 2548 2815 non

452 2843 493 2869 “
530 2841 792 2898 obstante
851 2843 1240 2915 qualicunque
1297 2844 1319 2877 ⁹
1333 2844 1791 2900 consideratione
1840 2860 2019 2915 quam
2077 2842 2360 2897 haberent
2411 2859 2546 2897 cum

452 2927 492 2952 “
529 2925 727 2997 aliqua
747 2944 1011 2999 persona.
1086 2927 1214 2984 Rex
1234 2933 1432 2984 tamen
1453 2927 1717 2983 Francioe
1743 2933 1803 2982 et
1824 2926 1982 2982 filius
2020 2943 2161 2982 suus
2199 2925 2408 2991 senior,
2437 2943 2544 2997 pro

451 3010 490 3036 “
530 3026 593 3065 se
629 3014 690 3065 et
724 3011 1153 3068 successoribus
1202 3012 1344 3078 suis,
1389 3011 1653 3083 Regibus
1700 3009 1982 3074 Franciae,
2022 3026 2085 3064 se
2122 3008 2474 3080 separabunt
2507 3027 2544 3064 a

451 3096 491 3121 “
529 3094 1117 3152 confoederationibns
1165 3113 1311 3168 quas
1368 3096 1586 3151 habent
1631 3112 1768 3150 cum
1827 3094 1992 3164 Rege
2043 3092 2273 3157 Scothn,
2323 3092 2541 3163 absque

447 3179 488 3206 ‘⁶
521 3176 730 3249 juvare
791 3178 993 3235 Scotos
1053 3179 1151 3236 vel
1209 3179 1726 3235 confoederationes
1809 3177 2000 3233 facere
2061 3180 2262 3231 contra
2316 3174 2542 3245 Regem

451 3264 489 3289 ‘⁴
527 3260 762 3333 Angliae
799 3280 904 3318 seu
938 3280 1189 3334 regnum
1236 3282 1427 3319 suum.
1504 3263 1806 3327 Similiter,
1858 3262 1984 3315 Rex
2022 3258 2257 3330 Anglioe
2291 3264 2354 3314 et
2385 3258 2542 3314 filius

447 3346 489 3372 “
528 3363 671 3400 suus
729 3346 921 3402 senior
991 3348 1207 3403 facient
1277 3346 1861 3403 confoederationibus
1921 3360 2067 3415 quas
2133 3342 2351 3397 habent
2406 3359 2543 3397 cum

449 3431 488 3457 ‘⁶
525 3428 1016 3498 Flandrensibus;
1055 3430 1446 3502 valebuntque
1483 3448 1683 3486 omnes
1719 3428 2054 3484 collationes
2090 3431 2152 3481 et
2183 3425 2542 3498 provisiones

445 3513 488 3539 ‘⁴
527 3513 694 3569 factae
729 3513 974 3570 durante
1022 3532 1239 3587 guerra
1283 3533 1389 3587 per
1423 3520 1619 3586 partes
1656 3514 1718 3568 in
1751 3511 2048 3567 beneficiis
2082 3509 2444 3574 vacantibus,
2483 3515 2545 3565 et

448 3600 488 3624 “
524 3615 726 3652 eorum
760 3599 986 3655 fructus
1020 3600 1400 3655 morabuntur
1435 3599 1555 3654 illis
1593 3598 1697 3670 qui
1732 3614 1829 3652 eos
1863 3595 2204 3651 levaverint.
2278 3593 2541 3649 Facient-

447 3684 486 3708 “
526 3699 639 3753 que
689 3683 883 3754 Reges
936 3683 1131 3738 omnia
1177 3683 1454 3755 praedicta
1502 3681 1831 3739 confirmari
1879 3698 1916 3735 a
1964 3679 2213 3735 Domino
2254 3677 2432 3748 Papa,
2483 3683 2545 3733 et

445 3767 485 3794 ‘⁴
524 3765 917 3838 impetrabunt
972 3766 1364 3823 absolutiones
1414 3774 1476 3824 et
1523 3765 1979 3838 dispensationes
2031 3766 2337 3834 tangentes
2389 3778 2543 3815 oom-

445 3852 486 3877 “
525 3850 883 3921 plementum
906 3853 1211 3923 praesentis
1234 3856 1536 3907 tractatus.
1614 3849 1656 3883 ¹⁰
1670 3850 1956 3904 Poterant
1990 3847 2287 3902 studentes
2323 3845 2539 3899 utrius·

512 4035 525 4064 ¹
551 4034 770 4085 Written
812 4035 913 4084 viri
947 4035 1001 4085 in
1042 4035 1172 4100 orig.
1202 4056 1217 4096 ς
1276 4034 1451 4100 owing
1603 4035 1624 4064 ⁸
1658 4032 1963 4084 Vicecomt'tes
1984 4029 2039 4079 in
2079 4027 2240 4094 orig.;
2304 4026 2374 4091 by
2394 4025 2540 4076 inad-

442 4113 689 4178 probably
734 4120 787 4164 to
837 4115 904 4165 its
965 4113 1337 4166 indistinctness
1393 4114 1449 4163 in
1538 4118 1787 4163 vertence.

443 4195 557 4247 MS.
580 4194 716 4246 Bibl.
733 4194 862 4259 Reg.
885 4198 946 4244 13
959 4193 1021 4244 Ε.
1045 4193 1119 4243 ix.
1604 4192 1623 4220 ⁷
1643 4188 1876 4240 Jokaane
1898 4187 1953 4236 in
1976 4186 2063 4236 the
2083 4183 2283 4249 printed
2303 4189 2454 4236 texts.

508 4273 909 4340 'superioritatui
919 4273 973 4323 in
987 4271 1073 4324 the
1088 4272 1288 4340 printed
1298 4277 1448 4323 texts.
1603 4270 1624 4299 ⁸
1651 4265 2093 4334 Gonsoederationes
2114 4263 2167 4312 in
2206 4263 2294 4313 the
2337 4261 2537 4327 printed

509 4356 529 4385 ⁸
552 4353 679 4403 This
710 4353 852 4404 word
886 4351 931 4402 is
953 4350 1166 4403 omitted
1196 4349 1250 4401 in
1278 4350 1449 4415 Cleop.
1534 4354 1686 4408 texts,
1706 4346 1822 4397 MS.
1844 4344 1980 4395 Bibl.
2003 4343 2131 4410 Reg.
2148 4347 2208 4392 13
2231 4342 2292 4392 Ε.
2318 4342 2409 4405 ix„
2436 4343 2537 4392 and

443 4431 513 4483 A.
537 4432 644 4483 xvi.
1537 4427 1710 4491 Cleop.
1733 4426 1803 4475 A.
1827 4423 1938 4474 xvi.

509 4513 529 4543 ⁴
550 4512 605 4561 A
626 4510 798 4562 rubrio
819 4510 865 4561 is
885 4510 1007 4563 here
1038 4510 1261 4562 inserted
1281 4510 1336 4558 in
1360 4509 1447 4560 the
1603 4509 1624 4538 ⁹
1642 4503 2042 4571 cousoederatione
2105 4502 2163 4553 in
2205 4502 2295 4553 the
2334 4500 2534 4566 printed

440 4591 659 4657 original
695 4607 752 4641 as
780 4597 893 4656 part
911 4591 971 4641 of
999 4590 1085 4640 the
1116 4596 1292 4640 text—
1301 4586 1451 4640 ναῖον
1537 4592 1687 4649 texts,
1729 4586 1830 4638 and
1873 4584 1960 4635 the
1997 4589 2099 4636 two
2141 4581 2310 4643 MSS..
2354 4582 2532 4634 above-

440 4671 774 4739 redemptiouis
798 4671 946 4736 Reyis
967 4669 1213 4720 Francia.
1536 4667 1734 4718 named.

505 4754 526 4782 ⁵
546 4760 659 4803 ante
696 4753 911 4817 sacrant
977 4750 1032 4800 in
1093 4750 1179 4800 the
1248 4748 1450 4813 printed
1604 4748 1640 4778 ¹⁰
1662 4745 1932 4795 Potuerunt
1964 4743 2019 4793 in
2055 4742 2184 4809 orig.
2209 4763 2225 4803 ς
2278 4740 2531 4793 corrected

441 4838 588 4882 texts.
1490 4820 1503 4869 ΙΑ
1538 4827 1669 4875 from
1690 4826 1775 4876 the
1796 4823 1995 4890 printed
2015 4828 2165 4873 texts.
