3300 5617
981 792 1344 846 rur-Auo
1387 792 1487 845 An
1532 793 1908 848 mucronum,
2446 787 2486 851 5

392 978 562 1044 tium
588 1002 605 1059 ;
633 1001 673 1045 e
702 978 945 1067 quibus
980 1003 1134 1047 cum
1163 1004 1373 1048 unum
1400 988 1680 1069 rogaret,
1712 1004 1843 1069 quo
1872 978 2191 1070 proficisci
2218 979 2489 1061 vellent,

392 1081 736 1167 respondit
785 1104 855 1148 se
914 1082 1410 1172 Aquisgranum
1473 1084 1562 1150 ad
1626 1084 1848 1151 Caroli
1911 1082 2142 1171 Magni
2207 1087 2490 1149 mortem

391 1182 719 1261 festinare,
755 1191 834 1250 ut
866 1185 1048 1253 illius
1081 1186 1373 1252 animam
1412 1186 1500 1252 ad
1537 1187 1873 1253 infernum
1908 1190 2230 1274 raperent.
2295 1185 2488 1268 ‚Tum
2512 1203 2626 1257 Hoc
2649 1221 2784 1259 com-

390 1283 500 1352 ille
561 1285 637 1351 in
701 1286 967 1354 nomine
1027 1288 1076 1355 J
1078 1310 1193 1355 esu
1260 1288 1451 1354 illum
1516 1288 1872 1376 adjuravit,
1941 1295 2022 1355 ut
2078 1288 2307 1355 eadem
2375 1288 2488 1354 via
2512 1280 2737 1392 ἓξὲξ

390 1408 706 1470 reversus,
743 1389 1031 1458 fideliter
1067 1390 1170 1457 illi
1211 1391 1605 1472 ostenderet,
1630 1391 1793 1478 quid
1834 1389 1918 1456 de
1963 1389 2197 1457 Oarolo
2235 1390 2486 1456 factum
2510 1403 2565 1454 in
2588 1406 2722 1457 nist„

390 1496 577 1557 essee
666 1492 861 1572 Quod
917 1515 1065 1559 cum
1109 1493 1385 1560 sonicite
1430 1494 1692 1560 daemon
1731 1493 1989 1572 faceret,
2049 1492 2226 1559 dixit
2272 1492 2488 1559 caroli
2511 1472 2820 1591 gffrffim·

388 1592 679 1659 animam
722 1616 810 1660 ex
850 1594 1117 1662 illorum
1161 1596 1469 1662 manibus
1511 1596 1858 1684 abreptam
1903 1618 2084 1664 esse:
2132 1595 2293 1682 quia
2334 1617 2484 1660 cum
2509 1604 2636 1657 Mat.
2657 1605 2819 1658 Paris.

389 1694 612 1760 omnia
654 1694 834 1762 illius
876 1697 1066 1776 facta,
1113 1703 1261 1763 tum
1305 1698 1484 1764 bona
1540 1704 1689 1764 tum
1734 1699 1926 1778 mala,
1974 1698 2239 1764 stateris
2282 1697 2486 1763 libra-
2508 1677 2805 1791 ffinffi‘ss’os·

387 1802 639 1878 rentur,
684 1803 792 1866 tot
828 1799 1011 1888 ligna
1053 1806 1124 1866 et
1169 1800 1418 1888 lapides
1467 1800 1543 1865 in
1595 1800 1875 1867 alteram
1918 1823 1960 1866 a
2004 1801 2182 1866 Divo
2228 1799 2277 1866 J
2278 1799 2482 1866 acobo
2506 1803 2575 1854 Et
2589 1804 2644 1883 §n
2658 1806 2821 1857 Flori-

390 1898 749 1967 Gallitiano
837 1902 1211 1989 decapitato
1306 1902 1574 1991 (quibus
1644 1903 1759 1969 ille
1848 1902 2094 1969 multas
2183 1885 2814 1990 ecclesias3⁴³1⁸4¹f'’1¹23¹{¹¹1‘1’²

386 1999 658 2089 dicavit)
726 2004 1039 2091 imposita
1105 2026 1261 2085 esse,
1327 2010 1407 2072 ut
1473 2004 1656 2071 illius
1721 2004 2065 2073 benefacta
2124 2003 2484 2070 malefactis
2508 2004 2769 2086 Sei-mom·-

383 2102 579 2191 longe
637 2106 976 2192 superiora
1032 2112 1265 2174 essent.
1375 2107 1557 2189 Quid
1629 2106 1755 2175 hoc
1827 2107 2139 2174 miraculo
2213 2105 2483 2172 stultius
2506 2070 2818 2201 322?ssssss

383 2213 503 2272 aut
545 2207 857 2273 inanius?
946 2207 1112 2290 Quis
1155 2214 1257 2276 est
1283 2208 1481 2277 hodie
1506 2211 1688 2298 apud
1714 2210 1970 2298 Anglos
2009 2215 2150 2276 tam
2179 2208 2486 2296 stupidus
2507 2202 2796 2320 llffglighmn·

382 2312 454 2375 et
524 2309 923 2392 insensatus,
998 2317 1078 2378 ut
1152 2311 1308 2378 huic
1380 2312 1621 2393 credat,
1699 2313 1962 2379 etiamsi
2034 2334 2077 2378 a
2143 2311 2485 2378 Matthaeis
2508 2306 2617 2403 0⁸12.
2643 2307 2722 2390 ie.

380 2409 1073 2480 westmonasteriensi
1132 2420 1203 2480 et
1262 2413 1516 2480 Parisio
1574 2414 1955 2482 scribatur?
2065 2412 2231 2494 Quis
2287 2411 2486 2479 hodie

380 2517 580 2600 putat
622 2513 732 2580 vel
777 2515 1205 2582 Dunstanum
1250 2515 1833 2605 Archiepiscopum
1890 2516 2246 2583 Diabolum
2305 2514 2485 2582 illius

381 2615 565 2703 operi
610 2615 1043 2684 insidiantem
1084 2640 1244 2685 naso
1302 2640 1689 2707 suspensum
1748 2619 2055 2700 tenuisse,
2101 2618 2208 2686 vel
2257 2618 2486 2685 Ulsta-

378 2738 544 2784 num
603 2717 1125 2807 wigorniensem
1190 2719 1394 2808 juxta
1450 2720 1614 2786 Divi
1677 2721 1992 2789 Edwardi
2065 2721 2484 2809 sepulchrum

377 2820 686 2889 baculum
728 2824 1164 2891 marmoribus
1206 2825 1372 2891 adeo
1397 2823 1712 2904 infixisse,
1755 2830 1837 2892 ut
1878 2846 1998 2891 nec
2026 2846 2068 2890 a
2097 2823 2483 2904 LanfrancO,

376 2944 498 2991 nec
525 2923 657 2996 alio
687 2946 1091 3013 quocunque,
1123 2926 1255 2994 nisi
1280 2926 1419 2994 solo
1449 2926 1753 3006 Ulstano,
1783 2927 1977 2993 evelli
2004 2930 2265 3013 posset?
2340 2926 2484 2991 Ista

378 3027 605 3093 omnia
657 3029 1085 3117 antiquitatis
1129 3029 1362 3095 deliria
1411 3050 1795 3118 cognoscere
1853 3027 2030 3095 salus
2087 3035 2188 3096 est
2231 3027 2482 3098 adoles·

376 3129 700 3198 centulis:
793 3138 865 3198 et
936 3131 1177 3219 plures,
1246 3132 1457 3210 crede,
1520 3132 1607 3199 ad
1683 3131 2114 3198 castissimam
2187 3137 2480 3197 nostram

376 3231 766 3320 religionem
808 3234 1036 3300 crassis
1078 3234 1225 3301 istis
1270 3241 1339 3300 et
1381 3233 1660 3321 impuris
1701 3233 2022 3321 exemplis
2064 3239 2222 3300 ante
2263 3233 2482 3318 oculos

377 3336 608 3422 positis
667 3336 1107 3418 adducuntur,
1160 3359 1360 3424 quam
1420 3336 1576 3403 ullis
1638 3336 1926 3425 politicis
1991 3342 2112 3402 aut
2176 3336 2482 3403 humanis

376 3437 735 3525 praeceptis.
822 3439 1105 3506 Difficile
1167 3445 1272 3506 est
1338 3439 1513 3506 enim
1558 3438 1633 3505 id
1679 3439 1949 3527 diligere
2014 3438 2191 3525 quod
2256 3445 2481 3527 aperte

375 3541 641 3624 sordet;
680 3563 803 3609 nec
846 3564 1139 3630 unquam
1181 3547 1413 3631 postea
1462 3541 1575 3607 ille
1619 3542 1806 3608 cibus
1848 3540 2185 3608 stomacho
2226 3541 2481 3630 plaeere

376 3648 610 3731 potest,
656 3644 775 3731 qui
816 3645 1016 3712 semel
1062 3667 1376 3712 nauseam
1434 3644 1866 3731 ingeneravit.
1957 3644 2072 3710 Ita
2113 3644 2229 3730 qui
2270 3666 2477 3733 popu·

375 3746 514 3812 lum
566 3747 764 3813 semel
807 3753 928 3814 aut
986 3770 1159 3836 saepe
1221 3746 1552 3815 miraculis
1595 3748 1946 3833 deceptum
1989 3746 2255 3826 viderit,
2302 3769 2474 3813 nun·

375 3872 575 3937 quam
619 3850 864 3917 eisdem
907 3852 983 3916 in
1026 3855 1359 3938 posterum
1416 3851 1653 3917 credet.
1744 3849 1949 3916 Hunc
1991 3851 2167 3917 enim
2211 3872 2476 3918 sensum

374 3952 824 4040 unusquisque
868 3959 1169 4020 nostrum
1213 3952 1432 4032 habet,
1486 3957 1567 4019 ut
1608 3952 1670 4019 si
1714 3952 1802 4019 ab
1846 3952 2113 4020 homine
2155 3953 2288 4020 ista
2328 3953 2477 4021 fieri

374 4056 700 4136 dicantur,
768 4056 939 4122 nihil
988 4055 1320 4143 possibile,
1365 4056 1472 4122 sin
1515 4077 1558 4121 a
1601 4056 1766 4134 Deo,
1827 4055 1998 4121 nihil
2055 4056 2472 4143 impossibile,

372 4160 730 4227 credamus.
819 4158 978 4246 Ipsa
1036 4158 1387 4246 Evangelii
1443 4158 1566 4224 lux
1624 4157 1949 4226 vanitatis
1992 4157 2296 4224 tenebras
2337 4180 2474 4224 non

371 4263 645 4352 patitur,
688 4282 901 4348 neque
944 4260 1019 4326 in
1047 4282 1125 4328 ea
1166 4265 1365 4349 gente
1411 4260 1643 4328 deliria
1686 4267 1758 4327 et
1800 4259 2139 4349 praestigia
2179 4281 2472 4346 unquam

372 4371 653 4454 possunt
761 4363 1168 4442 reviviscere,
1263 4365 1444 4452 apud
1539 4385 1743 4451 quam
1837 4361 2203 4430 Christiani
2284 4363 2472 4429 verbi

371 4469 629 4557 puritas
702 4464 903 4534 semel
973 4465 1308 4547 invaluit;
1382 4466 1561 4554 quod
1626 4467 1686 4532 si
1745 4486 2044 4553 unquam
2112 4466 2469 4548 credamus,

370 4566 846 4640 imbecillitatis
907 4575 1151 4637 nostrae
1207 4569 1385 4651 fidei,
1428 4592 1565 4637 non
1605 4569 1885 4655 alicujus
1941 4568 2232 4657 periculi,
2276 4591 2470 4656 argu-

370 4681 673 4742 mentum
717 4678 834 4741 est.
924 4671 1101 4739 Nam
1160 4695 1312 4741 cum
1371 4694 1596 4741 omnes
1656 4672 1865 4753 urboe,
1927 4672 2152 4740 omnia
2200 4673 2464 4761 templa,
