3300 5617
1104 773 1428 825 ms‘romA
1470 773 1886 825 memsam.
2421 765 2551 829 423

62 953 213 1007 MS.
242 959 392 1019 Bibl,
452 977 700 1030 magnus
736 978 1052 1025 remorsus,
1091 968 1152 1017 et
1203 962 1460 1017 anxietas
1514 964 1887 1019 conscientiae
1939 963 2099 1019 viros
2158 963 2391 1027 invasit,
2450 964 2881 1035 quiA.D.1379.

62 1020 229 1101 Reg.
264 1030 332 1076 13

64 1087 150 1138 E.
185 1105 274 1142 ix.

452 1061 558 1114 pro
617 1044 899 1115 explenda
949 1045 1190 1100 libidine
1237 1045 1515 1101 mulieres
1569 1047 1644 1103 ad
1696 1046 1960 1119 pericula
2006 1046 2185 1101 maris
2234 1051 2547 1111 traxerant,

451 1126 566 1197 ipsi
602 1125 620 1158 ¹
640 1128 856 1199 optime
906 1128 1125 1183 referre
1178 1130 1464 1194 noverint,
1524 1132 1645 1202 qui,
1686 1130 2002 1202 participes
2051 1130 2365 1185 existentes
2402 1130 2551 1184 tanti

450 1211 609 1275 mali,
651 1211 995 1284 quandoque
1032 1211 1282 1268 Domino
1317 1214 1653 1280 miserante,
1695 1214 1902 1270 salutis
1937 1219 2172 1285 portum
2208 1214 2548 1285 contingere

449 1302 806 1353 meruerunt.

517 1378 764 1443 Idcirco,
795 1380 938 1451 quid
972 1377 1159 1434 ²inter
1182 1381 1307 1434 haec
1344 1388 1588 1451 agerent
1623 1381 1984 1446 dubitabant,
2013 1399 2146 1437 cum
2182 1382 2318 1437 hinc
2352 1381 2544 1439 ventis
2568 1389 2713 1456 They

448 1470 508 1519 et
553 1464 846 1535 procellis,
901 1463 1066 1518 illinc
1116 1464 1390 1520 fluctibus
1443 1473 1503 1522 et
1550 1466 1923 1523 foeminarum
1960 1468 2330 1531 clamoribus,
2369 1484 2543 1537 urge-
2565 1456 2728 1507 throw
2750 1459 2834 1509 the

447 1554 666 1603 rentur.
741 1547 1013 1603 Tentavit
1047 1565 1189 1618 ergo
1224 1549 1413 1620 primo
1437 1549 1714 1605 alleviare
1750 1568 1908 1614 vasa,
1947 1551 2320 1622 projicientes
2343 1549 2538 1615 ³vilia,
2564 1539 2855 1652 ³533&ss

447 1631 657 1685 dehinc
707 1648 955 1703 quaeque
1004 1632 1278 1703 pretiosa,
1334 1633 1386 1687 si
1436 1633 1586 1689 forte
1636 1634 1733 1688 vel
1783 1635 1869 1689 sic
1908 1636 1993 1689 eis
2031 1640 2375 1706 exsurgeret
2409 1651 2542 1706 spes
2562 1664 2617 1706 to
2640 1657 2834 1722 lighten

448 1714 672 1770 salutis.
768 1714 884 1769 Sed
937 1732 1072 1769 eum
1122 1716 1207 1770 ita
1257 1733 1373 1771 non
1424 1717 1618 1772 minus
1673 1718 2153 1788 desperationem,
2211 1717 2315 1773 sed
2349 1719 2543 1790 potius
2566 1724 2653 1773 the
2674 1726 2874 1776 vessels.

448 1799 654 1869 augeri
689 1806 1011 1863 cernerent,
1049 1798 1368 1854 refundunt
1401 1817 1607 1856 causas
1644 1802 1950 1856 infortunii
1986 1803 2049 1856 in
2070 1803 2228 1873 ipsas
2254 1802 2542 1866 foeminas,

447 1902 533 1948 ac,
573 1883 636 1938 in
671 1884 886 1955 spiritu
921 1883 1157 1948 furoriS,
1187 1883 1412 1939 eisdem
1435 1885 1706 1939 manibus
1744 1886 1956 1956 quibus
1994 1892 2127 1941 ante
2163 1887 2296 1941 illas
2333 1886 2545 1941 blande

448 1972 917 2031 attractaverant,
976 1967 1198 2022 eisdem
1248 1968 1505 2023 brachiis
1557 1969 1771 2038 quibus
1827 1987 1924 2025 eas
1974 1970 2284 2025 libidinose
2322 1969 2543 2024 demul-

449 2057 663 2115 scmnt,
709 2058 972 2122 arreptas
1009 2051 1072 2105 in
1126 2068 1287 2107 mare
1343 2052 1697 2122 projiciunt;
1755 2053 1830 2109 ad
1866 2070 2193 2117 numerum,
2233 2060 2303 2109 ut
2336 2053 2541 2118 fertur,

449 2135 753 2205 sexaginta
787 2136 1177 2199 foeminarum,
1222 2136 1498 2206 piscibus
1526 2144 1586 2191 et
1622 2137 1864 2191 marinis
1907 2137 2117 2192 belluis
2166 2136 2543 2191 devorandas.

451 2218 568 2273 Sed
591 2219 676 2273 ita
700 2219 937 2290 quidem
959 2236 1074 2274 non
1098 2220 1351 2274 cessavit
1371 2225 1706 2291 tempestas,
1735 2220 1839 2274 sed
1863 2221 2120 2275 excrevit
2142 2237 2247 2290 per
2272 2220 2543 2291 amplius,

447 2313 517 2357 ut
561 2303 787 2358 cunctis
836 2320 1066 2357 omnem
1114 2320 1277 2375 spem
1324 2303 1610 2359 adimeret
1656 2304 1862 2359 mortis
1921 2303 2185 2375 pericula
2242 2302 2542 2358 evadendi.

450 2387 714 2458 Cumque
750 2386 955 2442 diebus
992 2386 1217 2457 aliquot
1251 2394 1426 2459 atque
1473 2388 1759 2452 noctibus,
1813 2405 1926 2443 non
1972 2393 2200 2443 tantum
2237 2387 2299 2440 in
2339 2388 2546 2441 mortis

449 2470 709 2540 periculo
770 2478 1053 2541 quantum
1111 2471 1173 2524 in
1225 2472 1431 2526 mortis
1485 2471 1772 2536 faucibus,
1823 2489 1937 2526 non
1986 2472 2110 2527 sine
2158 2470 2545 2542 trepidatione

449 2554 702 2608 maxima
723 2554 1166 2623 transegissent,
1195 2553 1430 2608 tandem
1453 2554 1604 2609 vidit
1640 2554 1931 2625 quoddam
1955 2554 2142 2618 littus,
2171 2560 2232 2608 et
2256 2553 2546 2624 quandam

447 2636 718 2702 insulam,
767 2638 831 2693 in
877 2638 1116 2707 regione
1164 2638 1486 2702 Hiberniae,
1549 2639 1708 2693 circa
1752 2638 1921 2694 littus
1968 2638 2118 2693 illud
2165 2638 2225 2693 in
2273 2638 2545 2693 fluctibus
2570 2650 2695 2698 And
2717 2657 2768 2699 at

447 2723 686 2777 marinis
725 2723 934 2789 sitam3
979 2721 1133 2777 unde
1194 2728 1592 2777 momentaneo
1640 2722 1857 2792 gaudio
1915 2723 2206 2791 perfusus,
2260 2722 2545 2777 Dominus
2571 2717 2742 2780 length

445 2805 484 2859 J
487 2807 740 2862 ohannes
771 2806 1092 2862 Arundelle
1126 2824 1259 2861 mox
1290 2807 1464 2876 jubet
1499 2812 1567 2862 ut
1595 2812 1788 2861 nautae
1814 2824 1877 2861 se
1898 2808 2254 2861 transferant
2277 2805 2352 2860 ad
2375 2807 2543 2861 littus
2565 2785 2717 2899 ἓόἷξξ
2731 2784 2822 2900 gie

442 2890 610 2955 illud,
657 2892 708 2947 si
750 2892 900 2946 forte
933 2891 1020 2945 eis
1058 2897 1277 2946 terram
1311 2890 1651 2961 contingere
1690 2890 2018 2945 donaretur.
2093 2890 2306 2944 Nautis
2344 2896 2540 2944 autem
2564 2917 2780 2970 keland-

443 2974 883 3038 reluctantibuS,
960 2979 1018 3029 et
1088 2975 1484 3029 asserentibus
1556 2975 1618 3028 in
1689 2974 1867 3029 tantis
1945 2973 2278 3027 turbinibus
2348 2973 2540 3043 magis

445 3066 639 3115 tutum
675 3062 799 3116 fore
848 3062 1028 3116 maris
1071 3062 1191 3116 alta
1229 3067 1449 3125 tenere,
1497 3080 1671 3132 quam
1708 3062 1768 3115 vi
1810 3066 2121 3116 ventorum
2160 3060 2313 3114 illidi
2350 3078 2540 3114 arena}

443 3144 538 3199 vel
581 3145 835 3216 scopulis
878 3145 1396 3215 appropinquando
1431 3151 1624 3209 terrie,
1669 3144 1846 3199 irruit
1885 3145 1949 3198 in
1985 3162 2084 3198 eos
2109 3143 2299 3198 dictus
2326 3143 2365 3198 J
2368 3144 2543 3198 ohan·

444 3246 547 3283 nes
613 3227 946 3293 furibunde,
1015 3234 1076 3284 et
1142 3228 1426 3299 quosdam
1495 3246 1566 3283 ex
1638 3229 1724 3283 eis
1796 3228 2135 3291 crudeliter,
2203 3233 2271 3282 ut
2331 3228 2538 3293 fertur,

444 3312 752 3366 interfecit.

514 3395 805 3451 Robertus
846 3396 868 3429 ⁴
887 3395 958 3451 de
999 3395 1167 3460 Rust‚
1210 3396 1380 3467 cujus
1416 3401 1544 3451 erat
1576 3395 1744 3451 navis
1782 3396 1929 3466 ipsa,
1965 3393 2178 3449 timens
2215 3394 2391 3448 etiam
2428 3394 2542 3449 sibi

446 3479 518 3533 de
551 3479 692 3535 dicti
720 3479 760 3533 J
762 3479 1004 3534 ohannis
1027 3479 1325 3544 violentia,
1364 3480 1636 3551 promisit
1675 3478 1695 3510 ⁵
1716 3476 1855 3550 [se],
1896 3479 1947 3533 si
1983 3495 2098 3532 non
2133 3478 2286 3532 desit
2327 3478 2537 3547 gratia,

357 3554 361 3558 ¹
444 3579 653 3617 navem
678 3563 1071 3634 impulsurum
1093 3580 1208 3617 non
1236 3563 1440 3635 procul
1477 3581 1514 3618 a
1546 3568 1723 3618 terra.
1799 3562 1911 3618 Cui
1944 3561 2137 3617 dictus
2169 3561 2536 3627 ⁰Johannes3

445 3650 559 3689 —-“
599 3646 808 3701 Nonne
857 3646 1146 3717 conspicis
1196 3646 1360 3700 illam
1396 3645 1650 3701 insulam
1686 3662 1866 3717 prope
1901 3643 2161 3701 terram?
2234 3644 2541 3700 Salvemur
2565 3658 2756 3722 speech

449 3734 486 3757 “
525 3729 640 3785 ⁷ad
687 3735 919 3802 tempus
970 3730 1033 3784 in
1069 3747 1156 3794 ea,
1195 3728 1557 3784 ascendendo
1592 3729 1802 3784 saltem
1850 3729 1914 3782 in
1966 3729 2172 3799 ipsam,
2214 3734 2276 3782 et
2309 3727 2537 3782 refocil-
2561 3728 2707 3802 made
2725 3730 2794 3793 by

448 3817 485 3841 “
524 3814 697 3868 lando
744 3814 1007 3869 membra
1039 3818 1255 3869 nostra.
1330 3813 1621 3868 Fortassis
1660 3813 1763 3883 qui
1797 3813 1862 3867 in
1894 3818 2054 3867 terra
2089 3818 2227 3867 sunt
2258 3812 2540 3867 videbunt
2563 3791 2647 3841 5¹¹⁸
2668 3794 2807 3846 John

448 3901 485 3925 ‘⁴
523 3915 629 3952 nos
682 3903 743 3953 et
788 3902 1002 3953 nostrae
1052 3897 1305 3952 miseriae
1340 3896 1743 3962 condolebunt,
1781 3901 1843 3951 et
1893 3896 2173 3951 victualia
2221 3896 2388 3950 nobis
2442 3895 2541 3949 ad-
2561 3859 2811 3915 Amndel‘

450 3984 487 4008 ‘⁶
528 3981 734 4045 ferent,
784 3981 880 4037 vel
930 3981 1173 4036 efferent
1207 3980 1282 4036 ad
1315 3986 1534 4035 terram
1589 3998 1775 4045 suam,
1813 3979 1910 4034 vel
1945 3986 2121 4043 certe,
2162 3978 2318 4050 quod
2356 3996 2538 4049 grave

457 4180 502 4186 .-
625 4178 860 4185 ———--
875 4179 1082 4184 ——fl
1187 4179 1292 4183 —ffl
1459 4178 1536 4183 ,⁴0⁴
1551 4178 1582 4183 .-
1860 4176 1953 4181 .-⁴
1998 4175 2025 4181 ..-
2094 4174 2269 4180 ———-
2288 4174 2311 4179 ,ἥ

515 4313 528 4341 ¹
555 4318 818 4375 opportune
838 4309 894 4357 in
916 4309 1002 4359 the
1022 4308 1224 4372 printed
1253 4315 1401 4358 texts.
1605 4312 1625 4338 ³
1648 4307 1895 4371 Supplied
1940 4306 2070 4355 from
2112 4305 2248 4354 Bibl.
2292 4306 2420 4371 Beg.
2477 4313 2534 4356 13

511 4391 534 4420 ²
556 4390 748 4439 interim
779 4395 976 4455 ayerent
1017 4387 1073 4437 in
1116 4387 1203 4437 the
1246 4386 1448 4451 printed
1537 4387 1600 4437 E.
1617 4386 1694 4437 ix.
1716 4387 1816 4436 and
1838 4385 1924 4435 the
1945 4383 2144 4448 printed
2164 4390 2314 4433 texts.

445 4475 582 4519 texts
1604 4469 1625 4497 ⁸
1647 4466 1888 4516 Dominus
1898 4463 2153 4515 Johanses
2168 4462 2221 4513 in
2237 4465 2323 4515 the
2338 4463 2537 4528 printed

512 4507 660 4612 ‘filia
678 4546 735 4595 in
756 4546 884 4610 orig.
907 4567 922 4605 ς
957 4547 1025 4611 by
1047 4546 1414 4597 inadverteuoe.
1541 4554 1694 4597 texts.

515 4628 533 4657 ⁴
555 4625 953 4677 vuodeRustin
970 4623 1269 4689 theprinted
1290 4631 1447 4684 texts3
1608 4628 1628 4655 ⁷
1651 4624 1819 4674 These
1841 4630 1942 4673 two
1964 4623 2532 4675 wordsareomittedin

455 4724 563 4756 vero
585 4706 717 4758 Rust
736 4704 794 4755 in.
813 4703 950 4755 Bibl.
973 4703 1100 4769 Reg.
1127 4709 1189 4755 13
1205 4704 1265 4754 E.
1288 4704 1359 4757 ix.
1551 4705 1636 4754 the
1659 4703 1859 4770 printed
1880 4708 2028 4753 texts.
