3300 5617
1054 812 1382 865 msromA
1426 814 1841 868 mem-mm.
2361 811 2488 873 385

55 996 142 1048 [S.
174 999 340 1053 Bibl,
399 984 620 1056 gaudet
663 987 727 1041 in
772 987 1073 1058 periculis,
1122 996 1185 1046 et
1230 990 1511 1047 Ecclesiae
1558 992 1794 1049 l'aetatur
1849 992 2384 1064 perturbationibus
2432 1002 2494 1052 et
2515 992 2652 1045 A·D·
2680 998 2821 1049 1378.

56 1078 158 1143 eg·
198 1072 272 1117 13
398 1070 694 1140 procellis,
737 1070 975 1128 inimico
1010 1072 1243 1128 homine
1280 1076 1384 1146 qui
1418 1075 1570 1132 solet
1613 1094 1763 1148 puro
1793 1076 1994 1133 tritico
2026 1079 2490 1149 superseminare

56 1160 77 1181 ¹·
109 1147 202 1184 ¹¹·
399 1153 701 1219 zizaniam,
774 1156 949 1211 multi
1020 1156 1245 1212 seducti
1316 1159 1579 1230 ipsarum
1650 1160 2047 1217 doctrinarum
2105 1168 2491 1234 sequerentur

396 1254 645 1303 errores,
684 1239 749 1293 in
782 1240 968 1305 brevi,
1008 1258 1081 1295 ex
1114 1240 1421 1313 discipulis
1458 1243 1598 1299 facti
1632 1245 1926 1316 magistri,
1976 1251 2177 1317 utpote
2224 1252 2489 1317 potentes

397 1320 758 1378 Francorum
806 1341 944 1379 cum
993 1325 1123 1396 ipso
1175 1341 1378 1381 eorum
1428 1327 1612 1397 Rege,
1666 1333 1728 1384 et
1775 1328 1909 1384 aliis
1964 1330 2066 1400 qui
2115 1347 2232 1385 non
2279 1348 2489 1401 parum

396 1403 415 1436 ¹
432 1407 781 1462 navicellam
816 1407 1000 1473 Petri,
1040 1427 1312 1481 sponsam
1341 1410 1583 1477 Christi,
1623 1418 1873 1467 matu-em
1908 1412 2230 1469 Christiani
2265 1414 2485 1486 populi,

395 1490 829 1559 perturbarunt.
904 1492 1037 1547 Hoc
1083 1492 1274 1558 modo,
1332 1495 1456 1550 suis
1514 1495 1803 1552 ministris
1861 1496 2026 1552 mille
2082 1497 2294 1553 artifex
2353 1499 2480 1552 vias

394 1573 670 1643 providit,
698 1593 817 1646 qua
837 1574 1197 1632 desiderium
1233 1594 1435 1632 eorum
1470 1578 1672 1635 attulit
1705 1579 1811 1644 eis,
1838 1584 1901 1635 et
1920 1597 2038 1635 non
2074 1586 2211 1636 sunt
2233 1580 2486 1636 fraudati

394 1672 433 1709 a
464 1656 758 1714 desiderio
807 1677 936 1725 sun,
986 1660 1196 1716 saltem
1241 1679 1350 1732 pro
1396 1667 1662 1734 tempore
1709 1680 1825 1734 quo
1879 1681 2125 1735 sponsus
2184 1665 2482 1729 Ecclesiae,

395 1737 684 1807 Christus,
741 1742 907 1798 Petri
954 1744 1286 1802 naviculam
1335 1744 1493 1801 inter
1543 1752 1632 1803 tot
1681 1747 1966 1804 fluctuum
2017 1749 2483 1820 perturbationes

392 1824 607 1894 agitari
641 1826 929 1897 permisit.

441 2045 817 2134 Responsio
860 2047 1362 2137 Episcoporum
1409 2047 1916 2118 Gathobioorum
1956 1992 2054 2117 a'd
2094 2048 2432 2119 Litteram

1047 2149 1875 2218 Pseudo-Cardinahhm

465 2279 502 2303 “
522 2276 799 2333 Universi
837 2278 1060 2335 Christi
1095 2276 1319 2343 fideles,
1361 2296 1468 2334 suo
1505 2283 1876 2334 sacrosancto
1927 2277 2261 2334 charactere
2296 2278 2479 2350 insig-
2505 2284 2675 2335 Letter
2696 2285 2757 2335 of

394 2364 430 2387 “
468 2362 578 2417 niti
616 2380 790 2435 super
826 2363 1053 2418 firmam
1087 2370 1314 2433 petram
1350 2362 1484 2417 fidei
1529 2363 1613 2417 sic
1658 2362 1903 2426 fundati,
1956 2368 2025 2417 ut
2069 2368 2479 2418 manutenente
2504 2351 2590 2400 the
2612 2368 2725 2417 ⁸¹11)-

392 2448 427 2470 “
467 2445 735 2512 Domin0,
809 2452 869 2503 et
930 2453 1144 2503 nostrae
1195 2452 1408 2502 sanctae
1463 2446 1598 2501 fidei
1653 2447 1936 2517 irrigante
1989 2446 2264 2513 radicem,
2317 2448 2479 2502 nullo
2502 2424 2692 2534 {52:⁹oeOE
2715 2420 2775 2469 of

392 2532 428 2554 “
468 2529 699 2584 turbine
757 2530 1047 2585 haereticae
1109 2548 1214 2586 seu
1275 2530 1660 2588 schismaticae
1720 2530 2131 2601 persuasionis,
2201 2531 2480 2603 extirpari
2508 2551 2680 2601 Urba„
2705 2553 2800 2603 VI,

392 2615 429 2638 “
467 2614 807 2683 poterimus,
848 2620 951 2669 aut
986 2615 1189 2678 everti,
1227 2614 1268 2668 J
1270 2614 1481 2669 ohanni
1517 2614 1806 2685 Episcopo
1842 2614 2222 2680 PraenestinO,
2262 2614 2480 2670 ²Gille-

392 2700 430 2723 “
468 2695 595 2751 rino
628 2697 804 2753 titulo
843 2696 1043 2754 Sancti
1075 2697 1357 2769 Stephani
1393 2697 1456 2752 in
1485 2697 1673 2754 Coelio
1707 2697 1927 2762 Monte,
1962 2703 2096 2763 etc„
2134 2717 2269 2763 non,
2309 2705 2484 2769 prout

391 2784 428 2805 ‘⁸
467 2780 633 2835 nobis
671 2780 948 2847 scribitis,
987 2781 1360 2836 miseratione
1396 2781 1595 2837 divina
1632 2779 1860 2836 Sanctae
1897 2781 2175 2837 Romanae
2199 2780 2481 2837 Ecclesiae

392 2868 429 2891 “
470 2862 896 2931 Cardinalibus,
935 2865 1132 2930 immo,
1163 2882 1339 2936 super
1362 2882 1466 2920 vos
1490 2864 1896 2920 maledictione
1935 2865 2296 2931 fulminante,
2323 2865 2479 2937 lupis

390 2951 428 2974 ‘⁸
468 2948 882 3020 rapacissimiS,
934 2948 1115 3005 totius
1155 2948 1357 3021 gregis
1398 2947 1621 3004 Christi
1659 2948 2044 3015 invasoribus,
2087 2967 2154 3005 ac
2202 2949 2478 3021 vulpibus

392 3035 429 3058 ‘⁸
468 3031 886 3098 callidissimis,
925 3033 1155 3088 vineam
1192 3030 1429 3087 Domini
1467 3031 1723 3087 Sabaoth
1770 3031 2138 3104 cupientibus
2188 3032 2476 3096 demoliri,

393 3118 428 3141 ‘⁸
466 3134 579 3170 non
618 3116 868 3172 salutem
903 3116 1007 3172 sed
1041 3115 1403 3187 languorem,
1443 3133 1558 3170 non
1594 3114 1878 3187 gaudium
1914 3115 2018 3170 sed
2053 3133 2380 3179 moerorem,
2422 3122 2482 3170 et

392 3204 429 3225 “
471 3199 656 3266 indui,
710 3200 866 3256 sicut
917 3198 1229 3272 ³diploide,
1271 3199 1607 3257 confusione
1657 3205 1871 3255 vestra.
1957 3200 2148 3255 Tener
2194 3199 2482 3271 insipidus

392 3286 427 3309 “
466 3284 799 3339 litterarum
833 3290 1181 3349 vestrarum,
1211 3302 1375 3355 quas,
1416 3283 1734 3354 instigante
1770 3283 2018 3349 diabolo,
2045 3302 2151 3356 per
2187 3301 2385 3339 omnes
2424 3289 2483 3338 et

391 3370 426 3393 ‘⁸
468 3367 731 3440 singulas
770 3366 1228 3424 Christianitatis
1264 3366 1595 3439 provincias
1630 3372 1851 3423 temere
1900 3366 2253 3432 destinasti8‚
2308 3367 2483 3422 corda.

392 3454 428 3476 “
469 3456 530 3506 et
564 3451 773 3506 intima
808 3470 1055 3524 quaeque
1090 3458 1291 3507 nostra
1326 3451 1629 3516 sauciavit,
1669 3468 1785 3505 non
1820 3451 2059 3522 inquam
2095 3451 2231 3505 fidei
2266 3456 2481 3506 nostrae

390 3537 426 3560 “
464 3534 720 3600 laesione,
750 3536 854 3591 sed
876 3537 976 3608 pia
998 3535 1188 3591 cordis
1214 3535 1629 3607 compassione,
1658 3533 1730 3589 de
1753 3539 1875 3589 tam
1899 3532 2186 3589 horrendo
2211 3534 2480 3589 scandalo

391 3621 426 3644 ‘⁸
466 3616 527 3673 in
576 3617 844 3675 Ecclesia
890 3619 1105 3675 Sancta
1151 3619 1263 3673 Dei
1298 3618 1526 3674 noviter
1575 3618 1889 3684 suscitat03
1939 3622 2320 3674 veruntamen
2353 3618 2480 3673 ⁴vae

388 3705 425 3728 “
464 3702 629 3758 vobis
679 3721 786 3775 per
834 3721 979 3775 quos
1032 3702 1369 3759 scandalum
1409 3701 1605 3759 venit!
1702 3700 1859 3758 Nam
1911 3701 2130 3774 pallida
2178 3702 2332 3757 facta
2391 3708 2483 3755 est

390 3789 426 3813 “
464 3786 675 3842 Matris
724 3788 1006 3844 Ecclesiae
1056 3785 1349 3859 ⁸[facies],
1413 3785 1635 3859 pallore
1695 3803 1903 3858 nempe
1963 3786 2310 3853 turbationis
2369 3786 2477 3839 im-

389 3873 426 3896 “
465 3887 698 3937 mensae,
739 3876 799 3927 et
833 3889 904 3926 ex
939 3889 1135 3927 errore
1172 3871 1460 3927 scelerum
1495 3876 1826 3926 vestrorum
1861 3889 1897 3925 a
1933 3870 2161 3927 saeculis
2197 3868 2476 3931 inaudito,

390 3957 427 3981 “
467 3950 571 4025 qui
606 3953 1004 4026 “putabamini
1040 3972 1169 4012 esse
1205 3953 1358 4026 legis
1395 3954 1782 4020 aemulatores,
1834 3952 1938 4009 sed
1987 3954 2128 4009 estis
2183 3953 2475 4023 sacrilegi.

391 4040 427 4064 “
465 4037 670 4093 Rubor
714 4039 1081 4095 verecundiae
1128 4038 1423 4094 interdum
1477 4038 1904 4110 conspergitur,
1960 4038 2101 4093 dum
2148 4054 2218 4092 ex
2263 4038 2477 4092 vestris

390 4125 427 4149 “
466 4123 692 4179 actibus
729 4122 1083 4179 scandalosis
1138 4122 1281 4178 fines
1336 4123 1516 4177 totius
1570 4121 2031 4178 Christianitatis
2082 4126 2351 4176 uruntur.
2428 4119 2476 4174 O

390 4208 428 4233 “
464 4212 663 4263 vestra
713 4207 1075 4264 detestabilis
1138 4211 1198 4262 et
1228 4204 1250 4244 ⁷
1268 4205 1446 4261 infide
1495 4205 1702 4261 infelix
1754 4205 2013 4272 ambitio,
2069 4205 2170 4276 qui
2219 4204 2478 4260 tunicam

451 4431 464 4461 ¹
489 4428 765 4480 naviculam
785 4429 841 4480 in
860 4431 948 4481 the
968 4428 1167 4494 printed
1188 4434 1336 4479 texts.
1479 4426 1614 4478 Bibl.
1638 4429 1765 4493 Reg.
1795 4433 1855 4478 13
1876 4427 1938 4478 E.
1961 4425 2034 4477 ix.
2058 4428 2159 4479 and
2179 4427 2264 4478 the
2278 4425 2479 4491 printed

449 4511 470 4541 ²
495 4508 732 4560 Gulielmo
751 4509 809 4559 in
830 4509 918 4561 the
939 4508 1140 4573 printed
1166 4514 1318 4559 texts.
1480 4514 1631 4560 texts.

448 4591 469 4619 ⁸
487 4588 711 4655 duploide
732 4589 785 4640 in
806 4589 894 4641 the
914 4588 1115 4653 printed
1135 4593 1283 4639 texts.
1546 4591 1566 4619 ·
1591 4587 1889 4654 ,amabimini
1942 4587 1997 4637 in
2053 4587 2182 4653 orig.
2205 4574 2338 4637 ‘and
2392 4586 2478 4639 the

449 4669 469 4699 ⁴
487 4668 548 4719 de
568 4669 623 4719 in
646 4670 734 4721 the
756 4668 955 4734 printed
974 4674 1127 4719 texts.
1481 4666 1681 4733 printed
1704 4672 1852 4717 texts.

448 4750 469 4778 ⁶
491 4749 717 4802 Omitted
737 4749 793 4800 in
808 4748 967 4815 orig.;
1000 4746 1233 4814 supplied
1253 4746 1385 4798 stom
1550 4746 1569 4775 '
1592 4746 1817 4799 Omitted
1837 4745 1891 4796 in
1912 4743 2000 4797 the
2020 4744 2220 4811 printed
2241 4751 2390 4797 texts.

2088 4842 2132 4891 B
2175 4843 2219 4890 B
