3300 5617
1131 798 1465 850 msa-osu
1491 798 1916 851 Asamum.
2445 789 2571 853 169

101 975 457 1045 Trokelovee,
482 981 745 1047 militari,
803 982 1022 1039 donans
1076 982 1132 1039 ei
1188 983 1543 1040 Comitatum
1590 984 1663 1040 de
1719 984 2017 1050 Karleolo,
2072 984 2241 1055 cujus
2289 1002 2398 1055 per
2447 989 2579 1039 ante
2603 996 2914 1056 A.D.1323.

99 1059 151 1107 Ρ·
181 1052 283 1099 ⁶⁵·
321 1116 334 1128 ,
479 1064 739 1121 civitatis
775 1072 836 1121 et
868 1066 1046 1123 castri
1082 1067 1186 1123 diu
1233 1067 1427 1123 fuerat
1449 1068 1950 1133 Constabularius,
1991 1066 2116 1124 sive
2155 1068 2388 1124 Custos.
2464 1066 2578 1136 Qui
2606 1088 2705 1138 Hi„
2737 1090 2913 1143 hum-‚d

398 1155 412 1168 “
482 1167 615 1204 mox
648 1150 867 1205 honoro
902 1151 1052 1206 tanti
1099 1151 1352 1208 nominis
1403 1152 1685 1217 elevatus,
1737 1153 2054 1224 Hugonem
2104 1151 2582 1223 Dispensatorem
2611 1155 2672 1204 of
2699 1157 2856 1222 Hugh

104 1243 155 1295 Ε
200 1260 293 1300 1¹,
480 1233 660 1305 ooepit
709 1235 1006 1306 persequi,
1043 1241 1283 1307 propter
1326 1252 1628 1291 rancorem
1682 1253 1856 1308 quem
1907 1253 2013 1308 per
2063 1225 2306 1308 longum
2351 1241 2582 1307 tempus
2605 1221 2668 1271 (ιθ
2682 1223 2916 1289 ΒΡΘΒΘΘΥ»

478 1323 826 1389 conceperat
858 1324 1062 1375 conta-a
1096 1335 1250 1374 eum.
1328 1318 1447 1375 Sed
1479 1337 1615 1375 oum
1648 1320 1878 1375 videret
1911 1320 2136 1376 dictum
2170 1320 2487 1391 Hugonem
2510 1318 2584 1374 de

477 1400 575 1456 die
610 1402 676 1457 in
708 1401 868 1457 diem
901 1402 1181 1475 proficere
1218 1408 1281 1459 et
1314 1402 1574 1469 exaltari,
1612 1403 1855 1475 insuper
1888 1410 1950 1459 et
1981 1421 2088 1475 per
2124 1404 2352 1476 Regem
2385 1421 2586 1459 manu-

478 1486 686 1551 teneri,
748 1491 951 1542 conia-a
1008 1504 1145 1542 eum
1217 1486 1556 1558 indignatus
1628 1505 1806 1559 quam
1863 1488 2133 1553 maxime,
2198 1487 2356 1560 quod
2418 1487 2588 1559 juxta

478 1571 766 1627 malitiam
811 1572 1003 1628 cordis
1052 1572 1147 1628 sui
1192 1571 1481 1628 vindicari
1538 1589 1654 1628 non
1698 1578 1945 1645 poterat,
1997 1580 2201 1629 contra
2244 1573 2585 1630 fidelitatem
2609 1576 2732 1627 And
2751 1578 2864 1629 alli-

484 1672 663 1725 quam
698 1655 933 1712 domino
968 1674 1076 1712 suo
1111 1656 1268 1728 Regi
1313 1656 1637 1728 juraverat,
1687 1656 1886 1728 junxit
1938 1674 2003 1712 se
2057 1657 2271 1723 Sentis,
2327 1657 2584 1713 inimicis
2609 1659 2736 1694 ΜΘ
2759 1646 2883 1696 with

480 1738 666 1809 Regis
702 1739 976 1811 publicis,
1036 1746 1098 1796 et
1146 1757 1352 1795 eorum
1404 1739 1664 1796 consiliis
1714 1757 1779 1796 se
1827 1741 2149 1808 immersit;
2205 1741 2308 1813 qui
2341 1758 2476 1796 mox
2510 1740 2585 1796 ab
2607 1710 2693 1761 ‘¹¹⁶
2716 1712 2879 1764 3⁰⁰³·

480 1822 603 1877 illis
648 1823 948 1880 hilaritate
982 1828 1147 1880 tanta
1180 1829 1487 1896 susceptus
1523 1829 1634 1890 est,
1673 1841 1744 1880 ao
1777 1824 1831 1880 si
1865 1823 2104 1881 coeleste
2138 1842 2383 1892 munus;
2447 1824 2587 1896 quia

481 1907 682 1963 nullus
742 1926 1004 1980 unquam
1055 1909 1249 1964 fuerat
1298 1908 1421 1964 illis
1473 1907 1743 1964 infestior
1800 1913 1905 1964 aut
1954 1909 2145 1965 acrior
2201 1917 2583 1981 expugnator.

112 1986 239 2038 MS.
269 1989 412 2043 Bibl.
482 1990 712 2063 Nempe
747 1992 813 2047 in
845 2009 1165 2063 regnorum
1217 1992 1466 2048 c'onfinio
1512 2009 1746 2065 semper
1791 1992 2080 2058 habitans,
2131 1992 2148 2026 ¹
2164 1993 2376 2049 damna
2417 1994 2585 2049 innu-

240 2093 256 2104 ·
289 2062 352 2108 13
484 2075 793 2131 merabilia
844 2075 966 2131 illis
1018 2076 1317 2142 intulerat,
1369 2075 1540 2131 modo
1587 2077 1815 2148 praedas
1874 2094 2075 2148 agens,
2136 2076 2309 2133 modo
2366 2077 2584 2133 faciens

484 2160 891 2230 equitationes,
953 2160 1125 2215 modo
1193 2160 1456 2232 captivos
1527 2178 1729 2216 secum
1785 2161 2045 2226 trahens,
2105 2160 2278 2216 modo
2334 2160 2584 2216 fiammis

480 2243 654 2299 villas
688 2244 1025 2316 praediaque
1061 2244 1386 2300 devastans.
1463 2242 1731 2316 Cumque
1777 2247 1886 2316 per'
1932 2244 2058 2301 dies
2106 2244 2332 2315 aliquot
2362 2261 2586 2299 moram

478 2327 718 2383 fecisset
764 2327 920 2383 inter
970 2344 1089 2393 eos,
1147 2333 1210 2382 et
1256 2327 1373 2399 ipsi
1415 2326 1544 2398 jam
1596 2328 1789 2383 securi
1842 2328 1981 2384 facti
2031 2329 2281 2383 fuissent
2330 2327 2406 2382 de
2453 2326 2583 2398 ejus

476 2411 727 2468 nefanda
794 2411 1041 2483 perfidia
1098 2416 1301 2466 contra
1357 2410 1585 2482 Regem
1643 2411 1899 2483 Anglioe,
1960 2412 2368 2483 cogitaverunt
2424 2425 2578 2477 eum,

477 2501 758 2567 quantum
780 2500 1068 2568 poterant,
1094 2495 1398 2559 honorare,
1439 2495 1502 2549 in
1535 2501 1765 2551 tantum
1787 2501 1856 2551 ut
1877 2512 2136 2550 sororem
2159 2495 2344 2567 Regis
2371 2494 2581 2551 Scotioe

473 2579 694 2635 vellent
750 2578 865 2636 sibi
923 2579 1198 2651 conjugio
1257 2579 1549 2651 copulare.
1647 2578 1776 2633 Rex
1833 2580 2071 2635 interim
2128 2580 2383 2651 Anglioe,
2445 2597 2582 2651 cog-

471 2680 717 2719 noscens
754 2681 863 2734 per
908 2662 1191 2719 relatores
1235 2663 1379 2734 quid
1418 2661 1688 2718 Andreas
1725 2663 1964 2728 fecerat,
2004 2662 2195 2718 doluit
2229 2663 2387 2735 quod
2420 2668 2584 2718 tanta

474 2747 755 2802 beneficia
806 2746 1133 2803 contulerat
1179 2752 1303 2802 tam
1357 2746 1611 2817 ingrato.
1699 2746 1850 2801 Erat
1895 2751 2036 2802 tunc
2070 2747 2135 2802 in
2168 2746 2433 2818 partibus
2469 2746 2584 2801 Bo-

470 2831 727 2886 realibus
787 2830 957 2886 miles
1017 2831 1276 2888 famosus
1352 2836 1412 2887 et
1477 2836 1771 2894 strenuus,
1848 2837 2091 2887 vocatus
2170 2835 2207 2858 “
2227 2830 2581 2895 Antonius,”

473 2921 857 2985 cognomento
907 2916 948 2942 ‘⁸
965 2914 1038 2969 de
1086 2912 1314 2986 Lucy,’'
1364 2914 1467 2986 qui
1514 2919 1576 2970 et
1621 2913 1807 2985 Regis
1855 2914 2116 2971 favorem
2163 2914 2436 2987 cupiebat
2482 2914 2582 2969 ad-

471 2999 724 3069 quirere,
788 3004 848 3055 et
916 2998 1170 3071 patriam
1243 2998 1317 3053 de
1389 3005 1513 3053 tam
1583 2998 1836 3054 nefando
1894 2998 2224 3073 ¹proditore
2313 2998 2581 3071 protinus

469 3100 736 3138 vacuare.
827 3082 947 3137 Hic
1000 3098 1107 3154 per
1155 3081 1547 3154 exploratores
1602 3081 1862 3147 edoctus,
1918 3082 2076 3154 quod
2125 3082 2392 3137 Andreas
2428 3081 2583 3153 apud

469 3165 815 3221 Karleolum
876 3166 1018 3222 satis
1091 3183 1314 3229 secure,
1377 3164 1525 3220 nihil
1596 3165 1739 3220 mali
1812 3166 2162 3238 suspicatus,
2224 3165 2577 3229 morabatur,
2607 3169 2689 3220 He
2711 3170 2757 3220 is
2776 3187 2893 3236 cap-

469 3255 708 3320 repente
768 3268 905 3305 cum
962 3267 1139 3305 manu
1196 3249 1395 3305 valida
1451 3249 1629 3304 irruit
1690 3267 1870 3321 super
1927 3266 2081 3304 eum.
2181 3247 2367 3317 Quem
2419 3248 2580 3304 illico
2606 3238 2750 3287 ‘ared
2772 3239 2844 3303 by

471 3340 710 3405 captum
744 3333 912 3389 misit
946 3333 1022 3389 ad
1057 3333 1284 3404 Regem
1321 3331 1638 3388 Londoniis
1693 3338 2043 3397 catenatum,
2081 3332 2185 3387 ubi
2223 3332 2580 3403 quadrifario
2604 3303 2821 3421 fflffny
2853 3308 2916 3357 (ιθ

462 3419 691 3490 judicio
740 3419 1157 3475 condemnatus
1206 3425 1314 3475 est.
1399 3408 1629 3490 Nemp‘e
1676 3418 1870 3490 primo
1916 3417 2271 3489 degradatus
2309 3424 2417 3484 est,
2457 3436 2579 3473 am-
2718 3387 2769 3437 γ’

469 3503 690 3575 putatis
742 3504 936 3559 securi
986 3503 1063 3559 ad
1110 3504 1263 3559 talos
1314 3520 1450 3558 suos
1500 3502 1850 3568 calcaribus,
1905 3508 1966 3559 et
2007 3503 2094 3558 sio
2143 3503 2410 3558 vicissim
2460 3502 2579 3559 dis·
2663 3501 2669 3506 ’

470 3588 697 3644 cinctus
757 3593 850 3642 est
906 3586 1100 3643 balteo
1159 3586 1424 3651 militari,
1487 3585 1702 3641 ablatis
1774 3586 1988 3643 calceis
2050 3592 2112 3641 et
2167 3583 2190 3617 ²
2204 3586 2576 3644 chirothecis.

469 3671 695 3726 Deinde
736 3677 979 3736 tractus,
1023 3688 1360 3742 suspensus,
1400 3675 1463 3725 et
1494 3669 1560 3724 in
1596 3674 1835 3741 quartas
1872 3670 2099 3726 divisus
2137 3675 2260 3737 est;
2299 3676 2361 3727 et
2382 3677 2578 3742 partes
2604 3682 2727 3733 And
2751 3701 2871 3737 exe.

469 3761 722 3826 quatuor
791 3753 1214 3825 principalibus
1288 3752 1627 3808 civitatibus
1687 3752 1922 3824 Angliae
1984 3759 2122 3809 sunt
2179 3754 2574 3820 transmissam
2603 3751 2767 3802 cated-

469 3845 648 3911 caput
704 3838 834 3908 ejus
895 3856 1073 3909 super
1141 3842 1378 3909 pontem
1449 3837 1886 3893 Londoniarum
1956 3838 2136 3894 fixum
2196 3844 2306 3904 est,
2369 3856 2577 3895 versus

468 3929 664 3995 partes
700 3922 1021 3994 respiciens
1060 3920 1413 3977 Scoticanas.

537 4007 761 4062 Eodem
820 4022 969 4060 anno
1027 4003 1321 4061 Robertus
1381 4004 1455 4060 de
1514 4005 1691 4070 Brus,
1757 4021 1862 4076 per
1920 4003 2149 4060 litteras
2211 4004 2423 4060 missas
2467 4022 2576 4077 per
2599 4019 2653 4070 A
2675 4028 2818 4072 me
2834 4022 2917 4073 for

469 4091 757 4146 solemnes
822 4088 1085 4154 nuncios,
1140 4088 1457 4160 requisivit
1500 4089 1729 4160 Regem
1773 4087 2011 4159 Angliae
2065 4088 2137 4143 de
2187 4089 2417 4159 treugis
2467 4107 2572 4160 per
2599 4086 2824 4138 thirteen

469 4192 649 4231 annos
701 4173 1016 4230 tresdecim
1066 4172 1385 4229 duraturis.
1460 4172 1589 4228 Rex
1633 4189 1775 4229 vcro
1820 4171 2077 4243 Anglioe,
2129 4171 2413 4243 fatigatus
2464 4190 2572 4244 per
2595 4169 2777 4272 {1⁸33
2789 4171 2917 4273 35¹3

2602 4286 2691 4338 the
2715 4288 2875 4342 Scots.

540 4487 554 4516 ¹
581 4484 696 4535 The
728 4481 1013 4549 rmaining
1046 4481 1248 4547 portion
1287 4480 1351 4531 of
1374 4480 1478 4532 this
1578 4479 1830 4530 narrative
1853 4479 1976 4530 than
2010 4477 2123 4530 that
2143 4479 2206 4530 of
2230 4479 2545 4534 Trokelowe.

473 4571 691 4616 account
731 4564 794 4614 of
838 4561 1069 4615 Harola’s
1122 4567 1321 4613 treason
1375 4559 1477 4610 and
1642 4561 1664 4591 ²
1682 4558 1898 4610 Altered
1911 4559 2043 4610 stom
2059 4561 2281 4611 cirotecis
2301 4559 2356 4611 in
2372 4576 2403 4612 a
2418 4577 2579 4613 some·

476 4644 799 4709 punishmtaent
818 4645 963 4694 bears
983 4641 1157 4692 marks
1195 4641 1255 4691 of
1287 4639 1478 4705 having
1578 4639 1715 4691 what
1735 4638 1862 4691 later
1882 4638 2036 4696 hand.

474 4728 601 4779 been
641 4725 846 4778 derived
881 4724 1011 4775 stom
1033 4740 1065 4775 a
1085 4737 1225 4773 more
1260 4719 1479 4774 detailed
