3300 5617
815 783 859 846 2
1402 792 1771 845 rutrum
1817 793 1916 846 An
1961 794 2337 846 1601011161.

814 986 983 1053 1111111
1026 986 1276 1074 aliquid
1321 1007 1633 1074 arrogem,
1682 990 1977 1053 mortuos
2019 984 2266 1073 injuria
2309 985 2578 1065 afficere,
2622 991 2914 1076 posteros

813 1113 1035 1157 rerum
1096 1094 1557 1156 anteactarum
1633 1091 1921 1156 veritate
1989 1088 2313 1155 fraudare.
2413 1088 2592 1156 Vitio
2639 1113 2761 1178 ego
2806 1091 2913 1158 hic

814 1193 982 1258 mihi
1026 1192 1256 1258 datum
1300 1191 1436 1259 fore
1481 1215 1617 1258 non
1663 1192 1919 1270 dubito,
1967 1192 2148 1278 quod
2200 1193 2444 1258 multas
2486 1192 2685 1280 hujus
2727 1193 2912 1280 regni

813 1295 1122 1362 historias
1188 1294 1683 1382 antiquissimas
1749 1295 2086 1373 ediderim,
2133 1296 2206 1359 in
2250 1295 2493 1382 quibus
2553 1297 2915 1362 monastica

814 1401 1116 1487 quaedam
1162 1398 1553 1486 fragmenta,
1598 1404 1719 1465 aut
1748 1399 1970 1486 potius
2014 1398 2224 1464 aniles
2268 1399 2526 1479 fabulae,
2575 1400 2911 1488 reperiun-

815 1507 943 1569 tur.
1057 1501 1191 1567 Sed
1234 1501 1340 1568 his
1388 1501 1676 1570 libenter
1719 1501 2000 1590 ignoscO,
2046 1500 2164 1588 qui
2225 1503 2367 1570 zelo
2411 1502 2583 1569 bono
2626 1501 2913 1583 adducti,

813 1627 954 1672 rem
1015 1605 1234 1694 prima
1289 1606 1502 1691 specie
1543 1604 1794 1671 foedam
1835 1603 2269 1684 detestantur,
2318 1627 2467 1671 cum
2510 1605 2763 1671 nullam
2805 1604 2919 1671 ha-

814 1709 1018 1776 beant
1092 1708 1490 1775 occasionem
1567 1707 1771 1774 altius
1844 1713 1914 1773 et
1979 1706 2369 1795 profundius
2443 1708 2914 1787 considerandi,

817 1818 1071 1898 quanta
1137 1817 1207 1877 et
1273 1833 1473 1897 quam
1547 1810 1943 1897 quotidiana
2003 1810 2096 1875 sit
2157 1810 2351 1877 istius
2409 1811 2507 1878 rei
2551 1812 2915 1879 necessitas.

816 1914 885 1980 N
884 1936 993 1982 am
1036 1913 1095 1982 si
1139 1935 1278 1982 rem
1323 1935 1578 1984 mecum
1645 1914 1915 2004 penitus
1947 1912 2489 2002 introspicerem,
2566 1913 2919 1982 Matthaeos

818 2015 1146 2084 Patisium
1191 2020 1261 2083 et
1313 2014 2106 2095 westmonasteriensem,
2154 2037 2304 2084 cum
2366 2016 2502 2083 suis
2563 2015 2805 2083 fabulis
2848 2021 2919 2086 et

817 2118 1147 2208 portentis
1219 2119 1488 2206 (quibus
1553 2117 1752 2185 hodie
1811 2139 2006 2184 nemo
2050 2117 2286 2208 credit)
2349 2119 2572 2206 potius
2617 2118 2917 2198 edendos,

820 2243 1021 2309 quam
1063 2221 1362 2288 homines
1406 2221 1551 2312 pios
1595 2226 1665 2291 et
1710 2221 2059 2307 scriptores
2121 2221 2406 2290 sinceros
2440 2219 2733 2310 'reliquis
2775 2220 2918 2287 ino-

816 2346 966 2394 rum
1009 2323 1300 2390 historiis
1347 2324 1520 2410 (quse
1564 2323 1900 2422 hodiernae
1943 2324 2215 2390 veritati
2259 2346 2648 2416 magnopere
2693 2324 2919 2392 suffra·

816 2429 1084 2514 gantur)
1152 2425 1509 2513 privandos
1576 2432 1905 2518 putarent,
1941 2473 1946 2479 -
2030 2427 2289 2510 Quibus
2333 2428 2390 2494 si
2435 2428 2523 2496 ad
2568 2428 2915 2516 Papisticae

817 2528 1181 2618 disciplinae
1224 2530 1809 2620 expugnationem,
1852 2531 2177 2609 1611111610,
2223 2531 2501 2610 inverse,
2549 2536 2620 2598 et
2663 2531 2917 2598 conciso

820 2654 1046 2700 eorum
1077 2652 1287 2722 opere,
1317 2636 1667 2712 uteremur,
1698 2632 1802 2698 illi
1830 2637 2060 2700 contra
2077 2633 2441 2719 justissime
2470 2634 2915 2716 reclamarent,

821 2739 941 2804 aut
999 2757 1134 2802 non
1192 2756 1330 2800 esse
1389 2733 1653 2802 illorum
1714 2734 2058 2802 hominum
2124 2734 2447 2818 historias,
2496 2742 2617 2802 aut
2662 2736 2720 2804 si
2763 2736 2913 2820 sint,

821 2837 1087 2919 deletas,
1120 2842 1475 2925 corruptas,
1505 2842 1819 2917 mutatas,
1864 2838 2294 2928 imperfectas,
2325 2838 2731 2906 adulteratas
2762 2860 2914 2908 esse.

822 2940 935 3010 Ita
977 2962 1055 3007 60
1098 2940 1413 3028 fugiendo
1458 2940 1638 3027 quod
1682 2963 1820 3007 11011
1848 2946 1950 3007 661
1995 2963 2274 3022 11606666,
2319 2942 2392 3007 111
2437 2941 2507 3006 1(1
2553 2941 2914 3010 incidemus

822 3044 1001 3132 quod
1074 3065 1209 3111 non
1272 3048 1375 3110 est
1439 3043 1764 3123 decorum,
1828 3050 1898 3111 et
1962 3066 2113 3111 cum
2176 3043 2493 3132 exemplis
2555 3045 2916 3132 superiores

821 3148 1042 3226 simus,
1086 3147 1216 3213 fide
1262 3146 1603 3214 inferiores
1649 3146 1935 3218 erimus:
1984 3153 2055 3215 et
2119 3169 2240 3216 nos
2307 3147 2572 3213 illorum
2632 3148 2914 3213 virulen-

819 3251 936 3320 tiae
1003 3261 1073 3318 et
1118 3249 1487 3318 maledictis
1533 3250 1859 3318 obnoxios
1904 3250 2238 3331 faciemuS,
2285 3272 2437 3316 cum
2480 3250 2731 3338 alioqui
2774 3251 2909 3316 suis

819 3375 930 3424 eos
995 3354 1347 3422 sententiis
1410 3353 1749 3441 configere,
1798 3354 1935 3420 suis
1977 3354 2218 3443 gladiis
2286 3354 2651 3422 interficere
2712 3353 2915 3442 possi-

821 3478 985 3528 mus,
1077 3456 1252 3540 Quid
1314 3456 1491 3524 enim
1536 3457 1783 3526 oratori
1849 3463 1990 3523 tam
2050 3457 2333 3548 prodest,
2383 3463 2460 3523 ut
2505 3455 2916 3524 exultantem

824 3561 1275 3630 adversarium
1319 3560 1605 3647 frangat,
1635 3581 1834 3647 quam
1879 3560 2147 3647 aliquod
2192 3560 2371 3625 illius
2417 3559 2622 3630 stulte
2668 3560 2916 3628 dictum

823 3667 945 3730 aut
988 3663 1242 3749 impure
1288 3662 1536 3732 factum
1580 3668 2131 3732 commemorare?
2182 3669 2251 3729 et
2293 3664 2430 3730 suis
2474 3663 2758 3731 eundem
2801 3685 2915 3730 vo-

821 3767 1007 3836 cibus
1049 3766 1142 3831 sic
1187 3765 1568 3846 obtundere,
1599 3766 1812 3854 magis
1857 3771 1936 3831 ut
1980 3767 2231 3855 pudeat
2260 3767 2425 3856 quid
2467 3767 2607 3854 ipse
2654 3767 2916 3848 dixerit,

821 3891 1021 3957 quam
1063 3874 1239 3936 recte
1283 3874 1510 3935 caveat
1555 3869 1719 3960 quid
1761 3869 2174 3936 adversarius
2217 3870 2423 3957 possit
2468 3869 2694 3936 dicere.
2786 3868 2918 3938 Sed

820 3973 1250 4040 concedamus
1294 3971 1637 4059 paululum
1682 3971 1943 4040 nullum
1987 3973 2064 4037 in
2094 3993 2172 4037 eo
2205 3971 2493 4059 Papistis
2536 3973 2917 4042 scandalum

820 4076 984 4154 dari,
1031 4096 1151 4140 nec
1209 4074 1505 4142 historiae
1571 4075 1773 4141 fidem
1838 4076 1915 4140 in
1981 4075 2260 4142 dubium
2327 4075 2547 4140 vocari
2610 4095 2815 4161 posse,
2860 4077 2914 4142 si

821 4178 1036 4247 multa
1095 4178 1525 4265 corrigantur,
1590 4177 1808 4246 multa
1850 4200 1936 4244 ne
1978 4177 2357 4246 inserantur
2400 4177 2705 4266 quidem:
2754 4179 2916 4266 quid

818 4281 1089 4348 tandem
1118 4281 1249 4348 erit
1288 4282 1360 4346 111
1396 4280 1528 4346 11116
1558 4280 1756 4368 nugis
1800 4286 1870 4346 et
1912 4281 2255 4348 insomniis
2293 4280 2615 4369 periculi?
2722 4280 2915 4348 Certe

820 4383 879 4450 si
925 4382 1171 4450 delitiis
1214 4389 1284 4451 et
1326 4384 1709 4450 monasticis
1753 4383 2169 4452 vanitatibus
2230 4385 2579 4472 quisquam
2624 4385 2915 4450 ebriosus

822 4492 892 4552 et
936 4492 1251 4573 tanquam
1295 4487 1658 4553 fascinatus
1716 4488 1938 4568 fuerit,
1984 4487 2040 4552 16
2086 4487 2218 4552 eisd
2227 4510 2330 4552 em
2375 4487 2611 4564 credet,
2660 4488 2915 4552 etiamsi

821 4589 895 4653 in
962 4589 1204 4653 nostris
1265 4588 1556 4655 historiis
1609 4590 1780 4655 nihil
1823 4590 1956 4656 tale
2000 4590 2298 4676 reperiat.
2435 4589 2638 4656 Totus
2713 4590 2916 4676 siqui-

821 4691 973 4758 dem
1017 4696 1339 4758 terrarum
1405 4692 1583 4764 orbis
1640 4694 1789 4764 istis
1853 4692 2204 4764 insomniis
2263 4697 2329 4764 61
2397 4692 2726 4764 miraculis
2793 4692 2915 4760 cir·
