3300 5617
1131 827 1460 879 ms'rosm
1488 825 1910 877 Ammona.
2445 810 2575 878 395

101 1018 415 1071 MSAEibl.
480 1015 735 1079 modum,
774 1014 872 1069 vel
907 1029 1110 1068 eorum
1145 1012 1340 1084 opinio
1388 1030 1567 1085 penes
1603 1012 1850 1085 Regem.
1925 1011 2063 1067 Hiis
2113 1011 2313 1083 itaque
2356 1016 2417 1066 et
2462 1012 2579 1067 hiis
2605 1019 2742 1070 A.D.
2767 1023 2910 1069 1329.

102 1086 259 1150 neg.
282 1092 349 1136 13

106 1153 185 1203 E.
214 1153 299 1204 ix.

482 1099 772 1156 similibus
810 1098 1002 1153 causis
1038 1097 1403 1152 desciverant
1438 1098 1510 1152 ab
1547 1115 1616 1152 eo
1653 1098 1820 1168 quasi
1857 1097 1949 1151 vir
1985 1115 2157 1160 unus,
2196 1102 2258 1152 et
2293 1096 2472 1151 istum
2510 1096 2581 1150 dc

483 1202 600 1256 quo
633 1183 702 1238 fit
737 1198 946 1245 serm0,
986 1181 1062 1235 ad
1107 1181 1293 1235 instar
1339 1180 1503 1246 Baal,
1560 1181 1716 1252 quod
1769 1182 2187 1253 interpretatur
2226 1182 2265 1207 ‘⁸
2291 1178 2581 1243 vanitas‚”

484 1268 796 1339 erigenteS,
836 1270 1171 1321 statuerunt
1206 1264 1587 1319 simulacrum
1623 1282 1816 1328 suum,
1856 1270 1917 1319 et
1958 1263 2405 1319 ambulaverunt
2451 1268 2587 1334 post

483 1352 820 1413 vanitatem,
891 1354 953 1404 et
1008 1348 1147 1403 vani
1223 1347 1363 1402 facti
1423 1354 1577 1413 sunt,
1636 1354 1698 1404 et
1764 1347 2129 1420 procidentes
2193 1354 2588 1402 curvaverunt

486 1452 679 1505 genua
729 1451 837 1488 sua
883 1437 1018 1487 ante
1064 1432 1229 1487 Baal.
1303 1431 1519 1487 Relicti
1575 1436 1713 1488 sunt
1761 1438 1954 1486 tamen
2007 1431 2123 1486 viri
2177 1431 2417 1503 aliquot,
2469 1431 2586 1485 viri

479 1518 628 1590 justi
681 1518 953 1572 timentes
1002 1515 1215 1581 Deum,
1279 1532 1350 1569 ex
1402 1514 1669 1586 collegio
1719 1515 2139 1580 cardinalium,
2199 1516 2301 1587 qui
2350 1533 2466 1570 non
2501 1515 2586 1569 in-

487 1601 714 1658 curvati
765 1606 904 1656 sunt
941 1604 1075 1654 ante
1122 1616 1277 1662 eum,
1319 1598 1423 1653 sed
1473 1616 1608 1654 cum
1642 1598 1881 1653 Urbano
1935 1599 1996 1652 in
2046 1598 2269 1653 unitate
2304 1598 2585 1653 Ecclesiae

486 1688 946 1757 permanserunt.
1021 1682 1113 1739 Ex
1165 1682 1378 1753 quibus
1432 1682 1774 1754 praemissis,
1826 1688 1894 1737 ut
1942 1682 2219 1747 dixeram,
2277 1682 2587 1736 manifeste

488 1768 776 1832 clarescit,
814 1772 1100 1838 quantum
1149 1765 1478 1838 periculum
1525 1783 1632 1821 suo
1680 1765 1858 1837 capiti
1906 1765 2032 1820 Rex
2078 1765 2435 1821 Francorum
2483 1783 2585 1836 ag-

490 1851 739 1924 geravit,
805 1852 909 1922 qui
973 1851 1099 1906 haec
1146 1850 1343 1904 omnia
1403 1850 1614 1914 sciens,
1682 1849 1786 1904 sed
1846 1849 2244 1915 dissimulans,
2293 1850 2589 1905 nitebatur

488 1935 715 1991 viribus
758 1941 819 1991 et
865 1933 1194 1990 substantia
1229 1938 1413 1988 totam
1453 1932 1954 1988 christianitatem
2001 1933 2234 1988 trahere
2270 1934 2333 1988 in
2371 1934 2588 1990 erroris

491 2020 784 2092 abyssum.

936 2232 1218 2357 Dedit-io
1267 2289 1545 2356 castelli
1587 2290 1839 2357 Sancti
1884 2289 2157 2376 Anyeli.

565 2447 717 2503 Cum
781 2447 906 2501 haec
966 2445 1052 2501 ita
1113 2462 1175 2501 se
1231 2445 1532 2509 haberent,
1583 2446 1843 2501 arridere
1892 2447 2071 2519 coepit
2131 2446 2403 2519 aliqualis
2453 2465 2597 2501 aura
2619 2465 2730 2514 The
2758 2463 2924 2514 Came

496 2530 752 2585 serenior
798 2529 1048 2584 Domino
1094 2528 1333 2584 Urbano
1381 2529 1556 2598 Papae
1603 2530 1935 2602 populoque
2002 2530 2282 2595 Romano,
2347 2530 2597 2585 Domino
2619 2531 2682 2580 of
2701 2529 2848 2580 Saint

496 2616 794 2669 auferente
831 2613 1204 2684 opprobrium
1244 2631 1315 2668 ex
1355 2612 1563 2676 Israel,
1600 2618 1662 2668 et
1699 2620 2032 2669 conterente
2074 2620 2271 2685 portas
2308 2632 2508 2678 corceat,
2538 2620 2599 2668 et
2620 2596 2826 2675 AUSP¹⁰

496 2705 692 2754 vectes
722 2698 943 2752 ferreos
967 2697 1389 2768 confringente.
1466 2697 1693 2761 Portas,
1734 2697 1991 2769 inquam,
2021 2704 2081 2754 et
2110 2704 2307 2754 vectes
2333 2697 2348 2729 ¹
2370 2698 2594 2753 castelli
2618 2663 2911 2780 mn&

498 2781 896 2846 munitissimi,
942 2780 1185 2837 castelli
1224 2779 1503 2836 videlicet
1552 2780 1751 2836 Sancti
1788 2782 2024 2851 Angeli,
2078 2782 2233 2852 quod
2280 2783 2474 2837 fuerat
2509 2782 2594 2836 eis
2618 2748 2895 2861 ogponentg

498 2867 667 2938 spina
701 2867 762 2920 in
800 2865 987 2930 ocuIO,
1029 2864 1091 2918 in
1138 2864 1319 2920 latere
1360 2864 1654 2929 stimulus,
1701 2865 1981 2936 quamdiu
2019 2865 2417 2936 Antipapales,
2463 2865 2593 2919 Bri·
2618 2864 2678 2913 of
2691 2864 2832 2927 Popc

496 2950 661 3006 tanni
682 2948 975 3012 videlicet,
1007 2947 1157 3002 illud
1192 2948 1578 3020 municipium
1614 2954 1989 3020 occuparunt.
2063 2949 2332 3005 Britanni
2368 2966 2592 3013 revera,
2619 2930 2812 2982 Urbim·

499 3032 573 3089 ad
628 3033 756 3104 ejus
806 3031 1131 3087 custodiam
1189 3049 1325 3086 mox
1370 3029 1473 3085 2ἰιι
1537 3032 1706 3085 initio
1767 3031 1995 3086 dissidii
2057 3032 2210 3087 inter
2269 3031 2490 3104 Papam
2539 3038 2599 3087 et

500 3115 838 3173 cardinales
877 3115 1172 3179 destinati,
1216 3114 1365 3169 illud
1402 3114 1658 3169 viriliter
1680 3115 2032 3180 munierunt,
2073 3115 2349 3170 bellicose
2388 3116 2600 3188 guber·

498 3205 729 3263 narum),
757 3203 818 3253 ct
841 3203 1079 3253 strenue
1104 3203 1524 3263 servaverunt3
1554 3196 1699 3251 adeo
1722 3203 1937 3261 autem,
1964 3204 2032 3252 ut
2052 3195 2192 3268 ³[in]
2220 3199 2601 3268 ignominiam

502 3282 749 3338 Romani
796 3281 996 3354 populi
1043 3281 1416 3345 redundaret,
1471 3281 1753 3352 quicquid
1798 3281 2064 3337 meditati
2107 3288 2261 3347 sunt,
2323 3282 2603 3354 quicquid

502 3366 817 3423 machinati
866 3374 1021 3429 sunt,
1074 3364 1355 3436 quicquid
1404 3366 1656 3436 denique
1705 3372 1902 3436 operte
1951 3366 2405 3437 compleverunt.
2487 3367 2601 3421 Ro-

502 3469 806 3506 manorum
840 3467 1092 3521 namque
1126 3449 1278 3504 bona
1313 3449 1676 3520 diripientes,
1716 3450 1779 3504 in
1815 3450 2120 3505 castellum
2144 3456 2597 3522 comportarunt,

502 3536 665 3590 ⁴loco
687 3534 880 3589 vicina
919 3534 1314 3598 devastarunt,
1355 3540 1415 3588 et
1451 3534 1679 3604 objecta
1719 3552 1984 3605 qumque,
2031 3534 2257 3589 scilicet
2297 3534 2503 3590 domus
2543 3541 2603 3589 ct

503 3618 738 3689 palatia,
791 3636 922 3689 quae
971 3617 1056 3671 eis
1112 3617 1275 3672 nullo
1322 3617 1494 3672 modo
1541 3635 1671 3672 esse
1729 3624 1966 3688 possent
2011 3618 2445 3690 impedimento,
2482 3636 2603 3672 ma-

506 3703 711 3765 chiuiS‚
750 3700 1074 3764 trabiculis,
1116 3699 1459 3764 missilibus,
1488 3706 1550 3756 et
1586 3701 1879 3773 petrariis,
1905 3708 2384 3773 conquassarunt.
2458 3702 2605 3756 Erat

507 3786 725 3840 ibidem
771 3801 1011 3840 cernere
1061 3783 1282 3851 (nescio
1343 3789 1543 3838 utrum
1596 3785 1789 3854 magis
1832 3784 2227 3840 miserandum
2276 3804 2349 3840 an
2405 3785 2602 3840 dolon-

508 3870 649 3925 dum
692 3864 1108 3939 spectaculum)
1135 3868 1434 3939 populum,
1474 3867 1644 3938 cujus
1678 3869 1944 3940 patribus
1982 3869 2147 3924 nulla
2181 3869 2408 3935 civitas,
2442 3870 2607 3925 nulla

509 3952 824 4024 provincia,
863 3951 1095 4006 nullum
1130 3969 1402 4023 regnum,
1455 3951 1709 4023 denique
1747 3970 1855 4009 nec
1903 3958 2060 4008 totus
2108 3953 2381 4017 mundus,
2429 3971 2607 4025 quan-

510 4037 701 4107 doque
754 4035 1029 4090 resistere
1087 4036 1299 4107 potuit,
1356 4038 1482 4107 jam
1543 4037 1797 4108 propriis
1857 4036 2070 4092 finibus
2130 4037 2216 4092 ita
2260 4038 2461 4101 artari,
2524 4037 2610 4092 ita

509 4120 728 4182 vexari,
766 4118 946 4173 ‘adeo
981 4120 1432 4190 reprobabiliter
1468 4119 1771 4175 deturbari
1808 4139 1844 4174 a
1867 4121 2016 4175 facie
2054 4120 2367 4177 mediocris
2406 4121 2604 4187 castri,

510 4210 581 4260 ut
624 4219 770 4275 pene
812 4220 1041 4257 omnem
1080 4221 1245 4274 spem
1283 4203 1579 4260 amitteret
1619 4204 1952 4259 resistendi.

2503 4395 2610 4402 -Ἦ

582 4515 594 4544 ¹
618 4513 840 4564 Omitted
860 4512 915 4561 in
936 4512 1024 4562 the
1044 4512 1242 4576 printed
1263 4520 1410 4562 texts.
1681 4514 1698 4542 ⁴
1719 4510 1824 4561 loca
1848 4512 1903 4561 in
1924 4513 2009 4563 the
2032 4513 2229 4578 printed
2248 4522 2394 4565 texts.

580 4595 601 4622 ²
625 4594 675 4640 in
698 4592 906 4642 omitted
927 4592 981 4640 in
1000 4590 1265 4641 camden’s
1285 4597 1408 4641 text.
1679 4594 1701 4621 ⁵
1721 4590 1785 4640 ab
1818 4608 1871 4641 eo
1907 4591 1961 4641 in
1999 4592 2125 4658 orig.
2162 4594 2263 4643 and
2295 4594 2381 4644 the
2414 4595 2612 4658 printed

580 4674 600 4701 ³
624 4670 863 4734 Supplied
883 4670 1014 4719 from
1039 4669 1176 4719 Bibl.
1194 4670 1395 4735 Reg.E.
1423 4670 1503 4720 ix:
1614 4679 1783 4731 texts3
1834 4673 2089 4722 corrected
2139 4672 2269 4721 stom
2314 4673 2450 4724 Bibl.
2485 4675 2611 4740 Reg.

515 4751 724 4801 omitted
740 4750 793 4799 in
812 4749 898 4799 the
913 4748 1114 4813 printed
1135 4755 1283 4798 texts.
1620 4757 1679 4801 13
1705 4750 1763 4801 E.
1788 4751 1859 4801 ix.
