3300 5617
1165 759 1496 811 ms‘rosu
1537 759 1957 810 memorum.
2486 747 2612 810 103

157 942 553 1063 Βιιιὶιιιιιῖα
592 960 726 1000 ecce
784 944 1020 1016 caputff'
1091 944 1172 1000 Et
1220 945 1420 1002 statim
1479 952 1833 1018 protestatus
1886 951 1978 1001 est
2032 945 2049 977 ¹
2071 962 2266 1000 coram
2324 945 2611 1011 omnibus,
2638 952 2774 1005 ΑΛ).
2814 958 2956 1006 1303.

292 1013 362 1063 13¹
399 1015 437 1065 ¹·
510 1028 667 1099 quod
725 1028 976 1101 Papatui
1030 1047 1328 1101 nunquam
1386 1031 1772 1097 renunciaret,
1827 1028 2107 1102 quamdiu
2156 1035 2355 1100 posset
2403 1029 2617 1086 habere

509 1113 713 1168 vitam.
790 1113 1036 1169 Schaira
1081 1131 1225 1170 vero
1270 1113 1461 1171 voluit
1507 1114 1759 1172 libenter
1806 1113 2171 1171 interfecisse
2220 1114 2461 1185 Papam,
2515 1114 2618 1170 sed

507 1214 614 1268 per
672 1197 956 1268 quosdam
1028 1198 1143 1254 fuit
1216 1198 1586 1269 prohibitum
1668 1200 1754 1255 ita
1825 1199 1980 1270 quod
2051 1198 2214 1270 Papa
2278 1198 2498 1253 malum
2556 1199 2618 1253 in

505 1299 747 1354 corpore
795 1300 911 1338 non
946 1282 1189 1354 recepit.
1241 1280 1520 1339 Attamen
1554 1282 1810 1338 ostiariis
1851 1282 2030 1354 Papoe
2082 1281 2324 1354 fugatis,
2379 1288 2440 1337 et
2487 1283 2615 1354 qui·

505 1365 752 1421 busdam
787 1366 1130 1431 interfectis,
1170 1364 1489 1438 ejectisque
1540 1371 1665 1423 tam
1699 1366 2019 1439 majoribus
2067 1384 2244 1437 quam
2292 1366 2614 1423 minoribus

502 1448 577 1504 de
626 1468 735 1505 sua
773 1450 1014 1515 familia,
1059 1449 1323 1522 deputati
1365 1457 1503 1507 sunt
1532 1450 1804 1508 custodes
1834 1451 2029 1522 Papae,
2064 1468 2172 1522 per
2214 1451 2516 1507 Schairam
2552 1457 2614 1507 et

501 1534 887 1605 capitaneum,
952 1534 1241 1591 Dominus
1289 1535 1654 1607 Reginaldus
1707 1535 1783 1591 de
1837 1535 2116 1607 Suppine,
2173 1541 2236 1591 et
2282 1535 2455 1591 multi
2506 1535 2609 1591 alii

497 1636 633 1673 cum
684 1618 907 1674 eodem.
997 1619 1152 1676 Acta
1203 1626 1342 1677 sunt
1393 1619 1520 1677 haeo
1568 1620 1632 1676 in
1683 1619 1914 1691 Vigilia
1969 1619 2029 1676 N
2031 1619 2317 1677 ativitatis
2378 1620 2608 1677 Sanotae

497 1704 721 1771 Mariae,
763 1705 1014 1778 septima
1046 1708 1192 1763 hora
1225 1707 1364 1763 diei.

566 1790 874 1847 Exercitus
907 1808 1068 1857 vero,
1119 1797 1430 1863 postquam
1479 1789 1699 1863 irrupit
1745 1789 2050 1862 palatium,
2091 1808 2226 1847 mox
2260 1790 2611 1863 despoliavit

495 1872 733 1946 Papam,
773 1881 837 1932 et
868 1874 998 1946 ejus
1022 1893 1315 1931 cameram
1350 1882 1527 1946 atque
1561 1875 1925 1932 thesauriam
1960 1893 2164 1943 suam3
2204 1882 2266 1932 et
2287 1877 2610 1949 asportavit

493 1961 843 2016 vestimenta
889 1978 1025 2016 cum
1061 1961 1435 2024 ornamentis,
1490 1966 1552 2015 et
1603 1977 1814 2016 aurum
1863 1966 2041 2031 atque
2088 1966 2418 2032 argentum,
2471 1979 2607 2017 cum

495 2044 762 2102 omnibus
798 2045 934 2101 aliis
967 2044 1145 2101 rebus
1181 2044 1437 2101 inventis
1474 2043 1712 2099 ibidem.
1787 2043 1868 2100 Et
1900 2061 2108 2102 revera
2143 2045 2422 2111 creditur,
2451 2045 2608 2117 quod

494 2145 692 2184 omnes
746 2146 919 2201 reges
969 2129 1175 2185 mundi
1224 2146 1341 2184 non
1388 2135 1627 2201 possent
1670 2134 1902 2185 tantum
1945 2129 2018 2184 de
2054 2133 2331 2185 thesauro
2364 2129 2609 2186 reddere

493 2211 649 2267 infra
681 2231 866 2269 unum
901 2231 1137 2279 annum,
1178 2218 1464 2286 quantum
1489 2213 1605 2269 fuit
1637 2213 1713 2269 de
1744 2213 1941 2285 papali
1972 2213 2190 2284 palatio
2225 2221 2606 2286 asportatum,

492 2303 555 2352 et
605 2297 679 2353 de
730 2298 967 2369 palatiis
1024 2299 1207 2354 trium
1258 2297 1663 2354 Cardinalium
1709 2304 1771 2354 et
1827 2297 2206 2354 Marchionis.
2305 2298 2613 2356 Remansit

491 2389 688 2436 autem
724 2381 888 2454 Papa
935 2387 997 2438 et
1035 2387 1275 2454 nepotes
1312 2382 1408 2438 sui
1454 2382 1566 2438 sub
1600 2381 1869 2437 custodia
1900 2382 2159 2438 militum
2195 2388 2258 2438 et
2302 2382 2609 2438 custodum

493 2465 772 2530 Schairae‚
798 2483 990 2537 usque
1024 2466 1088 2521 in
1122 2466 1280 2521 diem
1315 2468 1574 2522 tertiam.
1647 2464 1847 2521 Medio
1871 2472 2152 2539 tempore,
2181 2466 2427 2524 Schaira
2459 2472 2609 2523 trac·

491 2551 639 2606 tavit
688 2568 826 2605 cum
876 2551 1019 2615 suis,
1074 2549 1364 2622 quomodo
1410 2550 1634 2621 Papam
1681 2549 1859 2606 morti
1894 2550 2173 2615 traderet,
2213 2551 2311 2606 vel
2344 2550 2610 2607 mitteret

489 2633 565 2689 ad
599 2634 827 2706 Regem
861 2634 1125 2690 Franciae
1173 2652 1383 2706 corpus
1409 2634 1557 2706 ejus.
1649 2633 1770 2690 Sed
1818 2635 2069 2706 populus
2117 2633 2445 2706 'Anagniae
2497 2634 2607 2690 hoc

488 2720 869 2790 comperiens,
909 2719 1064 2775 facta
1112 2719 1523 2776 convocatione
1577 2724 1822 2782 secreta,
1862 2719 2269 2790 ignorantibus
2305 2719 2608 2790 capitaneo

489 2809 551 2858 et
599 2803 861 2869 Schaira,
916 2804 1086 2875 quasi
1139 2803 1216 2859 ad
1261 2802 1464 2859 decem
1517 2802 1710 2858 millia
1760 2802 2082 2869 honfinum,
2129 2808 2484 2859 concurrunt
2530 2803 2607 2858 ad

489 2888 772 2959 palatium
823 2888 927 2944 ubi
981 2888 1144 2960 Papa
1196 2888 1541 2944 servabatur
1588 2889 1655 2942 in
1702 2887 1986 2952 custodia,
2025 2894 2088 2943 et
2133 2888 2391 2960 expulsis
2427 2893 2604 2959 atque

489 2969 807 3041 peremptis
842 2969 1203 3034 custodibus,
1249 2967 1506 3040 ingressi
1543 2972 1699 3033 sunt,
1752 2973 1814 3023 et
1862 2966 2334 3024 deliberaverunt
2380 2968 2603 3039 Papam

489 3060 549 3107 et
581 3057 821 3126 nepotes
857 3053 1006 3125 ejus,
1045 3053 1306 3109 habituri
1341 3070 1546 3108 eorum
1580 3052 1908 3109 custodiam
1942 3061 2121 3124 penes
2158 3069 2240 3110 se.

559 3138 678 3193 Sed
711 3143 846 3194 ante
882 3138 1008 3194 haec
1042 3139 1239 3193 omnia
1272 3136 1593 3203 sciendum,
1639 3136 1797 3208 quod
1833 3154 1971 3192 cum
2022 3136 2214 3208 primo
2262 3135 2507 3193 Schaira
2540 3143 2603 3193 et
2626 3144 2887 3197 Malu-eat·

488 3223 844 3293 capitaneus,
897 3240 1034 3279 cum
1084 3222 1418 3278 Senescallo
1463 3221 1649 3293 Regis
1691 3221 1975 3286 Francioe,
2028 3220 2602 3293 comprehendissent
2624 3220 2764 3263 ment
2785 3214 2847 3265 Of

485 3307 726 3378 Papam,
778 3308 843 3362 in
890 3324 1108 3379 equum
1140 3312 1464 3380 posuerunt
1508 3306 1802 3371 effrenem,
1830 3306 1907 3361 ad
1940 3305 2185 3361 caudam
2219 3322 2394 3362 versa
2426 3307 2595 3372 facie,
2622 3280 2763 3399 {22⁰
2784 3280 2942 3331 B⁰¹²¹

486 3399 548 3447 et
599 3393 686 3448 sic
735 3391 1066 3448 discurrere
1107 3393 1231 3447 fere
1280 3409 1470 3463 usque
1517 3391 1595 3447 ad
1632 3390 2019 3447 novissimum
2051 3388 2341 3446 ’halitum
2393 3407 2597 3462 coege-

485 3483 641 3541 runt,
695 3482 758 3532 et
807 3476 1041 3532 tandem
1090 3494 1239 3549 pene
1285 3477 1441 3533 fame
1488 3481 1878 3540 necaverunt;
1930 3474 2112 3530 donec
2162 3491 2299 3530 eum
2349 3475 2599 3547 populus

481 3561 502 3593 ⁴
518 3561 827 3631 Anagnia),
866 3567 936 3618 ut
968 3561 1367 3633 praemittitur,
1406 3560 1734 3617 liberasset.
1811 3559 2016 3616 Scaira
2054 3575 2214 3624 vero,
2254 3565 2493 3631 propter
2537 3560 2603 3615 id

490 3645 727 3700 offensis
754 3645 914 3701 villae
942 3645 1368 3710 communibus,
1403 3662 1540 3701 cum
1570 3644 1833 3700 exercitu
1855 3642 1930 3698 de
1951 3643 2099 3698 villa
2118 3644 2382 3700 recessit.
2439 3644 2603 3700 Tunc

489 3729 738 3801 populus
774 3730 917 3785 fecit
950 3729 1173 3802 Papam
1209 3729 1505 3801 deportari
1554 3728 1620 3784 in
1668 3744 1944 3824 magnam
1978 3727 2252 3799 plateam,
2302 3728 2406 3783 ubi
2441 3727 2605 3800 Papa

489 3813 842 3869 lacrimando
875 3814 1091 3886 populo
1128 3813 1503 3886 praedicavit,
1556 3813 1713 3869 inter
1754 3812 1950 3868 omnia
1996 3812 2219 3908 gratias
2260 3829 2441 3883 agens
2478 3811 2606 3868 Deo

490 3904 553 3953 et
605 3898 818 3969 populo
852 3899 873 3931 ⁴
902 3898 1190 3970 Anagniae
1236 3898 1312 3955 de
1344 3898 1473 3956 vita
1506 3915 1631 3953 sua.
1725 3895 1988 3954 Tandem
2038 3895 2103 3950 in
2154 3896 2268 3951 fine
2318 3898 2604 3952 sermonis

492 3983 716 4050 dixis*
724 3985 917 4040 ‘Boni
950 3983 1215 4043 homines
1263 3991 1328 4042 et
1376 3984 1676 4050 mulieres,
1728 3988 1958 4040 constat
1985 3981 2155 4039 vobis
2191 3982 2445 4054 qualiter
2492 3982 2603 4038 ini-
2695 3993 2701 3999 ·

520 4068 712 4124 ‘mici
760 4069 878 4124 mei
927 4075 1215 4126 venerunt
1259 4076 1323 4125 et
1366 4069 1738 4126 abstulerunt
1783 4067 1979 4124 omnia
2010 4068 2163 4122 bona
2194 4084 2345 4132 mea,
2395 4073 2459 4122 et
2490 4084 2606 4123 non

523 4157 801 4210 ‘tantum
834 4169 984 4221 mea,
1025 4155 1130 4211 sed
1164 4161 1226 4210 et
1259 4154 1454 4210 omnia
1486 4154 1638 4210 bona
1672 4152 1990 4219 Ecclesioe3
2041 4157 2102 4207 et
2137 4169 2231 4206 me
2267 4152 2352 4206 ita
2386 4169 2605 4224 paupe-

503 4241 538 4265 “
579 4253 705 4295 rem
740 4237 896 4296 sicut
930 4238 1047 4295 Job
1083 4240 1294 4306 fuerat,
1333 4238 1702 4295 dimiserunt.
1776 4237 2026 4308 Propter
2075 4235 2232 4307 quod
2273 4235 2404 4291 dico
2439 4236 2607 4314 vobis

562 4527 578 4559 ¹
615 4527 855 4593 Supplied
899 4526 954 4578 in
993 4539 1025 4578 a
1063 4526 1190 4582 latet·
1232 4525 1371 4579 hand
1425 4525 1505 4579 sor
1668 4527 1689 4557 ²
1721 4523 1948 4591 Anaqum
1970 4523 2024 4574 in
2047 4520 2133 4575 the
2155 4522 2353 4589 printed
2386 4532 2533 4578 texts.

499 4626 708 4673 quorum,
751 4607 1030 4675 originally
1071 4609 1271 4662 written
1312 4611 1383 4675 by
1422 4607 1503 4659 in-
1664 4607 1684 4636 ⁸
1717 4604 1888 4655 alitum
1910 4604 1966 4653 in
1989 4604 2120 4669 orig.

501 4691 812 4741 advertence.
1666 4686 1684 4716 ⁴
1717 4683 1943 4753 Anayum
1964 4684 2021 4734 in
2044 4684 2130 4736 the
2152 4684 2353 4749 printed
2384 4693 2536 4739 texts.
