<?xml version="1.0" encoding="UTF-8"?>
<!DOCTYPE html PUBLIC "-//W3C//DTD XHTML 1.0 Transitional//EN"
    "http://www.w3.org/TR/xhtml1/DTD/xhtml1-transitional.dtd">
<html xmlns="http://www.w3.org/1999/xhtml" xml:lang="en" lang="en">
 <head>
  <title>
</title>
<meta http-equiv="Content-Type" content="text/html;charset=utf-8" />
  <meta name='ocr-system' content='tesseract 3.04.00' />
  <meta name='ocr-capabilities' content='ocr_page ocr_carea ocr_par ocr_line ocrx_word'/>
</head>
<body>
  <div class='ocr_page' id='page_1' title='image "./thomaewalsingha00unkngoog_0356.png"; bbox 0 0 3300 5617; ppageno 0'>
   <div class='ocr_carea' id='block_1_1' title="bbox 775 749 2204 815">
    <p class='ocr_par' dir='ltr' id='par_1_1' title="bbox 775 749 2204 815">
     <span class='ocr_line' id='line_1_1' title="bbox 775 749 2204 815; baseline -0.003 -2"><span class='ocrx_word' id='word_1_1' title='bbox 775 749 906 815; x_wconf 81' lang='lat'><strong>292</strong></span> <span class='ocrx_word' id='word_1_2' title='bbox 1425 760 1686 810; x_wconf 55' lang='lat' dir='ltr'><strong>monis</strong></span> <span class='ocrx_word' id='word_1_3' title='bbox 1732 756 2204 808; x_wconf 67' lang='lat' dir='ltr'><strong>wALsmanM</strong></span> 
     </span>
    </p>
   </div>
   <div class='ocr_carea' id='block_1_2' title="bbox 441 941 3200 4373">
    <p class='ocr_par' dir='ltr' id='par_1_2' title="bbox 441 941 3200 1522">
     <span class='ocr_line' id='line_1_2' title="bbox 441 941 3176 1019; baseline -0.004 -14"><span class='ocrx_word' id='word_1_4' title='bbox 441 954 577 1007; x_wconf 63' lang='grc' dir='ltr'><strong>ΑΒ.</strong></span> <span class='ocrx_word' id='word_1_5' title='bbox 604 959 749 1006; x_wconf 80' lang='grc'><strong>1360.</strong></span> <span class='ocrx_word' id='word_1_6' title='bbox 775 953 814 979; x_wconf 87' lang='grc'><strong>“</strong></span> <span class='ocrx_word' id='word_1_7' title='bbox 852 948 946 1005; x_wconf 85' lang='lat' dir='ltr'><strong>sui</strong></span> <span class='ocrx_word' id='word_1_8' title='bbox 1014 965 1211 1004; x_wconf 89' lang='lat' dir='ltr'><strong>omnes</strong></span> <span class='ocrx_word' id='word_1_9' title='bbox 1279 946 1500 1003; x_wconf 88' lang='lat' dir='ltr'><strong>insulas</strong></span> <span class='ocrx_word' id='word_1_10' title='bbox 1558 945 1765 1019; x_wconf 84' lang='lat' dir='ltr'><strong>patriis</strong></span> <span class='ocrx_word' id='word_1_11' title='bbox 1823 945 2116 1019; x_wconf 60' lang='lat' dir='ltr'><strong>praedietis</strong></span> <span class='ocrx_word' id='word_1_12' title='bbox 2174 943 2504 1017; x_wconf 89' lang='lat' dir='ltr'><strong>adjacentes</strong></span> <span class='ocrx_word' id='word_1_13' title='bbox 2563 941 2868 1006; x_wconf 89' lang='lat' dir='ltr'><strong>tenebunt,</strong></span> <span class='ocrx_word' id='word_1_14' title='bbox 2898 959 3021 1011; x_wconf 74' lang='lat' dir='ltr'><strong>HS</strong></span> <span class='ocrx_word' id='word_1_15' title='bbox 3046 959 3176 1011; x_wconf 60' lang='lat' dir='ltr'><strong>Bm,</strong></span> 
     </span>
     <span class='ocr_line' id='line_1_3' title="bbox 776 1026 3115 1143; baseline -0.005 -54"><span class='ocrx_word' id='word_1_16' title='bbox 776 1037 814 1063; x_wconf 77' lang='lat'><strong>‘⁴</strong></span> <span class='ocrx_word' id='word_1_17' title='bbox 852 1050 969 1089; x_wconf 87' lang='lat' dir='ltr'><strong>una</strong></span> <span class='ocrx_word' id='word_1_18' title='bbox 1002 1051 1136 1088; x_wconf 88' lang='lat' dir='ltr'><strong>cum</strong></span> <span class='ocrx_word' id='word_1_19' title='bbox 1171 1031 1380 1087; x_wconf 89' lang='lat' dir='ltr'><strong>insulis</strong></span> <span class='ocrx_word' id='word_1_20' title='bbox 1416 1049 1562 1129; x_wconf 86' lang='lat' dir='ltr'><strong>quas</strong></span> <span class='ocrx_word' id='word_1_21' title='bbox 1598 1035 1799 1087; x_wconf 91' lang='lat' dir='ltr'><strong>tenent</strong></span> <span class='ocrx_word' id='word_1_22' title='bbox 1842 1030 1904 1085; x_wconf 89' lang='lat' dir='ltr'><strong>in</strong></span> <span class='ocrx_word' id='word_1_23' title='bbox 1940 1029 2233 1102; x_wconf 71' lang='lat' dir='ltr'><strong>praesenti.</strong></span> <span class='ocrx_word' id='word_1_24' title='bbox 2308 1029 2387 1085; x_wconf 85' lang='lat' dir='ltr'><strong>Et</strong></span> <span class='ocrx_word' id='word_1_25' title='bbox 2436 1029 2561 1084; x_wconf 85' lang='lat' dir='ltr'><strong>Rex</strong></span> <span class='ocrx_word' id='word_1_26' title='bbox 2598 1026 2871 1083; x_wconf 81' lang='lat' dir='ltr'><strong>Franciae</strong></span> <span class='ocrx_word' id='word_1_27' title='bbox 2895 1027 3030 1143; x_wconf 77' lang='lat' dir='ltr'><strong>Reg.</strong></span> <span class='ocrx_word' id='word_1_28' title='bbox 3060 1033 3115 1077; x_wconf 83' lang='lat'><strong>1³</strong></span> 
     </span>
     <span class='ocr_line' id='line_1_4' title="bbox 776 1094 3200 1224; baseline -0.005 -50"><span class='ocrx_word' id='word_1_29' title='bbox 776 1122 814 1148; x_wconf 91' lang='lat'><strong>“</strong></span> <span class='ocrx_word' id='word_1_30' title='bbox 852 1126 914 1175; x_wconf 92' lang='lat' dir='ltr'><strong>et</strong></span> <span class='ocrx_word' id='word_1_31' title='bbox 947 1118 1103 1173; x_wconf 89' lang='lat' dir='ltr'><strong>filius</strong></span> <span class='ocrx_word' id='word_1_32' title='bbox 1151 1135 1292 1173; x_wconf 88' lang='lat' dir='ltr'><strong>suus</strong></span> <span class='ocrx_word' id='word_1_33' title='bbox 1331 1116 1543 1183; x_wconf 87' lang='lat' dir='ltr'><strong>senior,</strong></span> <span class='ocrx_word' id='word_1_34' title='bbox 1587 1134 1695 1188; x_wconf 90' lang='lat' dir='ltr'><strong>pro</strong></span> <span class='ocrx_word' id='word_1_35' title='bbox 1737 1133 1800 1171; x_wconf 89' lang='lat' dir='ltr'><strong>se</strong></span> <span class='ocrx_word' id='word_1_36' title='bbox 1837 1121 1899 1170; x_wconf 91' lang='lat' dir='ltr'><strong>et</strong></span> <span class='ocrx_word' id='word_1_37' title='bbox 1932 1113 2264 1170; x_wconf 81' lang='lat' dir='ltr'><strong>hoeredibus</strong></span> <span class='ocrx_word' id='word_1_38' title='bbox 2307 1119 2368 1169; x_wconf 93' lang='lat' dir='ltr'><strong>et</strong></span> <span class='ocrx_word' id='word_1_39' title='bbox 2406 1094 2960 1175; x_wconf 47' lang='lat' dir='ltr'><strong>successoribusss·</strong></span> <span class='ocrx_word' id='word_1_40' title='bbox 2898 1109 3045 1211; x_wconf 53' lang='lat'><em>&#39;13¹¹</em></span> <span class='ocrx_word' id='word_1_41' title='bbox 3044 1160 3200 1224; x_wconf 57' lang='lat' dir='ltr'><em>Q</em></span> 
     </span>
     <span class='ocr_line' id='line_1_5' title="bbox 776 1196 3107 1278; baseline -0.004 -20"><span class='ocrx_word' id='word_1_42' title='bbox 776 1205 815 1231; x_wconf 88' lang='lat'><strong>“</strong></span> <span class='ocrx_word' id='word_1_43' title='bbox 851 1202 1007 1257; x_wconf 76' lang='lat' dir='ltr'><strong>infra</strong></span> <span class='ocrx_word' id='word_1_44' title='bbox 1054 1201 1333 1257; x_wconf 83' lang='lat' dir='ltr'><strong>Sanctum</strong></span> <span class='ocrx_word' id='word_1_45' title='bbox 1383 1199 1734 1255; x_wconf 86' lang='lat' dir='ltr'><strong>Michaelem</strong></span> <span class='ocrx_word' id='word_1_46' title='bbox 1778 1198 2042 1270; x_wconf 82' lang='lat' dir='ltr'><strong>proximo</strong></span> <span class='ocrx_word' id='word_1_47' title='bbox 2076 1203 2217 1254; x_wconf 90' lang='lat' dir='ltr'><strong>tunc</strong></span> <span class='ocrx_word' id='word_1_48' title='bbox 2264 1198 2530 1253; x_wconf 85' lang='lat' dir='ltr'><strong>futurum</strong></span> <span class='ocrx_word' id='word_1_49' title='bbox 2576 1196 2651 1251; x_wconf 87' lang='lat' dir='ltr'><strong>ad</strong></span> <span class='ocrx_word' id='word_1_50' title='bbox 2681 1213 2873 1251; x_wconf 87' lang='lat' dir='ltr'><strong>unum</strong></span> <span class='ocrx_word' id='word_1_51' title='bbox 2898 1228 2971 1276; x_wconf 66' lang='lat' dir='ltr'>A</span> <span class='ocrx_word' id='word_1_52' title='bbox 2997 1242 3107 1278; x_wconf 71' lang='lat' dir='ltr'><strong>m</strong></span> 
     </span>
     <span class='ocr_line' id='line_1_6' title="bbox 776 1279 3029 1352; baseline -0.004 -11"><span class='ocrx_word' id='word_1_53' title='bbox 776 1289 816 1315; x_wconf 90' lang='lat'><strong>“</strong></span> <span class='ocrx_word' id='word_1_54' title='bbox 855 1302 1086 1348; x_wconf 87' lang='lat' dir='ltr'><strong>annum,</strong></span> <span class='ocrx_word' id='word_1_55' title='bbox 1127 1282 1392 1346; x_wconf 89' lang='lat' dir='ltr'><strong>reddent,</strong></span> <span class='ocrx_word' id='word_1_56' title='bbox 1433 1282 1782 1346; x_wconf 83' lang='lat' dir='ltr'><strong>liberabunt,</strong></span> <span class='ocrx_word' id='word_1_57' title='bbox 1815 1287 1876 1337; x_wconf 90' lang='lat' dir='ltr'><strong>et</strong></span> <span class='ocrx_word' id='word_1_58' title='bbox 1906 1280 2398 1352; x_wconf 73' lang='lat' dir='ltr'><strong>transportabant,</strong></span> <span class='ocrx_word' id='word_1_59' title='bbox 2441 1280 2593 1351; x_wconf 88' lang='lat' dir='ltr'><strong>Regi</strong></span> <span class='ocrx_word' id='word_1_60' title='bbox 2629 1279 2873 1351; x_wconf 80' lang='lat' dir='ltr'><strong>Angliae</strong></span> <span class='ocrx_word' id='word_1_61' title='bbox 2897 1294 3029 1343; x_wconf 58' lang='grc' dir='ltr'><strong>Νη</strong></span> 
     </span>
     <span class='ocr_line' id='line_1_7' title="bbox 773 1360 3107 1436; baseline -0.005 -10"><span class='ocrx_word' id='word_1_62' title='bbox 773 1373 813 1399; x_wconf 85' lang='grc'><strong><em>“</em></strong></span> <span class='ocrx_word' id='word_1_63' title='bbox 852 1376 913 1425; x_wconf 91' lang='lat' dir='ltr'><strong>et</strong></span> <span class='ocrx_word' id='word_1_64' title='bbox 947 1368 1276 1424; x_wconf 80' lang='lat' dir='ltr'><strong>haeredibus</strong></span> <span class='ocrx_word' id='word_1_65' title='bbox 1315 1368 1457 1431; x_wconf 89' lang='lat' dir='ltr'><strong>suis,</strong></span> <span class='ocrx_word' id='word_1_66' title='bbox 1497 1384 1697 1423; x_wconf 86' lang='lat' dir='ltr'><strong>omnes</strong></span> <span class='ocrx_word' id='word_1_67' title='bbox 1735 1366 2112 1430; x_wconf 84' lang='lat' dir='ltr'><strong>obedientias,</strong></span> <span class='ocrx_word' id='word_1_68' title='bbox 2150 1365 2442 1436; x_wconf 86' lang='lat' dir='ltr'><strong>homagia,</strong></span> <span class='ocrx_word' id='word_1_69' title='bbox 2470 1364 2657 1428; x_wconf 84' lang='lat' dir='ltr'><strong>seoda,</strong></span> <span class='ocrx_word' id='word_1_70' title='bbox 2688 1362 2872 1434; x_wconf 85' lang='lat' dir='ltr'><strong>justi·</strong></span> <span class='ocrx_word' id='word_1_71' title='bbox 2896 1360 3107 1430; x_wconf 73' lang='lat' dir='ltr'><strong>Bymer.</strong></span> 
     </span>
     <span class='ocr_line' id='line_1_8' title="bbox 771 1447 2870 1522; baseline -0.003 -13"><span class='ocrx_word' id='word_1_72' title='bbox 771 1456 812 1482; x_wconf 89' lang='lat'><strong>“</strong></span> <span class='ocrx_word' id='word_1_73' title='bbox 847 1453 982 1518; x_wconf 84' lang='lat' dir='ltr'><strong>tias,</strong></span> <span class='ocrx_word' id='word_1_74' title='bbox 1043 1450 1489 1522; x_wconf 84' lang='lat' dir='ltr'><strong>recognitiones,</strong></span> <span class='ocrx_word' id='word_1_75' title='bbox 1537 1449 2000 1521; x_wconf 86' lang='lat' dir='ltr'><strong>jurisdictiones,</strong></span> <span class='ocrx_word' id='word_1_76' title='bbox 2063 1454 2404 1519; x_wconf 86' lang='lat' dir='ltr'><strong>patronatus</strong></span> <span class='ocrx_word' id='word_1_77' title='bbox 2464 1447 2870 1512; x_wconf 86' lang='lat' dir='ltr'><strong>ecclesiarum,</strong></span> 
     </span>
    </p>

    <p class='ocr_par' dir='ltr' id='par_1_3' title="bbox 769 1531 2876 4373">
     <span class='ocr_line' id='line_1_9' title="bbox 771 1531 2869 1604; baseline -0.003 -12"><span class='ocrx_word' id='word_1_78' title='bbox 771 1539 813 1564; x_wconf 88' lang='lat'><strong>“</strong></span> <span class='ocrx_word' id='word_1_79' title='bbox 849 1534 1208 1592; x_wconf 86' lang='lat' dir='ltr'><strong>omnimodas</strong></span> <span class='ocrx_word' id='word_1_80' title='bbox 1268 1533 1686 1589; x_wconf 79' lang='lat' dir='ltr'><strong>dominationes</strong></span> <span class='ocrx_word' id='word_1_81' title='bbox 1733 1539 1794 1589; x_wconf 88' lang='lat' dir='ltr'><strong>et</strong></span> <span class='ocrx_word' id='word_1_82' title='bbox 1839 1532 2296 1604; x_wconf 89' lang='lat' dir='ltr'><strong>superioritates,</strong></span> <span class='ocrx_word' id='word_1_83' title='bbox 2358 1538 2421 1588; x_wconf 89' lang='lat' dir='ltr'><strong>et</strong></span> <span class='ocrx_word' id='word_1_84' title='bbox 2476 1531 2670 1586; x_wconf 86' lang='lat' dir='ltr'><strong>omnia</strong></span> <span class='ocrx_word' id='word_1_85' title='bbox 2707 1531 2869 1602; x_wconf 85' lang='lat' dir='ltr'><strong>jura,</strong></span> 
     </span>
     <span class='ocr_line' id='line_1_10' title="bbox 770 1616 2869 1711; baseline -0.002 -36"><span class='ocrx_word' id='word_1_86' title='bbox 770 1623 810 1648; x_wconf 76' lang='lat'><strong>‘⁴</strong></span> <span class='ocrx_word' id='word_1_87' title='bbox 849 1638 980 1692; x_wconf 79' lang='lat' dir='ltr'><strong>quoe</strong></span> <span class='ocrx_word' id='word_1_88' title='bbox 1025 1617 1242 1674; x_wconf 89' lang='lat' dir='ltr'><strong>habent</strong></span> <span class='ocrx_word' id='word_1_89' title='bbox 1285 1617 1382 1673; x_wconf 81' lang='lat' dir='ltr'><strong>vel</strong></span> <span class='ocrx_word' id='word_1_90' title='bbox 1415 1617 1628 1672; x_wconf 87' lang='lat' dir='ltr'><strong>habere</strong></span> <span class='ocrx_word' id='word_1_91' title='bbox 1664 1617 1960 1689; x_wconf 87' lang='lat' dir='ltr'><strong>potuerint</strong></span> <span class='ocrx_word' id='word_1_92' title='bbox 1991 1616 2055 1671; x_wconf 90' lang='lat' dir='ltr'><strong>in</strong></span> <span class='ocrx_word' id='word_1_93' title='bbox 2088 1616 2384 1689; x_wconf 88' lang='lat' dir='ltr'><strong>praedictis</strong></span> <span class='ocrx_word' id='word_1_94' title='bbox 2418 1616 2613 1679; x_wconf 85' lang='lat' dir='ltr'><strong>terris,</strong></span> <span class='ocrx_word' id='word_1_95' title='bbox 2638 1616 2869 1711; x_wconf 73' lang='lat' dir='ltr'><strong>patriis,</strong></span> 
     </span>
     <span class='ocr_line' id='line_1_11' title="bbox 770 1699 2871 1771; baseline -0.003 -11"><span class='ocrx_word' id='word_1_96' title='bbox 770 1705 811 1732; x_wconf 78' lang='lat'><strong>‘⁶</strong></span> <span class='ocrx_word' id='word_1_97' title='bbox 846 1703 1028 1768; x_wconf 76' lang='lat' dir='ltr'><strong>vinis,</strong></span> <span class='ocrx_word' id='word_1_98' title='bbox 1097 1710 1159 1758; x_wconf 89' lang='lat' dir='ltr'><strong>et</strong></span> <span class='ocrx_word' id='word_1_99' title='bbox 1225 1700 1402 1756; x_wconf 89' lang='lat' dir='ltr'><strong>rebus</strong></span> <span class='ocrx_word' id='word_1_100' title='bbox 1467 1701 1617 1757; x_wconf 88' lang='lat' dir='ltr'><strong>aliis.</strong></span> <span class='ocrx_word' id='word_1_101' title='bbox 1706 1700 1787 1756; x_wconf 84' lang='lat' dir='ltr'><strong>Et</strong></span> <span class='ocrx_word' id='word_1_102' title='bbox 1843 1700 2080 1756; x_wconf 87' lang='lat' dir='ltr'><strong>mittent</strong></span> <span class='ocrx_word' id='word_1_103' title='bbox 2139 1700 2214 1756; x_wconf 86' lang='lat' dir='ltr'><strong>ad</strong></span> <span class='ocrx_word' id='word_1_104' title='bbox 2278 1717 2477 1756; x_wconf 88' lang='lat' dir='ltr'><strong>omnes</strong></span> <span class='ocrx_word' id='word_1_105' title='bbox 2539 1699 2871 1771; x_wconf 77' lang='lat' dir='ltr'><strong>superiores</strong></span> 
     </span>
     <span class='ocr_line' id='line_1_12' title="bbox 771 1785 2869 1857; baseline -0.002 -15"><span class='ocrx_word' id='word_1_106' title='bbox 771 1790 811 1815; x_wconf 77' lang='lat'><strong>‘⁸</strong></span> <span class='ocrx_word' id='word_1_107' title='bbox 850 1786 1247 1851; x_wconf 86' lang='lat' dir='ltr'><strong>ecclesiarum,</strong></span> <span class='ocrx_word' id='word_1_108' title='bbox 1299 1792 1361 1841; x_wconf 87' lang='lat' dir='ltr'><strong>et</strong></span> <span class='ocrx_word' id='word_1_109' title='bbox 1407 1785 1552 1840; x_wconf 89' lang='lat' dir='ltr'><strong>alios</strong></span> <span class='ocrx_word' id='word_1_110' title='bbox 1600 1785 1866 1841; x_wconf 90' lang='lat' dir='ltr'><strong>dominos</strong></span> <span class='ocrx_word' id='word_1_111' title='bbox 1912 1785 2259 1857; x_wconf 76' lang='lat' dir='ltr'><strong>temporales</strong></span> <span class='ocrx_word' id='word_1_112' title='bbox 2294 1790 2602 1849; x_wconf 82' lang='lat' dir='ltr'><strong>terrarum,</strong></span> <span class='ocrx_word' id='word_1_113' title='bbox 2652 1785 2869 1855; x_wconf 82' lang='lat' dir='ltr'><strong>patria·</strong></span> 
     </span>
     <span class='ocr_line' id='line_1_13' title="bbox 769 1867 2872 1941; baseline -0.001 -17"><span class='ocrx_word' id='word_1_114' title='bbox 769 1872 812 1898; x_wconf 75' lang='lat'><strong>‘⁴</strong></span> <span class='ocrx_word' id='word_1_115' title='bbox 852 1888 1007 1934; x_wconf 87' lang='lat' dir='ltr'><strong>rum,</strong></span> <span class='ocrx_word' id='word_1_116' title='bbox 1059 1868 1463 1933; x_wconf 75' lang='lat' dir='ltr'><strong>comitatuum,</strong></span> <span class='ocrx_word' id='word_1_117' title='bbox 1527 1875 1589 1924; x_wconf 92' lang='lat' dir='ltr'><strong>et</strong></span> <span class='ocrx_word' id='word_1_118' title='bbox 1643 1869 1905 1924; x_wconf 88' lang='lat' dir='ltr'><strong>locorum</strong></span> <span class='ocrx_word' id='word_1_119' title='bbox 1980 1867 2410 1941; x_wconf 80' lang='lat' dir='ltr'><strong>praedictorum‚</strong></span> <span class='ocrx_word' id='word_1_120' title='bbox 2471 1873 2541 1923; x_wconf 90' lang='lat' dir='ltr'><strong>ut</strong></span> <span class='ocrx_word' id='word_1_121' title='bbox 2597 1867 2872 1923; x_wconf 82' lang='lat' dir='ltr'><strong>obediant</strong></span> 
     </span>
     <span class='ocr_line' id='line_1_14' title="bbox 771 1951 2864 2024; baseline -0 -17"><span class='ocrx_word' id='word_1_122' title='bbox 771 1956 811 1981; x_wconf 90' lang='lat'><strong>“</strong></span> <span class='ocrx_word' id='word_1_123' title='bbox 850 1953 1005 2024; x_wconf 83' lang='lat' dir='ltr'><strong>Regi</strong></span> <span class='ocrx_word' id='word_1_124' title='bbox 1044 1952 1279 2023; x_wconf 81' lang='lat' dir='ltr'><strong>Angliae</strong></span> <span class='ocrx_word' id='word_1_125' title='bbox 1320 1958 1381 2008; x_wconf 91' lang='lat' dir='ltr'><strong>et</strong></span> <span class='ocrx_word' id='word_1_126' title='bbox 1424 1951 1775 2017; x_wconf 78' lang='lat' dir='ltr'><strong>haeredibus,</strong></span> <span class='ocrx_word' id='word_1_127' title='bbox 1823 1954 1975 2008; x_wconf 89' lang='lat' dir='ltr'><strong>sicut</strong></span> <span class='ocrx_word' id='word_1_128' title='bbox 2014 1952 2359 2008; x_wconf 81' lang='lat' dir='ltr'><strong>obediebant</strong></span> <span class='ocrx_word' id='word_1_129' title='bbox 2392 1952 2547 2022; x_wconf 90' lang='lat' dir='ltr'><strong>Regi</strong></span> <span class='ocrx_word' id='word_1_130' title='bbox 2582 1951 2864 2015; x_wconf 83' lang='lat' dir='ltr'><strong>Franeiae,</strong></span> 
     </span>
     <span class='ocr_line' id='line_1_15' title="bbox 773 2036 2863 2108; baseline 0 -18"><span class='ocrx_word' id='word_1_131' title='bbox 773 2040 812 2065; x_wconf 89' lang='lat'><strong>“</strong></span> <span class='ocrx_word' id='word_1_132' title='bbox 850 2044 912 2091; x_wconf 91' lang='lat' dir='ltr'><strong>et</strong></span> <span class='ocrx_word' id='word_1_133' title='bbox 949 2054 1057 2108; x_wconf 89' lang='lat' dir='ltr'><strong>per</strong></span> <span class='ocrx_word' id='word_1_134' title='bbox 1096 2054 1232 2092; x_wconf 85' lang='lat' dir='ltr'><strong>suas</strong></span> <span class='ocrx_word' id='word_1_135' title='bbox 1287 2036 1513 2092; x_wconf 86' lang='lat' dir='ltr'><strong>litteras</strong></span> <span class='ocrx_word' id='word_1_136' title='bbox 1553 2053 1616 2091; x_wconf 93' lang='lat' dir='ltr'><strong>se</strong></span> <span class='ocrx_word' id='word_1_137' title='bbox 1663 2036 2085 2107; x_wconf 85' lang='lat' dir='ltr'><strong>adquietabunt</strong></span> <span class='ocrx_word' id='word_1_138' title='bbox 2123 2036 2196 2091; x_wconf 87' lang='lat' dir='ltr'><strong>de</strong></span> <span class='ocrx_word' id='word_1_139' title='bbox 2237 2036 2504 2091; x_wconf 90' lang='lat' dir='ltr'><strong>omnibus</strong></span> <span class='ocrx_word' id='word_1_140' title='bbox 2555 2036 2863 2107; x_wconf 83' lang='lat' dir='ltr'><strong>homagiis,</strong></span> 
     </span>
     <span class='ocr_line' id='line_1_16' title="bbox 773 2119 2868 2192; baseline -0 -17"><span class='ocrx_word' id='word_1_141' title='bbox 773 2122 812 2147; x_wconf 77' lang='lat'><strong>‘⁴</strong></span> <span class='ocrx_word' id='word_1_142' title='bbox 851 2120 1057 2185; x_wconf 86' lang='lat' dir='ltr'><strong>feodis,</strong></span> <span class='ocrx_word' id='word_1_143' title='bbox 1143 2119 1419 2184; x_wconf 85' lang='lat' dir='ltr'><strong>servitiis,</strong></span> <span class='ocrx_word' id='word_1_144' title='bbox 1482 2119 1959 2192; x_wconf 82' lang='lat' dir='ltr'><strong>obligationibus,</strong></span> <span class='ocrx_word' id='word_1_145' title='bbox 2049 2120 2525 2191; x_wconf 88' lang='lat' dir='ltr'><strong>subjectionibus,</strong></span> <span class='ocrx_word' id='word_1_146' title='bbox 2610 2125 2673 2175; x_wconf 89' lang='lat' dir='ltr'><strong>et</strong></span> <span class='ocrx_word' id='word_1_147' title='bbox 2736 2137 2868 2191; x_wconf 86' lang='lat' dir='ltr'><strong>pro-</strong></span> 
     </span>
     <span class='ocr_line' id='line_1_17' title="bbox 773 2203 2866 2276; baseline -0.001 -17"><span class='ocrx_word' id='word_1_148' title='bbox 773 2207 813 2232; x_wconf 88' lang='lat'><strong>“</strong></span> <span class='ocrx_word' id='word_1_149' title='bbox 851 2203 1244 2269; x_wconf 83' lang='lat' dir='ltr'><strong>missionibus,</strong></span> <span class='ocrx_word' id='word_1_150' title='bbox 1307 2204 1477 2260; x_wconf 84' lang='lat' dir='ltr'><strong>factis</strong></span> <span class='ocrx_word' id='word_1_151' title='bbox 1537 2222 1644 2276; x_wconf 88' lang='lat' dir='ltr'><strong>per</strong></span> <span class='ocrx_word' id='word_1_152' title='bbox 1703 2205 1961 2276; x_wconf 78' lang='lat' dir='ltr'><strong>aliquem</strong></span> <span class='ocrx_word' id='word_1_153' title='bbox 2019 2223 2222 2261; x_wconf 86' lang='lat' dir='ltr'><strong>eorum</strong></span> <span class='ocrx_word' id='word_1_154' title='bbox 2292 2204 2448 2276; x_wconf 83' lang='lat' dir='ltr'><strong>Regi</strong></span> <span class='ocrx_word' id='word_1_155' title='bbox 2507 2211 2569 2260; x_wconf 91' lang='lat' dir='ltr'><strong>et</strong></span> <span class='ocrx_word' id='word_1_156' title='bbox 2636 2220 2866 2258; x_wconf 79' lang='lat' dir='ltr'><strong>coronae</strong></span> 
     </span>
     <span class='ocr_line' id='line_1_18' title="bbox 774 2287 2866 2361; baseline -0 -18"><span class='ocrx_word' id='word_1_157' title='bbox 774 2291 813 2316; x_wconf 90' lang='lat'><strong>“</strong></span> <span class='ocrx_word' id='word_1_158' title='bbox 851 2288 1133 2343; x_wconf 80' lang='lat' dir='ltr'><strong>Francioe.</strong></span> <span class='ocrx_word' id='word_1_159' title='bbox 1230 2288 1310 2344; x_wconf 80' lang='lat' dir='ltr'><strong>Et</strong></span> <span class='ocrx_word' id='word_1_160' title='bbox 1378 2287 1504 2343; x_wconf 86' lang='lat' dir='ltr'><strong>Rex</strong></span> <span class='ocrx_word' id='word_1_161' title='bbox 1573 2288 1809 2360; x_wconf 84' lang='lat' dir='ltr'><strong>Angliae</strong></span> <span class='ocrx_word' id='word_1_162' title='bbox 1880 2289 2104 2344; x_wconf 87' lang='lat' dir='ltr'><strong>tenebit</strong></span> <span class='ocrx_word' id='word_1_163' title='bbox 2181 2288 2462 2361; x_wconf 66' lang='lat' dir='ltr'><strong>praedicta</strong></span> <span class='ocrx_word' id='word_1_164' title='bbox 2538 2288 2736 2343; x_wconf 86' lang='lat' dir='ltr'><strong>omnia</strong></span> <span class='ocrx_word' id='word_1_165' title='bbox 2803 2289 2866 2342; x_wconf 88' lang='lat' dir='ltr'><strong>in</strong></span> 
     </span>
     <span class='ocr_line' id='line_1_19' title="bbox 773 2371 2868 2444; baseline 0 -18"><span class='ocrx_word' id='word_1_166' title='bbox 773 2374 812 2400; x_wconf 76' lang='lat'><strong>‘⁴</strong></span> <span class='ocrx_word' id='word_1_167' title='bbox 850 2371 1106 2427; x_wconf 88' lang='lat' dir='ltr'><strong>dominio</strong></span> <span class='ocrx_word' id='word_1_168' title='bbox 1142 2378 1204 2427; x_wconf 89' lang='lat' dir='ltr'><strong>et</strong></span> <span class='ocrx_word' id='word_1_169' title='bbox 1239 2372 1302 2426; x_wconf 92' lang='lat' dir='ltr'><strong>in</strong></span> <span class='ocrx_word' id='word_1_170' title='bbox 1351 2372 1782 2443; x_wconf 85' lang='lat' dir='ltr'><strong>superioritate,</strong></span> <span class='ocrx_word' id='word_1_171' title='bbox 1824 2391 1956 2444; x_wconf 80' lang='lat' dir='ltr'><strong>quae</strong></span> <span class='ocrx_word' id='word_1_172' title='bbox 1994 2371 2056 2427; x_wconf 89' lang='lat' dir='ltr'><strong>in</strong></span> <span class='ocrx_word' id='word_1_173' title='bbox 2092 2373 2524 2444; x_wconf 82' lang='lat' dir='ltr'><strong>superioritate.</strong></span> <span class='ocrx_word' id='word_1_174' title='bbox 2613 2371 2680 2427; x_wconf 87' lang='lat' dir='ltr'><strong>Si</strong></span> <span class='ocrx_word' id='word_1_175' title='bbox 2725 2388 2868 2427; x_wconf 81' lang='lat' dir='ltr'><strong>vero</strong></span> 
     </span>
     <span class='ocr_line' id='line_1_20' title="bbox 773 2455 2862 2529; baseline 0 -19"><span class='ocrx_word' id='word_1_176' title='bbox 773 2458 812 2483; x_wconf 76' lang='lat'><strong>‘⁴</strong></span> <span class='ocrx_word' id='word_1_177' title='bbox 851 2456 1187 2512; x_wconf 86' lang='lat' dir='ltr'><strong>donationes</strong></span> <span class='ocrx_word' id='word_1_178' title='bbox 1209 2455 1441 2526; x_wconf 83' lang='lat' dir='ltr'><strong>aliquae,</strong></span> <span class='ocrx_word' id='word_1_179' title='bbox 1469 2456 1865 2522; x_wconf 83' lang='lat' dir='ltr'><strong>alienationes,</strong></span> <span class='ocrx_word' id='word_1_180' title='bbox 1893 2456 2297 2529; x_wconf 85' lang='lat' dir='ltr'><strong>obligationes,</strong></span> <span class='ocrx_word' id='word_1_181' title='bbox 2331 2457 2428 2512; x_wconf 81' lang='lat' dir='ltr'><strong>vel</strong></span> <span class='ocrx_word' id='word_1_182' title='bbox 2450 2456 2650 2527; x_wconf 83' lang='lat' dir='ltr'><strong>aliqua</strong></span> <span class='ocrx_word' id='word_1_183' title='bbox 2670 2473 2862 2521; x_wconf 87' lang='lat' dir='ltr'><strong>onera,</strong></span> 
     </span>
     <span class='ocr_line' id='line_1_21' title="bbox 772 2539 2869 2612; baseline 0 -18"><span class='ocrx_word' id='word_1_184' title='bbox 772 2541 810 2567; x_wconf 91' lang='lat'><strong>“</strong></span> <span class='ocrx_word' id='word_1_185' title='bbox 848 2539 1062 2595; x_wconf 83' lang='lat' dir='ltr'><strong>fiebant</strong></span> <span class='ocrx_word' id='word_1_186' title='bbox 1083 2539 1494 2611; x_wconf 82' lang='lat' dir='ltr'><strong>praedictorum</strong></span> <span class='ocrx_word' id='word_1_187' title='bbox 1517 2557 1623 2611; x_wconf 87' lang='lat' dir='ltr'><strong>per</strong></span> <span class='ocrx_word' id='word_1_188' title='bbox 1642 2539 1899 2612; x_wconf 84' lang='lat' dir='ltr'><strong>aliquem</strong></span> <span class='ocrx_word' id='word_1_189' title='bbox 1918 2540 2144 2612; x_wconf 85' lang='lat' dir='ltr'><strong>Regem</strong></span> <span class='ocrx_word' id='word_1_190' title='bbox 2162 2541 2426 2596; x_wconf 79' lang='lat' dir='ltr'><strong>Franciae</strong></span> <span class='ocrx_word' id='word_1_191' title='bbox 2444 2559 2482 2596; x_wconf 90' lang='lat' dir='ltr'><strong>a</strong></span> <span class='ocrx_word' id='word_1_192' title='bbox 2498 2539 2869 2612; x_wconf 87' lang='lat' dir='ltr'><strong>septuaginta</strong></span> 
     </span>
     <span class='ocr_line' id='line_1_22' title="bbox 773 2623 2864 2697; baseline 0 -19"><span class='ocrx_word' id='word_1_193' title='bbox 773 2626 812 2651; x_wconf 89' lang='lat'><strong>“</strong></span> <span class='ocrx_word' id='word_1_194' title='bbox 851 2623 1051 2679; x_wconf 86' lang='lat' dir='ltr'><strong>¹annis</strong></span> <span class='ocrx_word' id='word_1_195' title='bbox 1104 2640 1292 2694; x_wconf 90' lang='lat' dir='ltr'><strong>usque</strong></span> <span class='ocrx_word' id='word_1_196' title='bbox 1346 2642 1520 2689; x_wconf 89' lang='lat' dir='ltr'><strong>nunc,</strong></span> <span class='ocrx_word' id='word_1_197' title='bbox 1588 2624 1754 2697; x_wconf 72' lang='lat' dir='ltr'><strong>nulla</strong></span> <span class='ocrx_word' id='word_1_198' title='bbox 1798 2630 1989 2690; x_wconf 88' lang='lat' dir='ltr'><strong>erunt,</strong></span> <span class='ocrx_word' id='word_1_199' title='bbox 2038 2631 2102 2681; x_wconf 91' lang='lat' dir='ltr'><strong>et</strong></span> <span class='ocrx_word' id='word_1_200' title='bbox 2144 2643 2240 2681; x_wconf 88' lang='lat' dir='ltr'><strong>res</strong></span> <span class='ocrx_word' id='word_1_201' title='bbox 2288 2625 2572 2690; x_wconf 80' lang='lat' dir='ltr'><strong>alienatae,</strong></span> <span class='ocrx_word' id='word_1_202' title='bbox 2621 2623 2864 2688; x_wconf 68' lang='lat' dir='ltr'><strong>donatae,</strong></span> 
     </span>
     <span class='ocr_line' id='line_1_23' title="bbox 772 2706 2865 2781; baseline 0 -19"><span class='ocrx_word' id='word_1_203' title='bbox 772 2709 813 2735; x_wconf 73' lang='lat'><strong>‘⁸</strong></span> <span class='ocrx_word' id='word_1_204' title='bbox 852 2725 957 2763; x_wconf 90' lang='lat' dir='ltr'><strong>seu</strong></span> <span class='ocrx_word' id='word_1_205' title='bbox 1017 2713 1285 2772; x_wconf 81' lang='lat' dir='ltr'><strong>oneratae,</strong></span> <span class='ocrx_word' id='word_1_206' title='bbox 1348 2707 1668 2763; x_wconf 90' lang='lat' dir='ltr'><strong>reddentur</strong></span> <span class='ocrx_word' id='word_1_207' title='bbox 1713 2709 1870 2780; x_wconf 89' lang='lat' dir='ltr'><strong>Regi</strong></span> <span class='ocrx_word' id='word_1_208' title='bbox 1913 2709 2149 2781; x_wconf 85' lang='lat' dir='ltr'><strong>Anglioe</strong></span> <span class='ocrx_word' id='word_1_209' title='bbox 2207 2709 2358 2765; x_wconf 89' lang='lat' dir='ltr'><strong>citra</strong></span> <span class='ocrx_word' id='word_1_210' title='bbox 2403 2709 2620 2764; x_wconf 82' lang='lat' dir='ltr'><strong>festum</strong></span> <span class='ocrx_word' id='word_1_211' title='bbox 2669 2706 2865 2762; x_wconf 81' lang='lat' dir='ltr'><strong>Sancti</strong></span> 
     </span>
     <span class='ocr_line' id='line_1_24' title="bbox 774 2791 2869 2865; baseline -0 -18"><span class='ocrx_word' id='word_1_212' title='bbox 774 2794 813 2820; x_wconf 77' lang='lat'><strong>‘⁴</strong></span> <span class='ocrx_word' id='word_1_213' title='bbox 850 2791 1155 2847; x_wconf 83' lang='lat' dir='ltr'><strong>Michaelis</strong></span> <span class='ocrx_word' id='word_1_214' title='bbox 1179 2791 1441 2863; x_wconf 83' lang='lat' dir='ltr'><strong>proximo</strong></span> <span class='ocrx_word' id='word_1_215' title='bbox 1464 2793 1763 2859; x_wconf 84' lang='lat' dir='ltr'><strong>futurum;</strong></span> <span class='ocrx_word' id='word_1_216' title='bbox 1802 2800 2041 2865; x_wconf 87' lang='lat' dir='ltr'><strong>excepto</strong></span> <span class='ocrx_word' id='word_1_217' title='bbox 2078 2792 2234 2864; x_wconf 89' lang='lat' dir='ltr'><strong>quod</strong></span> <span class='ocrx_word' id='word_1_218' title='bbox 2270 2791 2668 2865; x_wconf 85' lang='lat' dir='ltr'><strong>supradictum</strong></span> <span class='ocrx_word' id='word_1_219' title='bbox 2690 2797 2783 2847; x_wconf 87' lang='lat' dir='ltr'><strong>est</strong></span> <span class='ocrx_word' id='word_1_220' title='bbox 2804 2793 2869 2845; x_wconf 90' lang='lat' dir='ltr'><strong>in</strong></span> 
     </span>
     <span class='ocr_line' id='line_1_25' title="bbox 770 2875 2863 2949; baseline -0 -20"><span class='ocrx_word' id='word_1_221' title='bbox 770 2877 811 2903; x_wconf 89' lang='lat'><strong>“</strong></span> <span class='ocrx_word' id='word_1_222' title='bbox 847 2875 1119 2931; x_wconf 85' lang='lat' dir='ltr'><strong>Articulo</strong></span> <span class='ocrx_word' id='word_1_223' title='bbox 1153 2875 1226 2930; x_wconf 89' lang='lat' dir='ltr'><strong>de</strong></span> <span class='ocrx_word' id='word_1_224' title='bbox 1264 2875 1530 2940; x_wconf 86' lang='lat' dir='ltr'><strong>Pontieu,</strong></span> <span class='ocrx_word' id='word_1_225' title='bbox 1572 2875 1729 2947; x_wconf 89' lang='lat' dir='ltr'><strong>quod</strong></span> <span class='ocrx_word' id='word_1_226' title='bbox 1786 2876 2153 2949; x_wconf 89' lang='lat' dir='ltr'><strong>permanebit</strong></span> <span class='ocrx_word' id='word_1_227' title='bbox 2209 2877 2272 2932; x_wconf 92' lang='lat' dir='ltr'><strong>in</strong></span> <span class='ocrx_word' id='word_1_228' title='bbox 2329 2877 2551 2932; x_wconf 81' lang='lat' dir='ltr'><strong>virtute</strong></span> <span class='ocrx_word' id='word_1_229' title='bbox 2612 2893 2748 2940; x_wconf 88' lang='lat' dir='ltr'><strong>sua;</strong></span> <span class='ocrx_word' id='word_1_230' title='bbox 2801 2879 2863 2928; x_wconf 88' lang='lat' dir='ltr'><strong>et</strong></span> 
     </span>
     <span class='ocr_line' id='line_1_26' title="bbox 774 2957 2866 3031; baseline -0.001 -17"><span class='ocrx_word' id='word_1_231' title='bbox 774 2962 814 2986; x_wconf 88' lang='lat'><strong>“</strong></span> <span class='ocrx_word' id='word_1_232' title='bbox 852 2960 1108 3031; x_wconf 85' lang='lat' dir='ltr'><strong>exceptis</strong></span> <span class='ocrx_word' id='word_1_233' title='bbox 1140 2959 1407 3014; x_wconf 89' lang='lat' dir='ltr'><strong>omnibus</strong></span> <span class='ocrx_word' id='word_1_234' title='bbox 1443 2959 1672 3016; x_wconf 87' lang='lat' dir='ltr'><strong>collatis</strong></span> <span class='ocrx_word' id='word_1_235' title='bbox 1708 2977 1813 3015; x_wconf 90' lang='lat' dir='ltr'><strong>seu</strong></span> <span class='ocrx_word' id='word_1_236' title='bbox 1848 2961 2112 3017; x_wconf 88' lang='lat' dir='ltr'><strong>alienatis</strong></span> <span class='ocrx_word' id='word_1_237' title='bbox 2144 2961 2219 3016; x_wconf 88' lang='lat' dir='ltr'><strong>ad</strong></span> <span class='ocrx_word' id='word_1_238' title='bbox 2248 2960 2544 3026; x_wconf 88' lang='lat' dir='ltr'><strong>ecclesias,</strong></span> <span class='ocrx_word' id='word_1_239' title='bbox 2584 2978 2714 3031; x_wconf 80' lang='lat' dir='ltr'><strong>quae</strong></span> <span class='ocrx_word' id='word_1_240' title='bbox 2746 2957 2866 3014; x_wconf 88' lang='lat' dir='ltr'><strong>illis</strong></span> 
     </span>
     <span class='ocr_line' id='line_1_27' title="bbox 775 3042 2868 3116; baseline -0.001 -18"><span class='ocrx_word' id='word_1_241' title='bbox 775 3045 813 3070; x_wconf 90' lang='lat'><strong>“</strong></span> <span class='ocrx_word' id='word_1_242' title='bbox 852 3043 1089 3113; x_wconf 87' lang='lat' dir='ltr'><strong>pacifice</strong></span> <span class='ocrx_word' id='word_1_243' title='bbox 1126 3042 1560 3114; x_wconf 88' lang='lat' dir='ltr'><strong>permanebunt.</strong></span> <span class='ocrx_word' id='word_1_244' title='bbox 1634 3043 1895 3100; x_wconf 87' lang='lat' dir='ltr'><strong>Habebit</strong></span> <span class='ocrx_word' id='word_1_245' title='bbox 1937 3046 2115 3100; x_wconf 89' lang='lat' dir='ltr'><strong>etiam</strong></span> <span class='ocrx_word' id='word_1_246' title='bbox 2150 3043 2277 3100; x_wconf 83' lang='lat' dir='ltr'><strong>Rex</strong></span> <span class='ocrx_word' id='word_1_247' title='bbox 2313 3044 2566 3116; x_wconf 82' lang='lat' dir='ltr'><strong>Angliae,</strong></span> <span class='ocrx_word' id='word_1_248' title='bbox 2616 3050 2678 3100; x_wconf 89' lang='lat' dir='ltr'><strong>et</strong></span> <span class='ocrx_word' id='word_1_249' title='bbox 2711 3048 2868 3098; x_wconf 87' lang='lat' dir='ltr'><strong>tene-</strong></span> 
     </span>
     <span class='ocr_line' id='line_1_28' title="bbox 778 3126 2871 3200; baseline 0 -20"><span class='ocrx_word' id='word_1_250' title='bbox 778 3128 816 3153; x_wconf 87' lang='lat'><strong><em>“</em></strong></span> <span class='ocrx_word' id='word_1_251' title='bbox 854 3126 959 3190; x_wconf 88' lang='lat' dir='ltr'><strong>bit,</strong></span> <span class='ocrx_word' id='word_1_252' title='bbox 1009 3127 1277 3186; x_wconf 67' lang='lat' dir='ltr'><strong>civitates</strong></span> <span class='ocrx_word' id='word_1_253' title='bbox 1313 3132 1376 3182; x_wconf 87' lang='lat' dir='ltr'><strong>et</strong></span> <span class='ocrx_word' id='word_1_254' title='bbox 1407 3128 1628 3197; x_wconf 85' lang='lat' dir='ltr'><strong>patrias</strong></span> <span class='ocrx_word' id='word_1_255' title='bbox 1676 3127 1966 3199; x_wconf 81' lang='lat' dir='ltr'><strong>praefatas,</strong></span> <span class='ocrx_word' id='word_1_256' title='bbox 2006 3146 2138 3199; x_wconf 83' lang='lat' dir='ltr'><strong>quae</strong></span> <span class='ocrx_word' id='word_1_257' title='bbox 2184 3128 2507 3200; x_wconf 88' lang='lat' dir='ltr'><strong>antiquitus</strong></span> <span class='ocrx_word' id='word_1_258' title='bbox 2544 3144 2658 3183; x_wconf 88' lang='lat' dir='ltr'><strong>non</strong></span> <span class='ocrx_word' id='word_1_259' title='bbox 2704 3131 2871 3181; x_wconf 84' lang='lat' dir='ltr'><strong>erant</strong></span> 
     </span>
     <span class='ocr_line' id='line_1_29' title="bbox 776 3208 2873 3281; baseline 0 -18"><span class='ocrx_word' id='word_1_260' title='bbox 776 3211 815 3237; x_wconf 87' lang='lat'><strong>“</strong></span> <span class='ocrx_word' id='word_1_261' title='bbox 853 3209 1037 3279; x_wconf 87' lang='lat' dir='ltr'><strong>Regis</strong></span> <span class='ocrx_word' id='word_1_262' title='bbox 1095 3208 1348 3281; x_wconf 81' lang='lat' dir='ltr'><strong>Angliae,</strong></span> <span class='ocrx_word' id='word_1_263' title='bbox 1405 3211 1560 3267; x_wconf 88' lang='lat' dir='ltr'><strong>sicut</strong></span> <span class='ocrx_word' id='word_1_264' title='bbox 1606 3210 1735 3266; x_wconf 86' lang='lat' dir='ltr'><strong>Rex</strong></span> <span class='ocrx_word' id='word_1_265' title='bbox 1785 3211 2048 3268; x_wconf 78' lang='lat' dir='ltr'><strong>Franciae</strong></span> <span class='ocrx_word' id='word_1_266' title='bbox 2101 3218 2203 3268; x_wconf 88' lang='lat' dir='ltr'><strong>aut</strong></span> <span class='ocrx_word' id='word_1_267' title='bbox 2260 3212 2417 3268; x_wconf 88' lang='lat' dir='ltr'><strong>filius</strong></span> <span class='ocrx_word' id='word_1_268' title='bbox 2477 3230 2618 3267; x_wconf 85' lang='lat' dir='ltr'><strong>suus</strong></span> <span class='ocrx_word' id='word_1_269' title='bbox 2678 3210 2873 3266; x_wconf 88' lang='lat' dir='ltr'><strong>senior</strong></span> 
     </span>
     <span class='ocr_line' id='line_1_30' title="bbox 776 3292 2867 3368; baseline 0 -20"><span class='ocrx_word' id='word_1_270' title='bbox 776 3295 817 3320; x_wconf 90' lang='lat'><strong>“</strong></span> <span class='ocrx_word' id='word_1_271' title='bbox 853 3298 1016 3348; x_wconf 90' lang='lat' dir='ltr'><strong>tenet</strong></span> <span class='ocrx_word' id='word_1_272' title='bbox 1049 3292 1112 3347; x_wconf 88' lang='lat' dir='ltr'><strong>in</strong></span> <span class='ocrx_word' id='word_1_273' title='bbox 1157 3294 1453 3365; x_wconf 68' lang='lat' dir='ltr'><strong>praesenti,</strong></span> <span class='ocrx_word' id='word_1_274' title='bbox 1504 3300 1567 3350; x_wconf 88' lang='lat' dir='ltr'><strong>et</strong></span> <span class='ocrx_word' id='word_1_275' title='bbox 1598 3295 1756 3351; x_wconf 87' lang='lat' dir='ltr'><strong>intra</strong></span> <span class='ocrx_word' id='word_1_276' title='bbox 1800 3295 2018 3352; x_wconf 88' lang='lat' dir='ltr'><strong>limites</strong></span> <span class='ocrx_word' id='word_1_277' title='bbox 2054 3296 2375 3368; x_wconf 86' lang='lat' dir='ltr'><strong>patriarum</strong></span> <span class='ocrx_word' id='word_1_278' title='bbox 2420 3294 2445 3327; x_wconf 72' lang='lat'><em>³</em></span> <span class='ocrx_word' id='word_1_279' title='bbox 2459 3295 2867 3367; x_wconf 63' lang='lat' dir='ltr'><strong>praedictarum</strong></span> 
     </span>
     <span class='ocr_line' id='line_1_31' title="bbox 775 3376 2868 3452; baseline 0 -21"><span class='ocrx_word' id='word_1_280' title='bbox 775 3378 817 3404; x_wconf 89' lang='lat'><strong>“</strong></span> <span class='ocrx_word' id='word_1_281' title='bbox 856 3394 987 3446; x_wconf 82' lang='lat' dir='ltr'><strong>quae</strong></span> <span class='ocrx_word' id='word_1_282' title='bbox 1023 3376 1097 3432; x_wconf 85' lang='lat' dir='ltr'><strong>ab</strong></span> <span class='ocrx_word' id='word_1_283' title='bbox 1131 3377 1370 3449; x_wconf 88' lang='lat' dir='ltr'><strong>antiquo</strong></span> <span class='ocrx_word' id='word_1_284' title='bbox 1425 3387 1591 3435; x_wconf 90' lang='lat' dir='ltr'><strong>erant</strong></span> <span class='ocrx_word' id='word_1_285' title='bbox 1639 3379 1825 3450; x_wconf 87' lang='lat' dir='ltr'><strong>Regis</strong></span> <span class='ocrx_word' id='word_1_286' title='bbox 1861 3379 2112 3451; x_wconf 82' lang='lat' dir='ltr'><strong>Angliae,</strong></span> <span class='ocrx_word' id='word_1_287' title='bbox 2166 3398 2300 3436; x_wconf 87' lang='lat' dir='ltr'><strong>cum</strong></span> <span class='ocrx_word' id='word_1_288' title='bbox 2348 3379 2643 3452; x_wconf 86' lang='lat' dir='ltr'><strong>aliquibus</strong></span> <span class='ocrx_word' id='word_1_289' title='bbox 2692 3378 2868 3433; x_wconf 89' lang='lat' dir='ltr'><strong>rebus</strong></span> 
     </span>
     <span class='ocr_line' id='line_1_32' title="bbox 774 3461 2871 3534; baseline 0.003 -21"><span class='ocrx_word' id='word_1_290' title='bbox 774 3462 817 3487; x_wconf 85' lang='lat'><strong>“</strong></span> <span class='ocrx_word' id='word_1_291' title='bbox 857 3478 987 3531; x_wconf 86' lang='lat' dir='ltr'><strong>quae</strong></span> <span class='ocrx_word' id='word_1_292' title='bbox 1023 3461 1335 3531; x_wconf 87' lang='lat' dir='ltr'><strong>aliquando</strong></span> <span class='ocrx_word' id='word_1_293' title='bbox 1382 3462 1647 3534; x_wconf 88' lang='lat' dir='ltr'><strong>ejusdem</strong></span> <span class='ocrx_word' id='word_1_294' title='bbox 1697 3464 1945 3530; x_wconf 81' lang='lat' dir='ltr'><strong>fuerant,</strong></span> <span class='ocrx_word' id='word_1_295' title='bbox 1984 3463 2141 3519; x_wconf 90' lang='lat' dir='ltr'><strong>unde</strong></span> <span class='ocrx_word' id='word_1_296' title='bbox 2173 3464 2298 3520; x_wconf 88' lang='lat' dir='ltr'><strong>Rex</strong></span> <span class='ocrx_word' id='word_1_297' title='bbox 2346 3464 2609 3520; x_wconf 70' lang='lat' dir='ltr'><strong>Francius</strong></span> <span class='ocrx_word' id='word_1_298' title='bbox 2643 3463 2707 3518; x_wconf 91' lang='lat' dir='ltr'><strong>in</strong></span> <span class='ocrx_word' id='word_1_299' title='bbox 2739 3480 2871 3534; x_wconf 86' lang='lat' dir='ltr'><strong>pos·</strong></span> 
     </span>
     <span class='ocr_line' id='line_1_33' title="bbox 775 3544 2873 3620; baseline 0.001 -21"><span class='ocrx_word' id='word_1_300' title='bbox 775 3545 819 3571; x_wconf 89' lang='lat'><strong>“</strong></span> <span class='ocrx_word' id='word_1_301' title='bbox 853 3544 1112 3600; x_wconf 88' lang='lat' dir='ltr'><strong>sessione</strong></span> <span class='ocrx_word' id='word_1_302' title='bbox 1134 3545 1448 3615; x_wconf 81' lang='lat' dir='ltr'><strong>praefuerat</strong></span> <span class='ocrx_word' id='word_1_303' title='bbox 1470 3547 1531 3600; x_wconf 90' lang='lat' dir='ltr'><strong>in</strong></span> <span class='ocrx_word' id='word_1_304' title='bbox 1555 3546 1650 3601; x_wconf 89' lang='lat' dir='ltr'><strong>die</strong></span> <span class='ocrx_word' id='word_1_305' title='bbox 1686 3546 1831 3602; x_wconf 86' lang='lat' dir='ltr'><strong>belli</strong></span> <span class='ocrx_word' id='word_1_306' title='bbox 1855 3547 1928 3602; x_wconf 91' lang='lat' dir='ltr'><strong>de</strong></span> <span class='ocrx_word' id='word_1_307' title='bbox 1951 3546 2241 3620; x_wconf 82' lang='lat' dir='ltr'><strong>Poytiers‚</strong></span> <span class='ocrx_word' id='word_1_308' title='bbox 2277 3554 2451 3604; x_wconf 91' lang='lat' dir='ltr'><strong>erunt</strong></span> <span class='ocrx_word' id='word_1_309' title='bbox 2483 3555 2545 3605; x_wconf 91' lang='lat' dir='ltr'><strong>et</strong></span> <span class='ocrx_word' id='word_1_310' title='bbox 2576 3563 2873 3620; x_wconf 87' lang='lat' dir='ltr'><strong>permane·</strong></span> 
     </span>
     <span class='ocr_line' id='line_1_34' title="bbox 778 3627 2875 3705; baseline 0.002 -23"><span class='ocrx_word' id='word_1_311' title='bbox 778 3630 817 3655; x_wconf 80' lang='lat'><strong>‘⁶</strong></span> <span class='ocrx_word' id='word_1_312' title='bbox 854 3628 1003 3683; x_wconf 88' lang='lat' dir='ltr'><strong>bunt</strong></span> <span class='ocrx_word' id='word_1_313' title='bbox 1054 3627 1207 3699; x_wconf 87' lang='lat' dir='ltr'><strong>Regi</strong></span> <span class='ocrx_word' id='word_1_314' title='bbox 1255 3629 1507 3701; x_wconf 86' lang='lat' dir='ltr'><strong>Angliae.</strong></span> <span class='ocrx_word' id='word_1_315' title='bbox 1596 3631 1724 3686; x_wconf 87' lang='lat' dir='ltr'><strong>Rex</strong></span> <span class='ocrx_word' id='word_1_316' title='bbox 1778 3649 2015 3703; x_wconf 88' lang='lat' dir='ltr'><strong>quoque</strong></span> <span class='ocrx_word' id='word_1_317' title='bbox 2064 3633 2297 3705; x_wconf 82' lang='lat' dir='ltr'><strong>Angliae</strong></span> <span class='ocrx_word' id='word_1_318' title='bbox 2351 3634 2546 3688; x_wconf 89' lang='lat' dir='ltr'><strong>omnia</strong></span> <span class='ocrx_word' id='word_1_319' title='bbox 2595 3630 2875 3703; x_wconf 70' lang='lat' dir='ltr'><strong>praedicta</strong></span> 
     </span>
     <span class='ocr_line' id='line_1_35' title="bbox 778 3711 2875 3789; baseline 0.001 -21"><span class='ocrx_word' id='word_1_320' title='bbox 778 3714 818 3740; x_wconf 77' lang='lat'><strong>‘⁴</strong></span> <span class='ocrx_word' id='word_1_321' title='bbox 856 3711 1077 3768; x_wconf 84' lang='lat' dir='ltr'><strong>tenebit</strong></span> <span class='ocrx_word' id='word_1_322' title='bbox 1108 3719 1384 3784; x_wconf 87' lang='lat' dir='ltr'><strong>tanquam</strong></span> <span class='ocrx_word' id='word_1_323' title='bbox 1413 3714 1642 3771; x_wconf 80' lang='lat' dir='ltr'><strong>vicinus</strong></span> <span class='ocrx_word' id='word_1_324' title='bbox 1667 3715 1851 3786; x_wconf 87' lang='lat' dir='ltr'><strong>Regis</strong></span> <span class='ocrx_word' id='word_1_325' title='bbox 1887 3716 2169 3782; x_wconf 81' lang='lat' dir='ltr'><strong>Franciae‚</strong></span> <span class='ocrx_word' id='word_1_326' title='bbox 2205 3716 2423 3789; x_wconf 88' lang='lat' dir='ltr'><strong>absque</strong></span> <span class='ocrx_word' id='word_1_327' title='bbox 2458 3732 2875 3788; x_wconf 83' lang='lat' dir='ltr'><strong>recognoscere</strong></span> 
     </span>
     <span class='ocr_line' id='line_1_36' title="bbox 779 3795 2875 3871; baseline 0.002 -21"><span class='ocrx_word' id='word_1_328' title='bbox 779 3797 817 3823; x_wconf 89' lang='lat'><strong>“</strong></span> <span class='ocrx_word' id='word_1_329' title='bbox 856 3795 1342 3867; x_wconf 86' lang='lat' dir='ltr'><strong>superioritatem,</strong></span> <span class='ocrx_word' id='word_1_330' title='bbox 1387 3798 1577 3853; x_wconf 86' lang='lat' dir='ltr'><strong>facere</strong></span> <span class='ocrx_word' id='word_1_331' title='bbox 1618 3799 1976 3871; x_wconf 87' lang='lat' dir='ltr'><strong>homagium,</strong></span> <span class='ocrx_word' id='word_1_332' title='bbox 2026 3806 2328 3866; x_wconf 89' lang='lat' dir='ltr'><strong>resortem,</strong></span> <span class='ocrx_word' id='word_1_333' title='bbox 2377 3801 2475 3857; x_wconf 80' lang='lat' dir='ltr'><strong>vel</strong></span> <span class='ocrx_word' id='word_1_334' title='bbox 2520 3800 2720 3871; x_wconf 84' lang='lat' dir='ltr'><strong>aliqua</strong></span> <span class='ocrx_word' id='word_1_335' title='bbox 2753 3817 2875 3856; x_wconf 88' lang='lat' dir='ltr'><strong>ser·</strong></span> 
     </span>
     <span class='ocr_line' id='line_1_37' title="bbox 775 3880 2869 3956; baseline 0.002 -22"><span class='ocrx_word' id='word_1_336' title='bbox 775 3882 817 3908; x_wconf 85' lang='lat'>“</span> <span class='ocrx_word' id='word_1_337' title='bbox 854 3880 1001 3934; x_wconf 84' lang='lat' dir='ltr'><strong>vitia</strong></span> <span class='ocrx_word' id='word_1_338' title='bbox 1057 3880 1193 3945; x_wconf 86' lang='lat' dir='ltr'><strong>alia,</strong></span> <span class='ocrx_word' id='word_1_339' title='bbox 1255 3898 1362 3937; x_wconf 88' lang='lat' dir='ltr'><strong>seu</strong></span> <span class='ocrx_word' id='word_1_340' title='bbox 1417 3883 1862 3954; x_wconf 89' lang='lat' dir='ltr'><strong>recognitiones,</strong></span> <span class='ocrx_word' id='word_1_341' title='bbox 1924 3885 2080 3956; x_wconf 91' lang='lat' dir='ltr'><strong>Regi</strong></span> <span class='ocrx_word' id='word_1_342' title='bbox 2144 3903 2249 3941; x_wconf 90' lang='lat' dir='ltr'><strong>seu</strong></span> <span class='ocrx_word' id='word_1_343' title='bbox 2305 3903 2531 3941; x_wconf 79' lang='lat' dir='ltr'><strong>coronae</strong></span> <span class='ocrx_word' id='word_1_344' title='bbox 2588 3884 2869 3940; x_wconf 78' lang='lat' dir='ltr'><strong>Franciae.</strong></span> 
     </span>
     <span class='ocr_line' id='line_1_38' title="bbox 777 3964 2874 4036; baseline 0.003 -18"><span class='ocrx_word' id='word_1_345' title='bbox 777 3967 817 3993; x_wconf 77' lang='lat'><strong>‘⁴</strong></span> <span class='ocrx_word' id='word_1_346' title='bbox 856 3964 981 4020; x_wconf 87' lang='lat' dir='ltr'><strong>Rex</strong></span> <span class='ocrx_word' id='word_1_347' title='bbox 1009 3964 1247 4036; x_wconf 87' lang='lat' dir='ltr'><strong>quidem</strong></span> <span class='ocrx_word' id='word_1_348' title='bbox 1269 3965 1530 4021; x_wconf 84' lang='lat' dir='ltr'><strong>Franciae</strong></span> <span class='ocrx_word' id='word_1_349' title='bbox 1565 3972 1626 4023; x_wconf 92' lang='lat' dir='ltr'><strong>et</strong></span> <span class='ocrx_word' id='word_1_350' title='bbox 1660 3967 1817 4023; x_wconf 86' lang='lat' dir='ltr'><strong>filius</strong></span> <span class='ocrx_word' id='word_1_351' title='bbox 1853 3987 1995 4024; x_wconf 87' lang='lat' dir='ltr'><strong>suus</strong></span> <span class='ocrx_word' id='word_1_352' title='bbox 2032 3970 2226 4025; x_wconf 88' lang='lat' dir='ltr'><strong>senior</strong></span> <span class='ocrx_word' id='word_1_353' title='bbox 2251 3968 2675 4025; x_wconf 77' lang='lat' dir='ltr'><strong>renunciabant</strong></span> <span class='ocrx_word' id='word_1_354' title='bbox 2702 3968 2874 4024; x_wconf 80' lang='lat' dir='ltr'><strong>diotae</strong></span> 
     </span>
     <span class='ocr_line' id='line_1_39' title="bbox 779 4048 2875 4125; baseline 0.003 -23"><span class='ocrx_word' id='word_1_355' title='bbox 779 4051 818 4076; x_wconf 90' lang='lat'><strong>“</strong></span> <span class='ocrx_word' id='word_1_356' title='bbox 855 4048 1084 4113; x_wconf 88' lang='lat' dir='ltr'><strong>resorti,</strong></span> <span class='ocrx_word' id='word_1_357' title='bbox 1138 4049 1556 4121; x_wconf 84' lang='lat' dir='ltr'><strong>superioritati,</strong></span> <span class='ocrx_word' id='word_1_358' title='bbox 1610 4059 1672 4107; x_wconf 91' lang='lat' dir='ltr'><strong>et</strong></span> <span class='ocrx_word' id='word_1_359' title='bbox 1717 4051 1842 4123; x_wconf 87' lang='lat' dir='ltr'><strong>juri</strong></span> <span class='ocrx_word' id='word_1_360' title='bbox 1879 4070 2011 4123; x_wconf 78' lang='lat' dir='ltr'><strong>quse</strong></span> <span class='ocrx_word' id='word_1_361' title='bbox 2047 4053 2279 4120; x_wconf 87' lang='lat' dir='ltr'><strong>habent,</strong></span> <span class='ocrx_word' id='word_1_362' title='bbox 2317 4054 2414 4109; x_wconf 81' lang='lat' dir='ltr'><strong>vel</strong></span> <span class='ocrx_word' id='word_1_363' title='bbox 2465 4053 2679 4109; x_wconf 86' lang='lat' dir='ltr'><strong>habere</strong></span> <span class='ocrx_word' id='word_1_364' title='bbox 2713 4059 2875 4125; x_wconf 91' lang='lat' dir='ltr'><strong>pote-</strong></span> 
     </span>
     <span class='ocr_line' id='line_1_40' title="bbox 778 4134 2869 4208; baseline 0.001 -21"><span class='ocrx_word' id='word_1_365' title='bbox 778 4134 817 4160; x_wconf 87' lang='lat'><strong>“</strong></span> <span class='ocrx_word' id='word_1_366' title='bbox 855 4137 1010 4197; x_wconf 85' lang='lat' dir='ltr'><strong>runt,</strong></span> <span class='ocrx_word' id='word_1_367' title='bbox 1051 4151 1182 4204; x_wconf 81' lang='lat' dir='ltr'><strong>quae</strong></span> <span class='ocrx_word' id='word_1_368' title='bbox 1217 4135 1493 4205; x_wconf 85' lang='lat' dir='ltr'><strong>praesenti</strong></span> <span class='ocrx_word' id='word_1_369' title='bbox 1534 4140 1793 4191; x_wconf 79' lang='lat' dir='ltr'><strong>tractatu</strong></span> <span class='ocrx_word' id='word_1_370' title='bbox 1829 4136 2042 4192; x_wconf 89' lang='lat' dir='ltr'><strong>debent</strong></span> <span class='ocrx_word' id='word_1_371' title='bbox 2087 4138 2379 4208; x_wconf 89' lang='lat' dir='ltr'><strong>pertinere</strong></span> <span class='ocrx_word' id='word_1_372' title='bbox 2427 4137 2581 4208; x_wconf 87' lang='lat' dir='ltr'><strong>Regi</strong></span> <span class='ocrx_word' id='word_1_373' title='bbox 2614 4136 2869 4207; x_wconf 85' lang='lat' dir='ltr'><strong>Angliae.</strong></span> 
     </span>
     <span class='ocr_line' id='line_1_41' title="bbox 777 4216 2876 4291; baseline 0.001 -18"><span class='ocrx_word' id='word_1_374' title='bbox 777 4217 819 4243; x_wconf 91' lang='lat'><strong>“</strong></span> <span class='ocrx_word' id='word_1_375' title='bbox 858 4216 1161 4283; x_wconf 86' lang='lat' dir='ltr'><strong>Similiter,</strong></span> <span class='ocrx_word' id='word_1_376' title='bbox 1200 4216 1326 4273; x_wconf 87' lang='lat' dir='ltr'><strong>Rex</strong></span> <span class='ocrx_word' id='word_1_377' title='bbox 1360 4218 1595 4290; x_wconf 82' lang='lat' dir='ltr'><strong>Angliae</strong></span> <span class='ocrx_word' id='word_1_378' title='bbox 1630 4218 1651 4251; x_wconf 84' lang='lat'><strong>³</strong></span> <span class='ocrx_word' id='word_1_379' title='bbox 1670 4217 1788 4291; x_wconf 88' lang='lat' dir='ltr'><strong>[ac]</strong></span> <span class='ocrx_word' id='word_1_380' title='bbox 1841 4220 1997 4276; x_wconf 89' lang='lat' dir='ltr'><strong>filius</strong></span> <span class='ocrx_word' id='word_1_381' title='bbox 2046 4239 2189 4277; x_wconf 88' lang='lat' dir='ltr'><strong>suus</strong></span> <span class='ocrx_word' id='word_1_382' title='bbox 2226 4223 2418 4278; x_wconf 89' lang='lat' dir='ltr'><strong>senior</strong></span> <span class='ocrx_word' id='word_1_383' title='bbox 2451 4219 2876 4276; x_wconf 79' lang='lat' dir='ltr'><strong>renunciabant</strong></span> 
     </span>
     <span class='ocr_line' id='line_1_42' title="bbox 777 4300 2871 4373; baseline 0.003 -19"><span class='ocrx_word' id='word_1_384' title='bbox 777 4301 817 4327; x_wconf 77' lang='lat'><strong>‘⁸</strong></span> <span class='ocrx_word' id='word_1_385' title='bbox 852 4300 1119 4356; x_wconf 89' lang='lat' dir='ltr'><strong>omnibus</strong></span> <span class='ocrx_word' id='word_1_386' title='bbox 1166 4318 1297 4373; x_wconf 76' lang='lat' dir='ltr'><strong>quse</strong></span> <span class='ocrx_word' id='word_1_387' title='bbox 1350 4318 1457 4372; x_wconf 87' lang='lat' dir='ltr'><strong>per</strong></span> <span class='ocrx_word' id='word_1_388' title='bbox 1502 4308 1850 4373; x_wconf 81' lang='lat' dir='ltr'><strong>proesentem</strong></span> <span class='ocrx_word' id='word_1_389' title='bbox 1898 4310 2211 4361; x_wconf 87' lang='lat' dir='ltr'><strong>tractatum</strong></span> <span class='ocrx_word' id='word_1_390' title='bbox 2256 4322 2374 4361; x_wconf 88' lang='lat' dir='ltr'><strong>non</strong></span> <span class='ocrx_word' id='word_1_391' title='bbox 2419 4305 2505 4361; x_wconf 84' lang='lat' dir='ltr'><strong>eis</strong></span> <span class='ocrx_word' id='word_1_392' title='bbox 2538 4303 2871 4369; x_wconf 84' lang='lat' dir='ltr'><strong>traduntur,</strong></span> 
     </span>
    </p>
   </div>
   <div class='ocr_carea' id='block_1_3' title="bbox 773 4548 2875 4761">
    <p class='ocr_par' dir='ltr' id='par_1_4' title="bbox 773 4548 2875 4761">
     <span class='ocr_line' id='line_1_43' title="bbox 843 4548 2875 4624; baseline 0.004 -26"><span class='ocrx_word' id='word_1_393' title='bbox 843 4550 857 4580; x_wconf 83' lang='lat'><strong>¹</strong></span> <span class='ocrx_word' id='word_1_394' title='bbox 881 4549 1060 4600; x_wconf 71' lang='grc' dir='ltr'><strong>ωικιιίσ</strong></span> <span class='ocrx_word' id='word_1_395' title='bbox 1077 4548 1134 4600; x_wconf 88' lang='lat' dir='ltr'><strong>in</strong></span> <span class='ocrx_word' id='word_1_396' title='bbox 1155 4550 1285 4617; x_wconf 81' lang='lat' dir='ltr'><strong>orig.</strong></span> <span class='ocrx_word' id='word_1_397' title='bbox 1929 4557 1949 4587; x_wconf 84' lang='lat'>⁸</span> <span class='ocrx_word' id='word_1_398' title='bbox 1973 4555 2213 4623; x_wconf 78' lang='lat' dir='ltr'><strong>supplied</strong></span> <span class='ocrx_word' id='word_1_399' title='bbox 2235 4559 2364 4609; x_wconf 71' lang='lat' dir='ltr'><strong>stom</strong></span> <span class='ocrx_word' id='word_1_400' title='bbox 2386 4558 2475 4611; x_wconf 84' lang='lat' dir='ltr'><strong>the</strong></span> <span class='ocrx_word' id='word_1_401' title='bbox 2495 4558 2695 4624; x_wconf 83' lang='lat' dir='ltr'><strong>printed</strong></span> <span class='ocrx_word' id='word_1_402' title='bbox 2734 4564 2875 4609; x_wconf 80' lang='lat' dir='ltr'><strong>texts</strong></span> 
     </span>
     <span class='ocr_line' id='line_1_44' title="bbox 773 4628 2671 4761; baseline 0.007 -83"><span class='ocrx_word' id='word_1_403' title='bbox 773 4628 1211 4761; x_wconf 50' lang='lat' dir='ltr'><strong>vezsscggmmm</strong></span> <span class='ocrx_word' id='word_1_404' title='bbox 1233 4631 1288 4681; x_wconf 89' lang='lat' dir='ltr'><strong>in</strong></span> <span class='ocrx_word' id='word_1_405' title='bbox 1321 4632 1475 4698; x_wconf 82' lang='lat' dir='ltr'><strong>orig.;</strong></span> <span class='ocrx_word' id='word_1_406' title='bbox 1515 4634 1588 4698; x_wconf 80' lang='lat' dir='ltr'><strong>by</strong></span> <span class='ocrx_word' id='word_1_407' title='bbox 1622 4632 1768 4685; x_wconf 83' lang='lat' dir='ltr'><strong>inad-</strong></span> <span class='ocrx_word' id='word_1_408' title='bbox 1867 4638 1968 4687; x_wconf 83' lang='lat' dir='ltr'><strong>and</strong></span> <span class='ocrx_word' id='word_1_409' title='bbox 1988 4636 2102 4690; x_wconf 81' lang='lat' dir='ltr'><strong>MS.</strong></span> <span class='ocrx_word' id='word_1_410' title='bbox 2125 4637 2259 4690; x_wconf 83' lang='lat' dir='ltr'><strong>Bibl.</strong></span> <span class='ocrx_word' id='word_1_411' title='bbox 2282 4638 2411 4704; x_wconf 81' lang='lat' dir='ltr'><strong>Reg.</strong></span> <span class='ocrx_word' id='word_1_412' title='bbox 2439 4644 2501 4689; x_wconf 82' lang='lat'><strong>18</strong></span> <span class='ocrx_word' id='word_1_413' title='bbox 2518 4639 2578 4691; x_wconf 80' lang='lat' dir='ltr'><strong>E.</strong></span> <span class='ocrx_word' id='word_1_414' title='bbox 2597 4638 2671 4690; x_wconf 83' lang='lat' dir='ltr'><strong>ix.</strong></span> 
     </span>
    </p>
   </div>
  </div>
 </body>
</html>
