3300 5617
719 766 806 828 44
1374 776 1635 827 'mcum
1681 777 2152 826 masmanna

383 968 523 1023 AD.
549 975 695 1023 1298.
715 965 980 1021 homines
1032 963 1202 1037 regni
1244 964 1355 1030 sui,
1404 965 1643 1021 veniant
1689 965 1765 1021 ad
1812 965 2054 1022 Curiam
2104 983 2313 1031 suam3
2363 970 2441 1031 et,
2503 962 2812 1022 declaratis
2836 970 3031 1022 Bishsn
3114 1009 3130 1023 .

716 1051 832 1106 sibi
883 1050 1065 1106 illatis
1116 1049 1364 1122 injuriis,
1404 1049 1531 1105 Rex
1567 1050 1655 1105 eis
1706 1049 1956 1106 celerem
2001 1050 2129 1105 fieri
2170 1050 2466 1123 justitiam
2498 1048 2810 1106 ordinabit.
2836 1038 2951 1090 ΜΒ·
2970 986 3116 1090 Βὶἱῗ

715 1134 883 1204 Quod
918 1140 986 1191 ut
1020 1135 1282 1191 securius
1316 1133 1541 1206 possint
1574 1134 1785 1198 facere,
1825 1134 2267 1207 quibuscunque
2302 1133 2578 1205 conqueri
2611 1132 2810 1189 volen-
2833 1106 3051 1223 {effi-¹³
3125 1127 3132 1136 '

715 1218 874 1275 tibus
917 1219 1042 1273 Rex
1085 1218 1157 1274 de
1193 1217 1382 1274 eundo
1424 1223 1486 1273 et
1529 1216 1828 1274 redeundo
1873 1234 1979 1290 per
2017 1223 2234 1273 terram
2276 1217 2291 1250 ¹
2320 1215 2539 1289 [suam]
2578 1217 2812 1274 salvum

713 1302 878 1358 dabit
912 1302 1278 1358 conductum.
1354 1299 1521 1370 Quod
1556 1301 1607 1357 si
1661 1301 1773 1357 hoc
1820 1300 1974 1373 Regi
2020 1300 2377 1358 Francorum
2411 1319 2526 1357 non
2560 1301 2806 1374 placeat,

712 1387 1007 1459 eligantur
1052 1386 1188 1442 hinc
1242 1384 1378 1441 inde
1436 1386 1663 1452 arbita-i,
1726 1386 1850 1457 qui,
1899 1388 2158 1458 pensatis
2214 1386 2444 1443 damnis
2500 1387 2810 1457 utriusque

710 1471 914 1543 partis,
984 1470 1328 1542 provideant
1385 1468 1673 1541 quomodo
1738 1470 2175 1541 querelantibus
2232 1470 2511 1537 satisfiat3
2579 1476 2640 1527 et
2686 1470 2812 1524 Rex

710 1554 1039 1626 Anglorum
1100 1553 1257 1609 dicto
1317 1570 1538 1618 eorum,
1607 1558 1670 1608 et
1727 1553 1921 1619 laudo,
1973 1554 2083 1610 sub
2131 1561 2294 1611 certa
2344 1554 2697 1625 obligatione
2747 1571 2812 1610 se

712 1638 1047 1704 submittet;
1087 1637 1229 1693 dum
1262 1643 1459 1693 tamen
1494 1637 1621 1692 Rex
1657 1636 2014 1694 Francorum
2050 1655 2114 1694 se
2150 1639 2459 1695 submittat
2497 1645 2559 1695 et
2591 1638 2816 1711 obliget

710 1722 838 1795 pari
874 1721 1061 1778 mode.
1153 1722 1219 1777 Si
1267 1739 1409 1777 vero
1458 1721 1685 1792 aliquid
1718 1728 2006 1787 occurrat,
2044 1729 2167 1778 tam
2203 1722 2452 1778 ardumn
2505 1721 2662 1792 quod
2709 1740 2815 1795 per

709 1806 959 1862 arbitros
998 1805 1249 1862 discindi
1282 1811 1553 1877 nequeat,
1593 1804 1995 1861 diffiniendum
2018 1805 2284 1878 Regibus
2307 1811 2660 1862 reservetur.
2735 1806 2818 1862 Et

709 1890 836 1945 Rex
868 1889 1124 1961 Angliae,
1162 1888 1363 1944 habito
1408 1888 1710 1953 conductu,
1750 1887 1826 1943 ad
1861 1889 2086 1960 Regem
2122 1888 2404 1955 Franciae,
2444 1890 2816 1946 accedentem

709 1973 785 2029 ad
833 1974 1090 2046 aliquam
1133 1972 1341 2028 villam
1391 1972 1767 2037 maritimam,
1793 1973 2023 2040 veniet;
2075 1979 2137 2029 et
2193 1973 2267 2029 de
2319 1991 2562 2030 assensu
2608 1981 2814 2030 mutuo

708 2058 841 2116 finis
877 2057 1113 2129 negotio
1153 2056 1502 2128 imponatur.
1592 2055 1762 2125 Quod
1807 2057 1860 2112 si
1908 2074 2017 2113 nec
2066 2057 2227 2114 istud
2276 2058 2404 2114 Rex
2453 2058 2812 2115 Francorum

709 2142 1116 2214 acceptaverit,
1169 2142 1233 2196 in
1282 2138 1592 2195 Summum
1642 2140 2006 2206 Pontificem,
2060 2142 2229 2214 cujus
2280 2149 2375 2199 est
2421 2142 2577 2198 inter
2636 2160 2812 2214 reges

709 2233 770 2282 et
814 2243 1000 2298 regna
1048 2241 1252 2297 pacem
1298 2224 1513 2290 fovere,
1558 2224 1915 2279 tranferatur
1963 2224 2037 2280 de
2087 2243 2332 2282 assensu
2381 2233 2586 2283 mutuo
2631 2244 2810 2298 nego·

707 2311 895 2376 tium3
940 2309 1055 2375 vel,
1095 2310 1237 2381 quia
1268 2315 1409 2364 tunc
1441 2306 1609 2364 sedes
1649 2307 1850 2364 Sancti
1874 2308 2038 2365 Petri
2061 2310 2323 2376 vacabat,
2359 2310 2435 2366 ad
2470 2310 2810 2367 Oardinales

707 2411 908 2450 omnes
955 2392 1051 2450 vel
1093 2393 1352 2464 aliquosz
1403 2397 1473 2447 ut
1522 2391 1544 2421 ²
1558 2392 1683 2447 litis
1731 2398 1793 2447 et
1849 2392 2156 2449 discordiae
2216 2394 2487 2450 submota
2541 2395 2806 2460 materia,

706 2496 819 2551 pax
853 2478 1008 2534 inter
1042 2494 1141 2533 eos
1177 2482 1238 2532 et
1272 2493 1475 2532 eorum
1510 2476 1756 2548 populos
1791 2476 2080 2543 refloreat,
2118 2483 2189 2533 ut
2222 2477 2464 2535 solebat.

781 2562 1020 2635 Sprevit
1052 2562 1179 2617 hoec
1213 2559 1409 2616 omnia
1432 2560 1758 2616 Consilium
1781 2559 2067 2627 Francia,
2105 2579 2214 2618 nec
2248 2563 2497 2628 nunciis,
2521 2562 2810 2619 instanter

706 2647 1126 2719 flagitantibus,
1165 2645 1474 2718 dignatum
1510 2652 1604 2702 est
1647 2644 1876 2718 aliquid
1911 2646 2279 2717 respondere.
2354 2646 2525 2703 Misit
2557 2646 2808 2719 denique

704 2731 830 2787 Rex
854 2731 1211 2788 Francorum
1246 2731 1322 2787 ad
1357 2731 1656 2787 civitatem
1672 2730 2007 2801 Agermum,
2037 2748 2169 2802 quie
2204 2729 2282 2786 ad
2304 2730 2599 2788 Ducatum
2619 2732 2806 2804 Aqui·

703 2816 916 2872 tanniae
991 2821 1253 2887 spectare
1317 2814 1661 2880 dinoscitur,
1735 2814 1935 2886 ibique
2009 2815 2352 2870 nominatim
2423 2816 2594 2871 citari
2665 2816 2809 2872 fecit

706 2899 931 2971 Regem
964 2899 1219 2971 Angliae,
1270 2903 1339 2955 ut
1382 2898 1480 2953 die
1527 2905 1688 2954 certa
1721 2897 1987 2953 Parisius
2025 2907 2405 2969 compareret,
2447 2899 2522 2954 de
2570 2899 2806 2969 injuriis

705 2991 767 3039 et
798 2983 1214 3039 rebellionibus
1255 2983 1321 3038 in
1367 2987 1525 3038 terra
1558 2982 1731 3038 factis
1766 2981 2091 3038 Wasconiae
2138 3000 2545 3055 responsurus.
2619 2982 2805 3053 Quem

704 3067 780 3123 ad
815 3066 973 3123 diem
1007 3067 1310 3139 praefixum
1342 3084 1461 3121 non
1496 3073 1947 3139 comparentem,
1998 3065 2126 3121 Rex
2160 3066 2537 3132 Francorum,
2576 3067 2638 3121 in
2672 3084 2804 3139 pro·

703 3151 834 3224 pria
866 3168 1115 3224 persona
1146 3169 1252 3223 pro
1288 3150 1571 3207 tribunali
1608 3150 1835 3216 sedens,
1865 3151 2214 3207 sententiam
2237 3151 2498 3222 protulit,
2533 3150 2804 3224 judicans

703 3237 767 3292 in
824 3236 1075 3292 defectu.
1162 3235 1416 3308 Moxque
1473 3237 1757 3308 praecepit
1791 3234 2236 3293 constabulario
2293 3234 2577 3300 Francius,
2628 3240 2697 3291 ut
2741 3235 2806 3290 in

703 3339 880 3377 manu
913 3326 1139 3377 armata
1181 3321 1552 3392 proficiscens
1594 3320 1889 3376 Ducatum
1923 3318 2298 3391 Aquitannioe
2344 3319 2529 3391 Regis
2553 3319 2804 3377 Franco-

701 3423 837 3460 rum
871 3405 1105 3459 nomine
1154 3412 1481 3477 occuparet,
1535 3411 1886 3477 caperetque
1938 3403 2035 3461 vel
2071 3405 2389 3475 expelleret
2429 3421 2804 3475 quoscunque

700 3506 808 3561 per
841 3488 1068 3560 Regem
1103 3487 1338 3560 Angliae
1373 3488 1537 3544 illius
1573 3487 1854 3544 custodiae
1886 3487 2213 3560 deputatos.
2289 3486 2595 3559 Siquidem
2627 3488 2802 3560 paulo

702 3578 836 3629 ante
870 3573 1113 3628 miserat
1145 3571 1288 3628 illuc
1325 3571 1455 3628 Rex
1492 3573 1728 3644 Angliae
1767 3571 1809 3627 J
1809 3572 2095 3627 ohannem
2134 3571 2209 3627 de
2259 3571 2472 3628 Sancto
2516 3573 2556 3628 J
2558 3573 2799 3639 ohanne,

700 3656 951 3712 militem
975 3655 1311 3720 discam,
1340 3657 1404 3712 in
1427 3658 1607 3713 armis
1631 3663 1955 3722 strenuum,
1983 3662 2044 3712 et
2065 3656 2129 3711 in
2161 3655 2339 3711 rebus
2377 3655 2605 3713 bellicis
2641 3674 2801 3713 exer·

700 3742 977 3809 citatum3
1034 3742 1138 3812 qui
1188 3742 1457 3798 civitates
1499 3747 1560 3796 et
1593 3746 1786 3797 castra
1829 3758 1935 3812 per
1982 3746 2171 3796 totum
2218 3739 2511 3796 Ducatum
2550 3742 2805 3798 munivit

699 3826 879 3882 armis
915 3832 977 3881 et
1008 3825 1383 3890 victualibus,
1424 3831 1484 3881 et
1517 3826 1665 3881 viris
1701 3825 1957 3882 strenuis
1993 3824 2069 3880 ad
2102 3824 2455 3881 bellandum.

768 3909 897 3964 Rex
942 3909 1273 3981 Anglorum
1323 3909 1512 3965 adhuc
1566 3915 1840 3980 satagens
1891 3908 2076 3980 Regis
2126 3908 2486 3965 Francorum
2542 3909 2802 3965 animum

699 3992 981 4059 emollire,
1020 3993 1320 4049 mandavit
1355 4010 1632 4064 germano
1669 4011 1774 4049 suo
1809 3992 2135 4059 Edmundo,
2177 3994 2279 4065 qui
2316 3999 2456 4049 tunc
2493 3993 2555 4049 in
2591 3993 2800 4050 Galliis

697 4078 1049 4144 morabatur,
1087 4085 1159 4134 ut
1180 4077 1507 4134 Consilium
1542 4077 1807 4133 Franciae
1831 4076 2051 4142 adiens,
2090 4076 2164 4132 de
2199 4077 2399 4150 aliqua
2420 4078 2609 4133 forma
2639 4078 2801 4149 pacis

697 4163 1047 4234 provideret,
1102 4180 1235 4234 quae
1292 4162 1448 4234 Regi
1502 4161 1858 4218 Francorum
1910 4162 2063 4218 foret
2112 4161 2344 4233 placita,
2402 4168 2464 4218 et
2514 4162 2630 4218 sibi
2685 4177 2801 4218 non

696 4247 945 4302 nimium
979 4246 1299 4303 inhonesta.
1376 4245 1489 4315 Qui
1524 4251 1660 4318 post
1692 4251 1975 4302 tractatus
2010 4246 2245 4313 multos,
2284 4247 2506 4303 frustra
2549 4246 2796 4313 habitos,

696 4331 812 4388 iter
858 4348 1066 4387 versus
1112 4329 1393 4403 Angliam
1444 4331 1714 4403 arripuit,
1769 4330 1844 4387 de
1893 4347 2039 4402 paee
2090 4337 2152 4387 et
2200 4331 2508 4388 concordia
2563 4332 2796 4403 penitus

694 4418 1057 4491 desperatus.

763 4716 776 4751 ¹
808 4714 1047 4787 Supplied
1060 4720 1191 4773 stom
1206 4720 1293 4772 the
1314 4719 1516 4786 printed
1537 4728 1685 4774 texts.
1715 4719 1728 4791 1
1821 4719 1960 4774 ²lete‘s
1982 4721 2036 4773 in
2059 4722 2188 4789 orig.
