<?xml version="1.0" encoding="UTF-8"?>
<!DOCTYPE html PUBLIC "-//W3C//DTD XHTML 1.0 Transitional//EN"
    "http://www.w3.org/TR/xhtml1/DTD/xhtml1-transitional.dtd">
<html xmlns="http://www.w3.org/1999/xhtml" xml:lang="en" lang="en">
 <head>
  <title>
</title>
<meta http-equiv="Content-Type" content="text/html;charset=utf-8" />
  <meta name='ocr-system' content='tesseract 3.04.00' />
  <meta name='ocr-capabilities' content='ocr_page ocr_carea ocr_par ocr_line ocrx_word'/>
</head>
<body>
  <div class='ocr_page' id='page_1' title='image "./thomaewalsingha00unkngoog_0433.png"; bbox 0 0 3300 5617; ppageno 0'>
   <div class='ocr_carea' id='block_1_1' title="bbox 1125 763 2566 833">
    <p class='ocr_par' dir='ltr' id='par_1_1' title="bbox 1125 763 2566 833">
     <span class='ocr_line' id='line_1_1' title="bbox 1125 763 2566 833; baseline -0.005 0"><span class='ocrx_word' id='word_1_1' title='bbox 1125 780 1456 833; x_wconf 71' lang='lat' dir='ltr'>ms‘rossu</span> <span class='ocrx_word' id='word_1_2' title='bbox 1484 779 1900 832; x_wconf 70' lang='lat' dir='ltr'>ANeLmANA.</span> <span class='ocrx_word' id='word_1_3' title='bbox 2439 763 2566 827; x_wconf 92' lang='grc'>333</span> 
     </span>
    </p>
   </div>
   <div class='ocr_carea' id='block_1_2' title="bbox 106 964 2907 4408">
    <p class='ocr_par' dir='ltr' id='par_1_2' title="bbox 106 964 2907 1209">
     <span class='ocr_line' id='line_1_2' title="bbox 106 964 2904 1041; baseline -0.001 -17"><span class='ocrx_word' id='word_1_4' title='bbox 106 977 247 1032; x_wconf 78' lang='lat' dir='ltr'>MS,</span> <span class='ocrx_word' id='word_1_5' title='bbox 276 983 415 1034; x_wconf 74' lang='lat' dir='ltr'>Bibl,</span> <span class='ocrx_word' id='word_1_6' title='bbox 544 967 671 1037; x_wconf 81' lang='lat' dir='ltr'>Quo</span> <span class='ocrx_word' id='word_1_7' title='bbox 706 968 1011 1041; x_wconf 90' lang='lat' dir='ltr'>complet0,</span> <span class='ocrx_word' id='word_1_8' title='bbox 1043 968 1271 1040; x_wconf 74' lang='lat' dir='ltr'>juravit</span> <span class='ocrx_word' id='word_1_9' title='bbox 1304 967 1430 1023; x_wconf 84' lang='lat' dir='ltr'>Rex</span> <span class='ocrx_word' id='word_1_10' title='bbox 1477 985 1674 1023; x_wconf 75' lang='lat' dir='ltr'>coram</span> <span class='ocrx_word' id='word_1_11' title='bbox 1708 966 2184 1038; x_wconf 83' lang='lat' dir='ltr'>Archiepiscopo,</span> <span class='ocrx_word' id='word_1_12' title='bbox 2225 972 2288 1020; x_wconf 91' lang='lat' dir='ltr'>et</span> <span class='ocrx_word' id='word_1_13' title='bbox 2319 964 2572 1036; x_wconf 90' lang='lat' dir='ltr'>proceri·</span> <span class='ocrx_word' id='word_1_14' title='bbox 2595 968 2733 1022; x_wconf 62' lang='lat' dir='ltr'>Aa).</span> <span class='ocrx_word' id='word_1_15' title='bbox 2759 972 2904 1022; x_wconf 81' lang='grc'><strong>1377.</strong></span> 
     </span>
     <span class='ocr_line' id='line_1_3' title="bbox 110 1047 2907 1127; baseline 0.004 -29"><span class='ocrx_word' id='word_1_16' title='bbox 110 1047 266 1127; x_wconf 81' lang='lat' dir='ltr'>Reg.</span> <span class='ocrx_word' id='word_1_17' title='bbox 298 1056 360 1101; x_wconf 84' lang='lat'>13</span> <span class='ocrx_word' id='word_1_18' title='bbox 473 1053 583 1108; x_wconf 85' lang='lat' dir='ltr'>bus</span> <span class='ocrx_word' id='word_1_19' title='bbox 622 1053 723 1125; x_wconf 90' lang='lat' dir='ltr'>qui</span> <span class='ocrx_word' id='word_1_20' title='bbox 759 1053 843 1107; x_wconf 91' lang='lat' dir='ltr'>ibi</span> <span class='ocrx_word' id='word_1_21' title='bbox 879 1053 1138 1119; x_wconf 77' lang='lat' dir='ltr'>aderant,</span> <span class='ocrx_word' id='word_1_22' title='bbox 1167 1053 1442 1124; x_wconf 78' lang='lat' dir='ltr'>quoniam</span> <span class='ocrx_word' id='word_1_23' title='bbox 1478 1053 1595 1124; x_wconf 88' lang='lat' dir='ltr'>ipsi</span> <span class='ocrx_word' id='word_1_24' title='bbox 1633 1052 1745 1108; x_wconf 87' lang='lat' dir='ltr'>soli</span> <span class='ocrx_word' id='word_1_25' title='bbox 1781 1052 1910 1124; x_wconf 86' lang='lat' dir='ltr'>ejus</span> <span class='ocrx_word' id='word_1_26' title='bbox 1939 1050 2343 1123; x_wconf 79' lang='lat' dir='ltr'>juramentum</span> <span class='ocrx_word' id='word_1_27' title='bbox 2369 1048 2571 1103; x_wconf 80' lang='lat' dir='ltr'>audire</span> <span class='ocrx_word' id='word_1_28' title='bbox 2596 1058 2709 1109; x_wconf 84' lang='lat' dir='ltr'>The</span> <span class='ocrx_word' id='word_1_29' title='bbox 2719 1059 2907 1123; x_wconf 77' lang='lat' dir='ltr'>King’s</span> 
     </span>
     <span class='ocr_line' id='line_1_4' title="bbox 112 1113 2746 1209; baseline -0.003 -15"><span class='ocrx_word' id='word_1_30' title='bbox 112 1113 187 1163; x_wconf 72' lang='lat' dir='ltr'>E·</span> <span class='ocrx_word' id='word_1_31' title='bbox 219 1130 299 1167; x_wconf 79' lang='lat'>¹¹·</span> <span class='ocrx_word' id='word_1_32' title='bbox 472 1143 805 1209; x_wconf 88' lang='lat' dir='ltr'>potuerunt,</span> <span class='ocrx_word' id='word_1_33' title='bbox 833 1136 990 1209; x_wconf 91' lang='lat' dir='ltr'>quod</span> <span class='ocrx_word' id='word_1_34' title='bbox 1011 1136 1338 1192; x_wconf 76' lang='lat' dir='ltr'><strong>Ecclesiam</strong></span> <span class='ocrx_word' id='word_1_35' title='bbox 1362 1135 1485 1191; x_wconf 88' lang='lat' dir='ltr'>suis</span> <span class='ocrx_word' id='word_1_36' title='bbox 1508 1136 1877 1207; x_wconf 88' lang='lat' dir='ltr'>permitteret</span> <span class='ocrx_word' id='word_1_37' title='bbox 1899 1134 2156 1208; x_wconf 76' lang='lat' dir='ltr'>gaudere</span> <span class='ocrx_word' id='word_1_38' title='bbox 2179 1133 2569 1197; x_wconf 80' lang='lat' dir='ltr'>libertatibus,</span> <span class='ocrx_word' id='word_1_39' title='bbox 2598 1124 2746 1178; x_wconf 57' lang='grc'>08811·</span> 
     </span>
    </p>

    <p class='ocr_par' dir='ltr' id='par_1_3' title="bbox 476 1220 2571 1292">
     <span class='ocr_line' id='line_1_5' title="bbox 476 1220 2571 1292; baseline -0.002 -16"><span class='ocrx_word' id='word_1_40' title='bbox 476 1228 537 1277; x_wconf 91' lang='lat' dir='ltr'>et</span> <span class='ocrx_word' id='word_1_41' title='bbox 570 1239 699 1277; x_wconf 78' lang='lat' dir='ltr'>eam</span> <span class='ocrx_word' id='word_1_42' title='bbox 736 1226 798 1278; x_wconf 88' lang='lat' dir='ltr'>et</span> <span class='ocrx_word' id='word_1_43' title='bbox 829 1221 1128 1277; x_wconf 58' lang='lat' dir='ltr'>ministros</span> <span class='ocrx_word' id='word_1_44' title='bbox 1183 1221 1310 1292; x_wconf 85' lang='lat' dir='ltr'>ejus</span> <span class='ocrx_word' id='word_1_45' title='bbox 1361 1221 1691 1286; x_wconf 74' lang='lat' dir='ltr'>honoraret,</span> <span class='ocrx_word' id='word_1_46' title='bbox 1737 1227 1798 1277; x_wconf 91' lang='lat' dir='ltr'>et</span> <span class='ocrx_word' id='word_1_47' title='bbox 1846 1220 2022 1276; x_wconf 89' lang='lat' dir='ltr'>fidem</span> <span class='ocrx_word' id='word_1_48' title='bbox 2070 1225 2292 1275; x_wconf 76' lang='lat' dir='ltr'>rectam</span> <span class='ocrx_word' id='word_1_49' title='bbox 2326 1224 2571 1283; x_wconf 87' lang='lat' dir='ltr'>teneret,</span> 
     </span>
    </p>

    <p class='ocr_par' dir='ltr' id='par_1_4' title="bbox 474 1302 2574 1378">
     <span class='ocr_line' id='line_1_6' title="bbox 474 1302 2574 1378; baseline -0.002 -17"><span class='ocrx_word' id='word_1_50' title='bbox 474 1313 536 1363; x_wconf 90' lang='lat' dir='ltr'>et</span> <span class='ocrx_word' id='word_1_51' title='bbox 572 1305 955 1378; x_wconf 75' lang='lat' dir='ltr'>¹rapaoitates</span> <span class='ocrx_word' id='word_1_52' title='bbox 1005 1310 1065 1360; x_wconf 91' lang='lat' dir='ltr'>et</span> <span class='ocrx_word' id='word_1_53' title='bbox 1099 1322 1300 1360; x_wconf 88' lang='lat' dir='ltr'>omnes</span> <span class='ocrx_word' id='word_1_54' title='bbox 1350 1304 1694 1375; x_wconf 68' lang='lat' dir='ltr'><strong>iniquitates</strong></span> <span class='ocrx_word' id='word_1_55' title='bbox 1730 1305 1795 1360; x_wconf 92' lang='lat' dir='ltr'>in</span> <span class='ocrx_word' id='word_1_56' title='bbox 1829 1304 2098 1361; x_wconf 88' lang='lat' dir='ltr'>omnibus</span> <span class='ocrx_word' id='word_1_57' title='bbox 2153 1303 2436 1376; x_wconf 76' lang='lat' dir='ltr'>gradibus</span> <span class='ocrx_word' id='word_1_58' title='bbox 2490 1302 2574 1356; x_wconf 91' lang='lat' dir='ltr'>in-</span> 
     </span>
    </p>

    <p class='ocr_par' dir='ltr' id='par_1_5' title="bbox 474 1386 2575 1460">
     <span class='ocr_line' id='line_1_7' title="bbox 474 1386 2575 1460; baseline -0.003 -13"><span class='ocrx_word' id='word_1_59' title='bbox 474 1390 805 1447; x_wconf 86' lang='lat' dir='ltr'>terdiceret.</span> <span class='ocrx_word' id='word_1_60' title='bbox 901 1388 1187 1455; x_wconf 85' lang='lat' dir='ltr'>Secundo,</span> <span class='ocrx_word' id='word_1_61' title='bbox 1238 1394 1307 1444; x_wconf 88' lang='lat' dir='ltr'>ut</span> <span class='ocrx_word' id='word_1_62' title='bbox 1370 1388 1535 1460; x_wconf 86' lang='lat' dir='ltr'>leges</span> <span class='ocrx_word' id='word_1_63' title='bbox 1596 1394 1771 1445; x_wconf 81' lang='lat' dir='ltr'>terroe</span> <span class='ocrx_word' id='word_1_64' title='bbox 1830 1389 2011 1445; x_wconf 75' lang='lat' dir='ltr'>bones</span> <span class='ocrx_word' id='word_1_65' title='bbox 2071 1389 2291 1460; x_wconf 89' lang='lat' dir='ltr'>ubique</span> <span class='ocrx_word' id='word_1_66' title='bbox 2353 1386 2575 1443; x_wconf 78' lang='lat' dir='ltr'>servari</span> 
     </span>
    </p>

    <p class='ocr_par' dir='ltr' id='par_1_6' title="bbox 475 1471 2574 1546">
     <span class='ocr_line' id='line_1_8' title="bbox 475 1471 2574 1546; baseline -0.001 -17"><span class='ocrx_word' id='word_1_67' title='bbox 475 1477 713 1539; x_wconf 73' lang='lat' dir='ltr'>faceret,</span> <span class='ocrx_word' id='word_1_68' title='bbox 759 1479 821 1530; x_wconf 88' lang='lat' dir='ltr'>et</span> <span class='ocrx_word' id='word_1_69' title='bbox 872 1474 1168 1546; x_wconf 84' lang='lat' dir='ltr'>praecipue</span> <span class='ocrx_word' id='word_1_70' title='bbox 1216 1473 1381 1544; x_wconf 87' lang='lat' dir='ltr'>leges</span> <span class='ocrx_word' id='word_1_71' title='bbox 1435 1473 1634 1528; x_wconf 80' lang='lat' dir='ltr'><strong>Sancti</strong></span> <span class='ocrx_word' id='word_1_72' title='bbox 1685 1473 1959 1528; x_wconf 79' lang='lat' dir='ltr'>Edwardi</span> <span class='ocrx_word' id='word_1_73' title='bbox 2008 1473 2193 1544; x_wconf 83' lang='lat' dir='ltr'>Regis</span> <span class='ocrx_word' id='word_1_74' title='bbox 2241 1477 2303 1528; x_wconf 90' lang='lat' dir='ltr'>et</span> <span class='ocrx_word' id='word_1_75' title='bbox 2337 1471 2574 1527; x_wconf 79' lang='lat' dir='ltr'>Confes-</span> 
     </span>
    </p>

    <p class='ocr_par' dir='ltr' id='par_1_7' title="bbox 477 1556 2579 1629">
     <span class='ocr_line' id='line_1_9' title="bbox 477 1556 2579 1629; baseline -0.002 -15"><span class='ocrx_word' id='word_1_76' title='bbox 477 1559 645 1624; x_wconf 87' lang='lat' dir='ltr'>soris,</span> <span class='ocrx_word' id='word_1_77' title='bbox 696 1558 801 1629; x_wconf 90' lang='lat' dir='ltr'>qui</span> <span class='ocrx_word' id='word_1_78' title='bbox 836 1557 898 1612; x_wconf 89' lang='lat' dir='ltr'>in</span> <span class='ocrx_word' id='word_1_79' title='bbox 933 1557 1137 1612; x_wconf 79' lang='lat' dir='ltr'>eadem</span> <span class='ocrx_word' id='word_1_80' title='bbox 1171 1556 1489 1628; x_wconf 82' lang='lat' dir='ltr'>requiescit</span> <span class='ocrx_word' id='word_1_81' title='bbox 1523 1556 1803 1623; x_wconf 78' lang='lat' dir='ltr'>ecclesia3</span> <span class='ocrx_word' id='word_1_82' title='bbox 1844 1562 1905 1613; x_wconf 91' lang='lat' dir='ltr'>et</span> <span class='ocrx_word' id='word_1_83' title='bbox 1937 1557 2123 1612; x_wconf 74' lang='lat' dir='ltr'>malas</span> <span class='ocrx_word' id='word_1_84' title='bbox 2158 1557 2322 1628; x_wconf 89' lang='lat' dir='ltr'>leges</span> <span class='ocrx_word' id='word_1_85' title='bbox 2360 1557 2579 1612; x_wconf 74' lang='lat' dir='ltr'>faceret</span> 
     </span>
    </p>

    <p class='ocr_par' dir='ltr' id='par_1_8' title="bbox 476 1639 2575 1715">
     <span class='ocr_line' id='line_1_10' title="bbox 476 1639 2575 1715; baseline -0.002 -17"><span class='ocrx_word' id='word_1_86' title='bbox 476 1643 766 1715; x_wconf 72' lang='lat' dir='ltr'>abrogari.</span> <span class='ocrx_word' id='word_1_87' title='bbox 841 1641 1059 1707; x_wconf 85' lang='lat' dir='ltr'>Terti0,</span> <span class='ocrx_word' id='word_1_88' title='bbox 1100 1647 1170 1698; x_wconf 98' lang='lat' dir='ltr'>ut</span> <span class='ocrx_word' id='word_1_89' title='bbox 1202 1658 1318 1697; x_wconf 93' lang='lat' dir='ltr'>non</span> <span class='ocrx_word' id='word_1_90' title='bbox 1353 1646 1510 1697; x_wconf 84' lang='lat' dir='ltr'>esset</span> <span class='ocrx_word' id='word_1_91' title='bbox 1543 1658 1923 1713; x_wconf 72' lang='lat' dir='ltr'>personarum</span> <span class='ocrx_word' id='word_1_92' title='bbox 1958 1646 2245 1712; x_wconf 76' lang='lat' dir='ltr'>acceptor,</span> <span class='ocrx_word' id='word_1_93' title='bbox 2287 1640 2391 1696; x_wconf 86' lang='lat' dir='ltr'>sed</span> <span class='ocrx_word' id='word_1_94' title='bbox 2417 1639 2575 1712; x_wconf 85' lang='lat' dir='ltr'>judi·</span> 
     </span>
    </p>

    <p class='ocr_par' dir='ltr' id='par_1_9' title="bbox 475 1724 2577 1797">
     <span class='ocr_line' id='line_1_11' title="bbox 475 1724 2577 1797; baseline -0.002 -15"><span class='ocrx_word' id='word_1_95' title='bbox 475 1728 635 1783; x_wconf 88' lang='lat' dir='ltr'>cium</span> <span class='ocrx_word' id='word_1_96' title='bbox 667 1732 895 1782; x_wconf 88' lang='lat' dir='ltr'>rectum</span> <span class='ocrx_word' id='word_1_97' title='bbox 929 1725 1083 1781; x_wconf 83' lang='lat' dir='ltr'>inter</span> <span class='ocrx_word' id='word_1_98' title='bbox 1103 1726 1301 1781; x_wconf 79' lang='lat' dir='ltr'>virum</span> <span class='ocrx_word' id='word_1_99' title='bbox 1336 1730 1398 1782; x_wconf 89' lang='lat' dir='ltr'>et</span> <span class='ocrx_word' id='word_1_100' title='bbox 1428 1725 1626 1780; x_wconf 82' lang='lat' dir='ltr'>virum</span> <span class='ocrx_word' id='word_1_101' title='bbox 1662 1725 1898 1790; x_wconf 81' lang='lat' dir='ltr'>faceret,</span> <span class='ocrx_word' id='word_1_102' title='bbox 1926 1731 1988 1780; x_wconf 90' lang='lat' dir='ltr'>et</span> <span class='ocrx_word' id='word_1_103' title='bbox 2021 1725 2314 1797; x_wconf 79' lang='lat' dir='ltr'>praecipue</span> <span class='ocrx_word' id='word_1_104' title='bbox 2349 1724 2577 1780; x_wconf 86' lang='lat' dir='ltr'>miseri·</span> 
     </span>
    </p>

    <p class='ocr_par' dir='ltr' id='par_1_10' title="bbox 475 1808 2578 1880">
     <span class='ocr_line' id='line_1_12' title="bbox 475 1808 2578 1880; baseline -0.001 -14"><span class='ocrx_word' id='word_1_105' title='bbox 475 1810 733 1866; x_wconf 72' lang='lat' dir='ltr'>cordiam</span> <span class='ocrx_word' id='word_1_106' title='bbox 786 1809 1140 1875; x_wconf 74' lang='lat' dir='ltr'>observaret,</span> <span class='ocrx_word' id='word_1_107' title='bbox 1180 1810 1336 1865; x_wconf 89' lang='lat' dir='ltr'>sicut</span> <span class='ocrx_word' id='word_1_108' title='bbox 1383 1808 1496 1865; x_wconf 90' lang='lat' dir='ltr'>sibi</span> <span class='ocrx_word' id='word_1_109' title='bbox 1551 1826 1718 1865; x_wconf 73' lang='lat' dir='ltr'>suam</span> <span class='ocrx_word' id='word_1_110' title='bbox 1767 1808 2072 1880; x_wconf 74' lang='lat' dir='ltr'>indulgeat</span> <span class='ocrx_word' id='word_1_111' title='bbox 2117 1808 2578 1865; x_wconf 79' lang='lat' dir='ltr'>misericordiam</span> 
     </span>
    </p>

    <p class='ocr_par' dir='ltr' id='par_1_11' title="bbox 475 1894 1410 1951">
     <span class='ocr_line' id='line_1_13' title="bbox 475 1894 1410 1951; baseline -0.002 0"><span class='ocrx_word' id='word_1_112' title='bbox 475 1895 730 1951; x_wconf 88' lang='lat' dir='ltr'>clemens</span> <span class='ocrx_word' id='word_1_113' title='bbox 766 1900 827 1950; x_wconf 89' lang='lat' dir='ltr'>et</span> <span class='ocrx_word' id='word_1_114' title='bbox 860 1894 1193 1950; x_wconf 75' lang='lat' dir='ltr'>misericors</span> <span class='ocrx_word' id='word_1_115' title='bbox 1229 1894 1410 1949; x_wconf 90' lang='lat' dir='ltr'>Deus.</span> 
     </span>
    </p>

    <p class='ocr_par' dir='ltr' id='par_1_12' title="bbox 548 1975 2578 2050">
     <span class='ocr_line' id='line_1_14' title="bbox 548 1975 2578 2050; baseline -0.001 -17"><span class='ocrx_word' id='word_1_116' title='bbox 548 1977 772 2048; x_wconf 80' lang='lat' dir='ltr'>Quibus</span> <span class='ocrx_word' id='word_1_117' title='bbox 809 1978 1072 2050; x_wconf 70' lang='lat' dir='ltr'>expletiS,</span> <span class='ocrx_word' id='word_1_118' title='bbox 1111 1978 1623 2049; x_wconf 84' lang='lat' dir='ltr'>Archiepiscopus,</span> <span class='ocrx_word' id='word_1_119' title='bbox 1663 1976 2025 2049; x_wconf 75' lang='lat' dir='ltr'>praecedente</span> <span class='ocrx_word' id='word_1_120' title='bbox 2062 1994 2197 2032; x_wconf 91' lang='lat' dir='ltr'>eum</span> <span class='ocrx_word' id='word_1_121' title='bbox 2231 1975 2578 2032; x_wconf 76' lang='lat' dir='ltr'>Marescallo</span> 
     </span>
    </p>

    <p class='ocr_par' dir='ltr' id='par_1_13' title="bbox 474 2061 2869 4228">
     <span class='ocr_line' id='line_1_15' title="bbox 475 2061 2579 2133; baseline -0.002 -15"><span class='ocrx_word' id='word_1_122' title='bbox 475 2062 729 2133; x_wconf 79' lang='lat' dir='ltr'>Angliae,</span> <span class='ocrx_word' id='word_1_123' title='bbox 770 2062 1019 2118; x_wconf 91' lang='lat' dir='ltr'>Domino</span> <span class='ocrx_word' id='word_1_124' title='bbox 1061 2062 1321 2119; x_wconf 81' lang='lat' dir='ltr'>Hem-ico</span> <span class='ocrx_word' id='word_1_125' title='bbox 1356 2062 1564 2133; x_wconf 80' lang='lat' dir='ltr'>Percy,</span> <span class='ocrx_word' id='word_1_126' title='bbox 1606 2062 1896 2118; x_wconf 81' lang='lat' dir='ltr'>convertit</span> <span class='ocrx_word' id='word_1_127' title='bbox 1930 2079 1994 2116; x_wconf 90' lang='lat' dir='ltr'>se</span> <span class='ocrx_word' id='word_1_128' title='bbox 2030 2062 2105 2117; x_wconf 77' lang='lat' dir='ltr'>ad</span> <span class='ocrx_word' id='word_1_129' title='bbox 2140 2079 2339 2117; x_wconf 91' lang='lat' dir='ltr'>omnes</span> <span class='ocrx_word' id='word_1_130' title='bbox 2374 2061 2579 2133; x_wconf 74' lang='lat' dir='ltr'>plagas</span> 
     </span>
     <span class='ocr_line' id='line_1_16' title="bbox 476 2145 2578 2229; baseline -0.002 -27"><span class='ocrx_word' id='word_1_131' title='bbox 476 2147 758 2211; x_wconf 81' lang='lat' dir='ltr'>ecclesiae,</span> <span class='ocrx_word' id='word_1_132' title='bbox 796 2146 1059 2203; x_wconf 79' lang='lat' dir='ltr'>indicans</span> <span class='ocrx_word' id='word_1_133' title='bbox 1109 2147 1324 2219; x_wconf 95' lang='lat' dir='ltr'>populo</span> <span class='ocrx_word' id='word_1_134' title='bbox 1376 2146 1611 2217; x_wconf 90' lang='lat' dir='ltr'>regium</span> <span class='ocrx_word' id='word_1_135' title='bbox 1654 2146 2078 2229; x_wconf 75' lang='lat' dir='ltr'>juramentum,</span> <span class='ocrx_word' id='word_1_136' title='bbox 2125 2154 2188 2202; x_wconf 92' lang='lat' dir='ltr'>et</span> <span class='ocrx_word' id='word_1_137' title='bbox 2223 2164 2489 2217; x_wconf 75' lang='lat' dir='ltr'>quaerens</span> <span class='ocrx_word' id='word_1_138' title='bbox 2528 2145 2578 2199; x_wconf 90' lang='lat' dir='ltr'>si</span> 
     </span>
     <span class='ocr_line' id='line_1_17' title="bbox 477 2229 2579 2303; baseline -0.002 -17"><span class='ocrx_word' id='word_1_139' title='bbox 477 2249 541 2286; x_wconf 88' lang='lat' dir='ltr'>se</span> <span class='ocrx_word' id='word_1_140' title='bbox 577 2231 683 2286; x_wconf 77' lang='lat' dir='ltr'>tali</span> <span class='ocrx_word' id='word_1_141' title='bbox 717 2231 971 2303; x_wconf 83' lang='lat' dir='ltr'>principi</span> <span class='ocrx_word' id='word_1_142' title='bbox 1006 2249 1074 2286; x_wconf 78' lang='lat' dir='ltr'>ac</span> <span class='ocrx_word' id='word_1_143' title='bbox 1110 2232 1323 2286; x_wconf 87' lang='lat' dir='ltr'>rectori</span> <span class='ocrx_word' id='word_1_144' title='bbox 1361 2230 1672 2301; x_wconf 85' lang='lat' dir='ltr'>subjicere,</span> <span class='ocrx_word' id='word_1_145' title='bbox 1702 2236 1762 2286; x_wconf 85' lang='lat' dir='ltr'>et</span> <span class='ocrx_word' id='word_1_146' title='bbox 1798 2231 1926 2301; x_wconf 84' lang='lat' dir='ltr'>ejus</span> <span class='ocrx_word' id='word_1_147' title='bbox 1956 2229 2322 2301; x_wconf 84' lang='lat' dir='ltr'>jussionibus</span> <span class='ocrx_word' id='word_1_148' title='bbox 2359 2230 2579 2285; x_wconf 88' lang='lat' dir='ltr'>obtem-</span> 
     </span>
     <span class='ocr_line' id='line_1_18' title="bbox 475 2311 2869 2387; baseline 0 -17"><span class='ocrx_word' id='word_1_149' title='bbox 475 2332 700 2387; x_wconf 75' lang='lat' dir='ltr'>perare,</span> <span class='ocrx_word' id='word_1_150' title='bbox 727 2314 965 2372; x_wconf 82' lang='lat' dir='ltr'>vellent.</span> <span class='ocrx_word' id='word_1_151' title='bbox 1038 2315 1118 2370; x_wconf 85' lang='lat' dir='ltr'>Et</span> <span class='ocrx_word' id='word_1_152' title='bbox 1138 2313 1161 2346; x_wconf 78' lang='lat'><em>²</em></span> <span class='ocrx_word' id='word_1_153' title='bbox 1176 2332 1453 2387; x_wconf 83' lang='lat' dir='ltr'>responso</span> <span class='ocrx_word' id='word_1_154' title='bbox 1490 2332 1527 2370; x_wconf 80' lang='lat' dir='ltr'>a.</span> <span class='ocrx_word' id='word_1_155' title='bbox 1560 2313 1732 2386; x_wconf 84' lang='lat' dir='ltr'>plebe</span> <span class='ocrx_word' id='word_1_156' title='bbox 1767 2311 1789 2345; x_wconf 82' lang='lat'><strong>³</strong></span> <span class='ocrx_word' id='word_1_157' title='bbox 1807 2314 2085 2369; x_wconf 78' lang='lat' dir='ltr'>altissono</span> <span class='ocrx_word' id='word_1_158' title='bbox 2111 2315 2384 2379; x_wconf 81' lang='lat' dir='ltr'>clamore,</span> <span class='ocrx_word' id='word_1_159' title='bbox 2426 2312 2581 2385; x_wconf 91' lang='lat' dir='ltr'>quod</span> <span class='ocrx_word' id='word_1_160' title='bbox 2606 2319 2869 2385; x_wconf 81' lang='lat' dir='ltr'>Blessings</span> 
     </span>
     <span class='ocr_line' id='line_1_19' title="bbox 474 2387 2850 2470; baseline -0.001 -17"><span class='ocrx_word' id='word_1_161' title='bbox 474 2399 726 2455; x_wconf 74' lang='lat' dir='ltr'>libenter</span> <span class='ocrx_word' id='word_1_162' title='bbox 760 2398 873 2454; x_wconf 90' lang='lat' dir='ltr'>sibi</span> <span class='ocrx_word' id='word_1_163' title='bbox 908 2416 1113 2470; x_wconf 76' lang='lat' dir='ltr'>parere</span> <span class='ocrx_word' id='word_1_164' title='bbox 1147 2399 1386 2464; x_wconf 80' lang='lat' dir='ltr'>vellent,</span> <span class='ocrx_word' id='word_1_165' title='bbox 1430 2398 1924 2469; x_wconf 80' lang='lat' dir='ltr'>Archiepiscopus</span> <span class='ocrx_word' id='word_1_166' title='bbox 1961 2398 2188 2469; x_wconf 80' lang='lat' dir='ltr'>Regem</span> <span class='ocrx_word' id='word_1_167' title='bbox 2217 2398 2336 2453; x_wconf 83' lang='lat' dir='ltr'>hiis</span> <span class='ocrx_word' id='word_1_168' title='bbox 2372 2397 2582 2452; x_wconf 78' lang='lat' dir='ltr'>oratio-</span> <span class='ocrx_word' id='word_1_169' title='bbox 2603 2387 2850 2451; x_wconf 61' lang='lat' dir='ltr'>i¹¹³12101&#39;ffl1</span> 
     </span>
     <span class='ocr_line' id='line_1_20' title="bbox 475 2454 2783 2570; baseline -0.001 -32"><span class='ocrx_word' id='word_1_170' title='bbox 475 2483 650 2538; x_wconf 83' lang='lat' dir='ltr'>nibus</span> <span class='ocrx_word' id='word_1_171' title='bbox 691 2483 1003 2547; x_wconf 79' lang='lat' dir='ltr'>benedixit,</span> <span class='ocrx_word' id='word_1_172' title='bbox 1032 2483 1309 2539; x_wconf 81' lang='lat' dir='ltr'>videlicet</span> <span class='ocrx_word' id='word_1_173' title='bbox 1324 2485 1458 2538; x_wconf 83' lang='lat'>:—“</span> <span class='ocrx_word' id='word_1_174' title='bbox 1481 2481 1859 2554; x_wconf 84' lang='lat' dir='ltr'>Omnipotens</span> <span class='ocrx_word' id='word_1_175' title='bbox 1882 2481 1904 2513; x_wconf 86' lang='lat'><strong>⁴</strong></span> <span class='ocrx_word' id='word_1_176' title='bbox 1922 2489 1983 2538; x_wconf 91' lang='lat' dir='ltr'>et</span> <span class='ocrx_word' id='word_1_177' title='bbox 2020 2482 2371 2553; x_wconf 82' lang='lat' dir='ltr'>sempiterne</span> <span class='ocrx_word' id='word_1_178' title='bbox 2397 2481 2577 2545; x_wconf 90' lang='lat' dir='ltr'>Deus,</span> <span class='ocrx_word' id='word_1_179' title='bbox 2605 2454 2783 2570; x_wconf 50' lang='grc' dir='ltr'>Ἇζέξῗ</span> 
     </span>
     <span class='ocr_line' id='line_1_21' title="bbox 481 2565 2867 2651; baseline 0 -31"><span class='ocrx_word' id='word_1_180' title='bbox 481 2570 519 2593; x_wconf 86' lang='grc'>“</span> <span class='ocrx_word' id='word_1_181' title='bbox 558 2567 820 2631; x_wconf 92' lang='lat' dir='ltr'>benedic,</span> <span class='ocrx_word' id='word_1_182' title='bbox 860 2565 1126 2632; x_wconf 89' lang='lat' dir='ltr'>Domine,</span> <span class='ocrx_word' id='word_1_183' title='bbox 1165 2566 1321 2622; x_wconf 91' lang='lat' dir='ltr'>hunc</span> <span class='ocrx_word' id='word_1_184' title='bbox 1359 2567 1586 2637; x_wconf 85' lang='lat' dir='ltr'>Regem</span> <span class='ocrx_word' id='word_1_185' title='bbox 1620 2572 1924 2632; x_wconf 76' lang='lat' dir='ltr'>nostrum3</span> <span class='ocrx_word' id='word_1_186' title='bbox 1965 2566 2068 2636; x_wconf 90' lang='lat' dir='ltr'>qui</span> <span class='ocrx_word' id='word_1_187' title='bbox 2104 2583 2289 2637; x_wconf 79' lang='lat' dir='ltr'>regna</span> <span class='ocrx_word' id='word_1_188' title='bbox 2322 2566 2583 2620; x_wconf 84' lang='lat' dir='ltr'>omnium</span> <span class='ocrx_word' id='word_1_189' title='bbox 2605 2586 2785 2651; x_wconf 60' lang='lat' dir='ltr'>bisshop</span> <span class='ocrx_word' id='word_1_190' title='bbox 2807 2585 2867 2636; x_wconf 72' lang='lat' dir='ltr'>of</span> 
     </span>
     <span class='ocr_line' id='line_1_22' title="bbox 483 2649 2816 2721; baseline -0.002 -16"><span class='ocrx_word' id='word_1_191' title='bbox 483 2653 521 2676; x_wconf 83' lang='lat'>‘⁴</span> <span class='ocrx_word' id='word_1_192' title='bbox 561 2650 881 2706; x_wconf 80' lang='lat' dir='ltr'>moderaris</span> <span class='ocrx_word' id='word_1_193' title='bbox 942 2651 1005 2705; x_wconf 95' lang='lat' dir='ltr'>in</span> <span class='ocrx_word' id='word_1_194' title='bbox 1059 2651 1292 2715; x_wconf 83' lang='lat' dir='ltr'>saeculo,</span> <span class='ocrx_word' id='word_1_195' title='bbox 1344 2650 1452 2706; x_wconf 74' lang='lat' dir='ltr'>tali</span> <span class='ocrx_word' id='word_1_196' title='bbox 1503 2668 1638 2705; x_wconf 90' lang='lat' dir='ltr'>eum</span> <span class='ocrx_word' id='word_1_197' title='bbox 1709 2649 2110 2706; x_wconf 86' lang='lat' dir='ltr'>benedictione</span> <span class='ocrx_word' id='word_1_198' title='bbox 2170 2650 2453 2721; x_wconf 76' lang='lat' dir='ltr'>glorifica,</span> <span class='ocrx_word' id='word_1_199' title='bbox 2515 2654 2584 2704; x_wconf 90' lang='lat' dir='ltr'>ut</span> <span class='ocrx_word' id='word_1_200' title='bbox 2606 2652 2816 2703; x_wconf 82' lang='lat' dir='ltr'>Canter-</span> 
     </span>
     <span class='ocr_line' id='line_1_23' title="bbox 484 2720 2752 2806; baseline -0.002 -18"><span class='ocrx_word' id='word_1_201' title='bbox 484 2737 521 2759; x_wconf 90' lang='lat'><strong>“</strong></span> <span class='ocrx_word' id='word_1_202' title='bbox 562 2733 845 2790; x_wconf 76' lang='lat' dir='ltr'>Daviticae</span> <span class='ocrx_word' id='word_1_203' title='bbox 879 2739 1077 2791; x_wconf 78' lang='lat' dir='ltr'>teneat</span> <span class='ocrx_word' id='word_1_204' title='bbox 1111 2734 1488 2790; x_wconf 80' lang='lat' dir='ltr'>sublimitatis</span> <span class='ocrx_word' id='word_1_205' title='bbox 1520 2743 1836 2805; x_wconf 82' lang='lat' dir='ltr'>sceptrum,</span> <span class='ocrx_word' id='word_1_206' title='bbox 1864 2740 1923 2789; x_wconf 89' lang='lat' dir='ltr'>et</span> <span class='ocrx_word' id='word_1_207' title='bbox 1959 2734 2320 2806; x_wconf 75' lang='lat' dir='ltr'>glorificatus</span> <span class='ocrx_word' id='word_1_208' title='bbox 2355 2735 2418 2788; x_wconf 90' lang='lat' dir='ltr'>in</span> <span class='ocrx_word' id='word_1_209' title='bbox 2454 2733 2582 2805; x_wconf 86' lang='lat' dir='ltr'>ejus</span> <span class='ocrx_word' id='word_1_210' title='bbox 2604 2720 2752 2784; x_wconf 65' lang='lat' dir='ltr'>bm’y·</span> 
     </span>
     <span class='ocr_line' id='line_1_24' title="bbox 484 2818 2583 2890; baseline 0 -18"><span class='ocrx_word' id='word_1_211' title='bbox 484 2820 522 2844; x_wconf 79' lang='lat'>‘⁶</span> <span class='ocrx_word' id='word_1_212' title='bbox 560 2818 847 2889; x_wconf 83' lang='lat' dir='ltr'>propitius</span> <span class='ocrx_word' id='word_1_213' title='bbox 896 2818 1226 2890; x_wconf 75' lang='lat' dir='ltr'>reperiatur</span> <span class='ocrx_word' id='word_1_214' title='bbox 1273 2818 1501 2874; x_wconf 80' lang='lat' dir='ltr'>merito.</span> <span class='ocrx_word' id='word_1_215' title='bbox 1600 2818 1694 2873; x_wconf 81' lang='lat' dir='ltr'>De.</span> <span class='ocrx_word' id='word_1_216' title='bbox 1741 2818 1798 2873; x_wconf 90' lang='lat' dir='ltr'>ei</span> <span class='ocrx_word' id='word_1_217' title='bbox 1843 2824 1946 2874; x_wconf 87' lang='lat' dir='ltr'>tuo</span> <span class='ocrx_word' id='word_1_218' title='bbox 1994 2818 2390 2889; x_wconf 82' lang='lat' dir='ltr'>inspiramine,</span> <span class='ocrx_word' id='word_1_219' title='bbox 2450 2836 2583 2873; x_wconf 92' lang='lat' dir='ltr'>cum</span> 
     </span>
     <span class='ocr_line' id='line_1_25' title="bbox 490 2901 2584 2975; baseline 0 -19"><span class='ocrx_word' id='word_1_220' title='bbox 490 2904 527 2927; x_wconf 90' lang='lat'><strong>“</strong></span> <span class='ocrx_word' id='word_1_221' title='bbox 567 2902 1010 2957; x_wconf 79' lang='lat' dir='ltr'>mansuetudine</span> <span class='ocrx_word' id='word_1_222' title='bbox 1068 2903 1155 2959; x_wconf 76' lang='lat' dir='ltr'>ita</span> <span class='ocrx_word' id='word_1_223' title='bbox 1211 2919 1419 2975; x_wconf 90' lang='lat' dir='ltr'>regere</span> <span class='ocrx_word' id='word_1_224' title='bbox 1483 2902 1784 2974; x_wconf 87' lang='lat' dir='ltr'>populum,</span> <span class='ocrx_word' id='word_1_225' title='bbox 1844 2903 2000 2958; x_wconf 91' lang='lat' dir='ltr'>sicut</span> <span class='ocrx_word' id='word_1_226' title='bbox 2060 2901 2332 2957; x_wconf 75' lang='lat' dir='ltr'>Salamon</span> <span class='ocrx_word' id='word_1_227' title='bbox 2392 2902 2584 2957; x_wconf 84' lang='lat' dir='ltr'>fecisti</span> 
     </span>
     <span class='ocr_line' id='line_1_26' title="bbox 488 2986 2587 3059; baseline 0 -20"><span class='ocrx_word' id='word_1_228' title='bbox 488 2989 523 3011; x_wconf 92' lang='lat'>“</span> <span class='ocrx_word' id='word_1_229' title='bbox 564 3003 813 3057; x_wconf 90' lang='lat' dir='ltr'>regnum</span> <span class='ocrx_word' id='word_1_230' title='bbox 872 2986 1131 3042; x_wconf 89' lang='lat' dir='ltr'>obtinere</span> <span class='ocrx_word' id='word_1_231' title='bbox 1189 2986 1514 3059; x_wconf 79' lang='lat' dir='ltr'>pacificum.</span> <span class='ocrx_word' id='word_1_232' title='bbox 1589 2986 1722 3041; x_wconf 82' lang='lat' dir='ltr'>Tibi</span> <span class='ocrx_word' id='word_1_233' title='bbox 1773 3003 1907 3041; x_wconf 92' lang='lat' dir='ltr'>cum</span> <span class='ocrx_word' id='word_1_234' title='bbox 1960 2986 2169 3041; x_wconf 89' lang='lat' dir='ltr'>timore</span> <span class='ocrx_word' id='word_1_235' title='bbox 2219 3003 2449 3058; x_wconf 88' lang='lat' dir='ltr'>semper</span> <span class='ocrx_word' id='word_1_236' title='bbox 2509 2987 2587 3041; x_wconf 85' lang='lat' dir='ltr'>sit</span> 
     </span>
     <span class='ocr_line' id='line_1_27' title="bbox 486 3070 2584 3142; baseline 0 -17"><span class='ocrx_word' id='word_1_237' title='bbox 486 3073 525 3095; x_wconf 91' lang='lat'><strong>“</strong></span> <span class='ocrx_word' id='word_1_238' title='bbox 564 3070 852 3134; x_wconf 83' lang='lat' dir='ltr'>subditus,</span> <span class='ocrx_word' id='word_1_239' title='bbox 878 3070 1105 3142; x_wconf 89' lang='lat' dir='ltr'>tibique</span> <span class='ocrx_word' id='word_1_240' title='bbox 1128 3070 1342 3126; x_wconf 89' lang='lat' dir='ltr'>militet</span> <span class='ocrx_word' id='word_1_241' title='bbox 1365 3088 1500 3125; x_wconf 90' lang='lat' dir='ltr'>cum</span> <span class='ocrx_word' id='word_1_242' title='bbox 1524 3070 1755 3141; x_wconf 87' lang='lat' dir='ltr'>quiete;</span> <span class='ocrx_word' id='word_1_243' title='bbox 1794 3070 1876 3126; x_wconf 88' lang='lat' dir='ltr'>sit</span> <span class='ocrx_word' id='word_1_244' title='bbox 1910 3076 2011 3126; x_wconf 89' lang='lat' dir='ltr'>tuo</span> <span class='ocrx_word' id='word_1_245' title='bbox 2041 3070 2245 3142; x_wconf 84' lang='lat' dir='ltr'>clypeo</span> <span class='ocrx_word' id='word_1_246' title='bbox 2267 3075 2584 3141; x_wconf 86' lang='lat' dir='ltr'>protectus,</span> 
     </span>
     <span class='ocr_line' id='line_1_28' title="bbox 488 3154 2588 3226; baseline 0 -17"><span class='ocrx_word' id='word_1_247' title='bbox 488 3157 525 3180; x_wconf 89' lang='lat'><strong>“</strong></span> <span class='ocrx_word' id='word_1_248' title='bbox 564 3171 699 3209; x_wconf 91' lang='lat' dir='ltr'>cum</span> <span class='ocrx_word' id='word_1_249' title='bbox 732 3154 1090 3226; x_wconf 86' lang='lat' dir='ltr'>proceribus,</span> <span class='ocrx_word' id='word_1_250' title='bbox 1129 3160 1191 3210; x_wconf 90' lang='lat' dir='ltr'>et</span> <span class='ocrx_word' id='word_1_251' title='bbox 1225 3154 1462 3225; x_wconf 89' lang='lat' dir='ltr'>ubique,</span> <span class='ocrx_word' id='word_1_252' title='bbox 1489 3160 1594 3210; x_wconf 77' lang='lat' dir='ltr'>tua.</span> <span class='ocrx_word' id='word_1_253' title='bbox 1627 3154 1838 3225; x_wconf 75' lang='lat' dir='ltr'>gratia,</span> <span class='ocrx_word' id='word_1_254' title='bbox 1865 3155 2054 3210; x_wconf 84' lang='lat' dir='ltr'>victor</span> <span class='ocrx_word' id='word_1_255' title='bbox 2089 3155 2316 3211; x_wconf 76' lang='lat' dir='ltr'>existat.</span> <span class='ocrx_word' id='word_1_256' title='bbox 2392 3154 2588 3210; x_wconf 86' lang='lat' dir='ltr'>Hono-</span> 
     </span>
     <span class='ocr_line' id='line_1_29' title="bbox 488 3237 2588 3311; baseline 0 -19"><span class='ocrx_word' id='word_1_257' title='bbox 488 3242 525 3265; x_wconf 89' lang='lat'><strong>“</strong></span> <span class='ocrx_word' id='word_1_258' title='bbox 564 3238 728 3293; x_wconf 81' lang='lat' dir='ltr'>rifica.</span> <span class='ocrx_word' id='word_1_259' title='bbox 761 3255 896 3293; x_wconf 88' lang='lat' dir='ltr'>eum</span> <span class='ocrx_word' id='word_1_260' title='bbox 930 3257 1053 3310; x_wconf 81' lang='lat' dir='ltr'>proe</span> <span class='ocrx_word' id='word_1_261' title='bbox 1088 3238 1313 3295; x_wconf 86' lang='lat' dir='ltr'>cunctis</span> <span class='ocrx_word' id='word_1_262' title='bbox 1349 3237 1591 3309; x_wconf 88' lang='lat' dir='ltr'>regibus</span> <span class='ocrx_word' id='word_1_263' title='bbox 1627 3239 1912 3309; x_wconf 87' lang='lat' dir='ltr'>gentium.</span> <span class='ocrx_word' id='word_1_264' title='bbox 2009 3238 2177 3294; x_wconf 80' lang='lat' dir='ltr'>Felix</span> <span class='ocrx_word' id='word_1_265' title='bbox 2223 3239 2454 3311; x_wconf 88' lang='lat' dir='ltr'>populis</span> <span class='ocrx_word' id='word_1_266' title='bbox 2491 3238 2588 3293; x_wconf 87' lang='lat' dir='ltr'>do·</span> 
     </span>
     <span class='ocr_line' id='line_1_30' title="bbox 491 3322 2587 3395; baseline 0 -19"><span class='ocrx_word' id='word_1_267' title='bbox 491 3326 528 3349; x_wconf 89' lang='lat'>“</span> <span class='ocrx_word' id='word_1_268' title='bbox 567 3322 843 3388; x_wconf 83' lang='lat' dir='ltr'>minetur,</span> <span class='ocrx_word' id='word_1_269' title='bbox 871 3327 933 3378; x_wconf 89' lang='lat' dir='ltr'>et</span> <span class='ocrx_word' id='word_1_270' title='bbox 967 3322 1221 3378; x_wconf 85' lang='lat' dir='ltr'>feliciter</span> <span class='ocrx_word' id='word_1_271' title='bbox 1258 3339 1392 3377; x_wconf 90' lang='lat' dir='ltr'>eum</span> <span class='ocrx_word' id='word_1_272' title='bbox 1428 3323 1695 3377; x_wconf 78' lang='lat' dir='ltr'>nationes</span> <span class='ocrx_word' id='word_1_273' title='bbox 1731 3322 2009 3390; x_wconf 79' lang='lat' dir='ltr'>adorent3</span> <span class='ocrx_word' id='word_1_274' title='bbox 2047 3324 2213 3379; x_wconf 81' lang='lat' dir='ltr'>vivat</span> <span class='ocrx_word' id='word_1_275' title='bbox 2235 3324 2299 3379; x_wconf 90' lang='lat' dir='ltr'>in</span> <span class='ocrx_word' id='word_1_276' title='bbox 2321 3324 2587 3395; x_wconf 84' lang='lat' dir='ltr'>gentium</span> 
     </span>
     <span class='ocr_line' id='line_1_31' title="bbox 489 3404 2585 3479; baseline 0 -18"><span class='ocrx_word' id='word_1_277' title='bbox 489 3409 527 3433; x_wconf 88' lang='lat'><strong>“</strong></span> <span class='ocrx_word' id='word_1_278' title='bbox 569 3405 590 3437; x_wconf 76' lang='lat'><strong>⁶</strong></span> <span class='ocrx_word' id='word_1_279' title='bbox 611 3412 876 3462; x_wconf 76' lang='lat' dir='ltr'>catervas</span> <span class='ocrx_word' id='word_1_280' title='bbox 911 3407 1340 3478; x_wconf 77' lang='lat' dir='ltr'>magnanimus,</span> <span class='ocrx_word' id='word_1_281' title='bbox 1382 3406 1462 3461; x_wconf 91' lang='lat' dir='ltr'>sit</span> <span class='ocrx_word' id='word_1_282' title='bbox 1510 3406 1574 3460; x_wconf 87' lang='lat' dir='ltr'>in</span> <span class='ocrx_word' id='word_1_283' title='bbox 1600 3404 1847 3476; x_wconf 85' lang='lat' dir='ltr'>judiciis</span> <span class='ocrx_word' id='word_1_284' title='bbox 1897 3408 2192 3478; x_wconf 74' lang='lat' dir='ltr'>aequitatis</span> <span class='ocrx_word' id='word_1_285' title='bbox 2246 3407 2585 3479; x_wconf 75' lang='lat' dir='ltr'>singularis,</span> 
     </span>
     <span class='ocr_line' id='line_1_32' title="bbox 491 3489 2583 3563; baseline 0.002 -20"><span class='ocrx_word' id='word_1_286' title='bbox 491 3492 527 3516; x_wconf 90' lang='lat'><strong>“</strong></span> <span class='ocrx_word' id='word_1_287' title='bbox 564 3489 881 3562; x_wconf 85' lang='lat' dir='ltr'>locupletet</span> <span class='ocrx_word' id='word_1_288' title='bbox 932 3508 1069 3545; x_wconf 87' lang='lat' dir='ltr'>eum</span> <span class='ocrx_word' id='word_1_289' title='bbox 1103 3497 1207 3545; x_wconf 74' lang='lat' dir='ltr'>tua</span> <span class='ocrx_word' id='word_1_290' title='bbox 1240 3489 1530 3560; x_wconf 82' lang='lat' dir='ltr'>praedives</span> <span class='ocrx_word' id='word_1_291' title='bbox 1567 3489 1782 3561; x_wconf 74' lang='lat' dir='ltr'>gratia,</span> <span class='ocrx_word' id='word_1_292' title='bbox 1821 3490 2189 3546; x_wconf 74' lang='lat' dir='ltr'>fructiferam</span> <span class='ocrx_word' id='word_1_293' title='bbox 2224 3491 2439 3547; x_wconf 77' lang='lat' dir='ltr'>habeat</span> <span class='ocrx_word' id='word_1_294' title='bbox 2485 3509 2583 3563; x_wconf 79' lang='lat' dir='ltr'>pa-</span> 
     </span>
     <span class='ocr_line' id='line_1_33' title="bbox 491 3572 2587 3647; baseline 0.001 -19"><span class='ocrx_word' id='word_1_295' title='bbox 491 3577 526 3599; x_wconf 91' lang='lat'><strong>“</strong></span> <span class='ocrx_word' id='word_1_296' title='bbox 565 3574 757 3639; x_wconf 76' lang='lat' dir='ltr'>triam,</span> <span class='ocrx_word' id='word_1_297' title='bbox 787 3579 848 3630; x_wconf 92' lang='lat' dir='ltr'>et</span> <span class='ocrx_word' id='word_1_298' title='bbox 882 3573 1010 3645; x_wconf 86' lang='lat' dir='ltr'>ejus</span> <span class='ocrx_word' id='word_1_299' title='bbox 1046 3572 1248 3628; x_wconf 88' lang='lat' dir='ltr'>liberis</span> <span class='ocrx_word' id='word_1_300' title='bbox 1284 3573 1505 3628; x_wconf 82' lang='lat' dir='ltr'>tribuas</span> <span class='ocrx_word' id='word_1_301' title='bbox 1538 3573 1863 3644; x_wconf 79' lang='lat' dir='ltr'>profutura.</span> <span class='ocrx_word' id='word_1_302' title='bbox 1939 3574 2166 3629; x_wconf 77' lang='lat' dir='ltr'>Proesta</span> <span class='ocrx_word' id='word_1_303' title='bbox 2201 3575 2256 3630; x_wconf 90' lang='lat' dir='ltr'>ei</span> <span class='ocrx_word' id='word_1_304' title='bbox 2292 3575 2587 3647; x_wconf 78' lang='lat' dir='ltr'>prolixita-</span> 
     </span>
     <span class='ocr_line' id='line_1_34' title="bbox 491 3655 2590 3730; baseline 0 -17"><span class='ocrx_word' id='word_1_305' title='bbox 491 3661 529 3684; x_wconf 90' lang='lat'><strong>“</strong></span> <span class='ocrx_word' id='word_1_306' title='bbox 567 3664 687 3713; x_wconf 85' lang='lat' dir='ltr'>tem</span> <span class='ocrx_word' id='word_1_307' title='bbox 720 3658 860 3714; x_wconf 79' lang='lat' dir='ltr'>vitae</span> <span class='ocrx_word' id='word_1_308' title='bbox 894 3675 1002 3730; x_wconf 87' lang='lat' dir='ltr'>per</span> <span class='ocrx_word' id='word_1_309' title='bbox 1034 3663 1315 3729; x_wconf 78' lang='lat' dir='ltr'>tempora,</span> <span class='ocrx_word' id='word_1_310' title='bbox 1358 3664 1427 3712; x_wconf 90' lang='lat' dir='ltr'>ut</span> <span class='ocrx_word' id='word_1_311' title='bbox 1459 3656 1523 3711; x_wconf 86' lang='lat' dir='ltr'>in</span> <span class='ocrx_word' id='word_1_312' title='bbox 1557 3655 1765 3712; x_wconf 88' lang='lat' dir='ltr'>diebus</span> <span class='ocrx_word' id='word_1_313' title='bbox 1802 3657 1931 3729; x_wconf 88' lang='lat' dir='ltr'>ejus</span> <span class='ocrx_word' id='word_1_314' title='bbox 1978 3659 2202 3715; x_wconf 78' lang='lat' dir='ltr'>oriatur</span> <span class='ocrx_word' id='word_1_315' title='bbox 2244 3659 2515 3730; x_wconf 82' lang='lat' dir='ltr'>justitia;</span> <span class='ocrx_word' id='word_1_316' title='bbox 2555 3678 2590 3714; x_wconf 84' lang='lat' dir='ltr'>a</span> 
     </span>
     <span class='ocr_line' id='line_1_35' title="bbox 492 3741 2590 3815; baseline -0 -17"><span class='ocrx_word' id='word_1_317' title='bbox 492 3745 529 3768; x_wconf 80' lang='lat'>‘⁶</span> <span class='ocrx_word' id='word_1_318' title='bbox 567 3749 627 3797; x_wconf 86' lang='lat' dir='ltr'>te</span> <span class='ocrx_word' id='word_1_319' title='bbox 661 3742 968 3798; x_wconf 83' lang='lat' dir='ltr'>robustum</span> <span class='ocrx_word' id='word_1_320' title='bbox 1021 3748 1218 3797; x_wconf 79' lang='lat' dir='ltr'>teneat</span> <span class='ocrx_word' id='word_1_321' title='bbox 1263 3741 1571 3812; x_wconf 84' lang='lat' dir='ltr'>regiminis</span> <span class='ocrx_word' id='word_1_322' title='bbox 1609 3741 1842 3807; x_wconf 89' lang='lat' dir='ltr'>solium,</span> <span class='ocrx_word' id='word_1_323' title='bbox 1871 3748 1932 3797; x_wconf 88' lang='lat' dir='ltr'>et</span> <span class='ocrx_word' id='word_1_324' title='bbox 1967 3760 2104 3798; x_wconf 91' lang='lat' dir='ltr'>eum</span> <span class='ocrx_word' id='word_1_325' title='bbox 2132 3744 2493 3815; x_wconf 78' lang='lat' dir='ltr'>jocunditate</span> <span class='ocrx_word' id='word_1_326' title='bbox 2531 3750 2590 3798; x_wconf 85' lang='lat' dir='ltr'>et</span> 
     </span>
     <span class='ocr_line' id='line_1_36' title="bbox 491 3825 2589 3900; baseline -0 -18"><span class='ocrx_word' id='word_1_327' title='bbox 491 3830 529 3855; x_wconf 77' lang='lat'>‘⁸</span> <span class='ocrx_word' id='word_1_328' title='bbox 561 3826 797 3897; x_wconf 75' lang='lat' dir='ltr'>justitia</span> <span class='ocrx_word' id='word_1_329' title='bbox 818 3832 1036 3882; x_wconf 79' lang='lat' dir='ltr'>aeterno</span> <span class='ocrx_word' id='word_1_330' title='bbox 1060 3826 1348 3898; x_wconf 86' lang='lat' dir='ltr'>glorietur</span> <span class='ocrx_word' id='word_1_331' title='bbox 1372 3825 1433 3880; x_wconf 90' lang='lat' dir='ltr'>in</span> <span class='ocrx_word' id='word_1_332' title='bbox 1456 3825 1704 3897; x_wconf 88' lang='lat' dir='ltr'>regn0.”</span> <span class='ocrx_word' id='word_1_333' title='bbox 1791 3827 1918 3882; x_wconf 79' lang='lat' dir='ltr'>Ista</span> <span class='ocrx_word' id='word_1_334' title='bbox 1939 3828 2244 3900; x_wconf 64' lang='lat' dir='ltr'>praemisse.</span> <span class='ocrx_word' id='word_1_335' title='bbox 2265 3829 2589 3884; x_wconf 84' lang='lat' dir='ltr'>benedictio</span> 
     </span>
     <span class='ocr_line' id='line_1_37' title="bbox 487 3908 2588 3983; baseline 0 -17"><span class='ocrx_word' id='word_1_336' title='bbox 487 3918 620 3982; x_wconf 88' lang='lat' dir='ltr'>post</span> <span class='ocrx_word' id='word_1_337' title='bbox 663 3911 917 3983; x_wconf 71' lang='lat' dir='ltr'>primam</span> <span class='ocrx_word' id='word_1_338' title='bbox 965 3910 1304 3974; x_wconf 74' lang='lat' dir='ltr'>orationem,</span> <span class='ocrx_word' id='word_1_339' title='bbox 1348 3908 1425 3963; x_wconf 75' lang='lat' dir='ltr'>ad</span> <span class='ocrx_word' id='word_1_340' title='bbox 1470 3909 1712 3965; x_wconf 89' lang='lat' dir='ltr'>modum</span> <span class='ocrx_word' id='word_1_341' title='bbox 1759 3911 2139 3983; x_wconf 72' lang='lat' dir='ltr'>praefationis,</span> <span class='ocrx_word' id='word_1_342' title='bbox 2179 3912 2252 3967; x_wconf 79' lang='lat' dir='ltr'>ab</span> <span class='ocrx_word' id='word_1_343' title='bbox 2285 3912 2588 3983; x_wconf 74' lang='lat' dir='ltr'>Archiepi-</span> 
     </span>
     <span class='ocr_line' id='line_1_38' title="bbox 489 3994 2589 4069; baseline 0 -20"><span class='ocrx_word' id='word_1_344' title='bbox 489 4011 663 4066; x_wconf 84' lang='lat' dir='ltr'>scopo</span> <span class='ocrx_word' id='word_1_345' title='bbox 698 3995 1075 4069; x_wconf 77' lang='lat' dir='ltr'>cantabatur3</span> <span class='ocrx_word' id='word_1_346' title='bbox 1117 4012 1234 4065; x_wconf 80' lang='lat' dir='ltr'>qua</span> <span class='ocrx_word' id='word_1_347' title='bbox 1269 3999 1516 4058; x_wconf 78' lang='lat' dir='ltr'>cantata,</span> <span class='ocrx_word' id='word_1_348' title='bbox 1569 3994 1728 4051; x_wconf 75' lang='lat' dir='ltr'>dicta</span> <span class='ocrx_word' id='word_1_349' title='bbox 1779 4001 1871 4051; x_wconf 87' lang='lat' dir='ltr'>est</span> <span class='ocrx_word' id='word_1_350' title='bbox 1905 4001 1966 4051; x_wconf 89' lang='lat' dir='ltr'>et</span> <span class='ocrx_word' id='word_1_351' title='bbox 2011 3996 2128 4051; x_wconf 75' lang='lat' dir='ltr'>alia</span> <span class='ocrx_word' id='word_1_352' title='bbox 2179 3997 2363 4052; x_wconf 78' lang='lat' dir='ltr'>oratio</span> <span class='ocrx_word' id='word_1_353' title='bbox 2413 4014 2589 4067; x_wconf 84' lang='lat' dir='ltr'>super</span> 
     </span>
     <span class='ocr_line' id='line_1_39' title="bbox 488 4076 2589 4151; baseline 0.001 -19"><span class='ocrx_word' id='word_1_354' title='bbox 488 4094 639 4142; x_wconf 90' lang='lat' dir='ltr'>eum,</span> <span class='ocrx_word' id='word_1_355' title='bbox 694 4078 1056 4142; x_wconf 82' lang='lat' dir='ltr'>scilicet,—“</span> <span class='ocrx_word' id='word_1_356' title='bbox 1075 4077 1237 4132; x_wconf 90' lang='lat' dir='ltr'>Deus</span> <span class='ocrx_word' id='word_1_357' title='bbox 1272 4076 1647 4143; x_wconf 78' lang='lat' dir='ltr'>ineffabilis‚”</span> <span class='ocrx_word' id='word_1_358' title='bbox 1684 4096 1818 4134; x_wconf 91' lang='lat' dir='ltr'>cum</span> <span class='ocrx_word' id='word_1_359' title='bbox 1854 4078 2328 4151; x_wconf 76' lang='lat' dir='ltr'>Antiphona‚—“</span> <span class='ocrx_word' id='word_1_360' title='bbox 2349 4080 2589 4136; x_wconf 84' lang='lat' dir='ltr'>Confor-</span> 
     </span>
     <span class='ocr_line' id='line_1_40' title="bbox 491 4160 1504 4228; baseline -0.001 -12"><span class='ocrx_word' id='word_1_361' title='bbox 491 4165 528 4189; x_wconf 90' lang='lat'>“</span> <span class='ocrx_word' id='word_1_362' title='bbox 567 4168 710 4228; x_wconf 73' lang='lat' dir='ltr'>tare,</span> <span class='ocrx_word' id='word_1_363' title='bbox 751 4164 811 4217; x_wconf 85' lang='lat' dir='ltr'>et</span> <span class='ocrx_word' id='word_1_364' title='bbox 846 4166 971 4217; x_wconf 85' lang='lat' dir='ltr'>esto</span> <span class='ocrx_word' id='word_1_365' title='bbox 1004 4161 1098 4216; x_wconf 86' lang='lat' dir='ltr'>vir</span> <span class='ocrx_word' id='word_1_366' title='bbox 1133 4160 1322 4224; x_wconf 82' lang='lat' dir='ltr'>fortis,</span> <span class='ocrx_word' id='word_1_367' title='bbox 1351 4160 1504 4216; x_wconf 91' lang='lat' dir='ltr'>etc.”</span> 
     </span>
    </p>

    <p class='ocr_par' dir='ltr' id='par_1_14' title="bbox 488 4243 2592 4408">
     <span class='ocr_line' id='line_1_41' title="bbox 557 4243 2592 4316; baseline 0.001 -15"><span class='ocrx_word' id='word_1_368' title='bbox 557 4246 720 4301; x_wconf 83' lang='lat' dir='ltr'>Tunc</span> <span class='ocrx_word' id='word_1_369' title='bbox 754 4245 1245 4316; x_wconf 84' lang='lat' dir='ltr'>Archiepiscopus</span> <span class='ocrx_word' id='word_1_370' title='bbox 1282 4244 1529 4300; x_wconf 80' lang='lat' dir='ltr'>accessit</span> <span class='ocrx_word' id='word_1_371' title='bbox 1562 4243 1637 4298; x_wconf 76' lang='lat' dir='ltr'>ad</span> <span class='ocrx_word' id='word_1_372' title='bbox 1674 4261 1828 4308; x_wconf 89' lang='lat' dir='ltr'>eum,</span> <span class='ocrx_word' id='word_1_373' title='bbox 1855 4251 1917 4302; x_wconf 89' lang='lat' dir='ltr'>et</span> <span class='ocrx_word' id='word_1_374' title='bbox 1950 4246 2299 4303; x_wconf 77' lang='lat' dir='ltr'>vestimenta</span> <span class='ocrx_word' id='word_1_375' title='bbox 2333 4265 2441 4303; x_wconf 74' lang='lat' dir='ltr'>sua</span> <span class='ocrx_word' id='word_1_376' title='bbox 2474 4248 2592 4304; x_wconf 87' lang='lat' dir='ltr'>dis-</span> 
     </span>
     <span class='ocr_line' id='line_1_42' title="bbox 488 4332 2591 4408; baseline 0.002 -20"><span class='ocrx_word' id='word_1_377' title='bbox 488 4333 725 4388; x_wconf 86' lang='lat' dir='ltr'>cindens</span> <span class='ocrx_word' id='word_1_378' title='bbox 742 4333 1011 4388; x_wconf 81' lang='lat' dir='ltr'>manibus</span> <span class='ocrx_word' id='word_1_379' title='bbox 1037 4332 1161 4387; x_wconf 87' lang='lat' dir='ltr'>suis</span> <span class='ocrx_word' id='word_1_380' title='bbox 1185 4349 1221 4386; x_wconf 77' lang='lat' dir='ltr'><strong>a</strong></span> <span class='ocrx_word' id='word_1_381' title='bbox 1244 4349 1472 4387; x_wconf 88' lang='lat' dir='ltr'>summo</span> <span class='ocrx_word' id='word_1_382' title='bbox 1494 4349 1684 4403; x_wconf 91' lang='lat' dir='ltr'>usque</span> <span class='ocrx_word' id='word_1_383' title='bbox 1708 4333 1783 4388; x_wconf 77' lang='lat' dir='ltr'>ad</span> <span class='ocrx_word' id='word_1_384' title='bbox 1799 4333 2003 4399; x_wconf 90' lang='lat' dir='ltr'>imum,</span> <span class='ocrx_word' id='word_1_385' title='bbox 2026 4335 2187 4390; x_wconf 84' lang='lat' dir='ltr'>exuit</span> <span class='ocrx_word' id='word_1_386' title='bbox 2202 4352 2357 4401; x_wconf 88' lang='lat' dir='ltr'>eum,</span> <span class='ocrx_word' id='word_1_387' title='bbox 2378 4342 2591 4408; x_wconf 80' lang='lat' dir='ltr'>praeter</span> 
     </span>
    </p>
   </div>
   <div class='ocr_carea' id='block_1_3' title="bbox 506 4455 583 4462">
    <p class='ocr_par' dir='ltr' id='par_1_15' title="bbox 506 4455 583 4462">
     <span class='ocr_line' id='line_1_43' title="bbox 506 4455 583 4462; baseline -0.013 0"><span class='ocrx_word' id='word_1_388' title='bbox 506 4455 583 4462; x_wconf 71' lang='lat'>——-</span> 
     </span>
    </p>
   </div>
   <div class='ocr_carea' id='block_1_4' title="bbox 612 4455 763 4461">
    <p class='ocr_par' dir='ltr' id='par_1_16' title="bbox 612 4455 763 4461">
     <span class='ocr_line' id='line_1_44' title="bbox 612 4455 763 4461; baseline 0 0"><span class='ocrx_word' id='word_1_389' title='bbox 612 4455 763 4461; x_wconf 95' lang='lat' dir='ltr'> </span> 
     </span>
    </p>
   </div>
   <div class='ocr_carea' id='block_1_5' title="bbox 1114 4453 1389 4460">
    <p class='ocr_par' dir='ltr' id='par_1_17' title="bbox 1114 4453 1389 4460">
     <span class='ocr_line' id='line_1_45' title="bbox 1114 4453 1389 4460; baseline 0 1157"><span class='ocrx_word' id='word_1_390' title='bbox 1114 4453 1389 4460; x_wconf 95' lang='lat' dir='ltr'> </span> 
     </span>
    </p>
   </div>
   <div class='ocr_carea' id='block_1_6' title="bbox 491 4511 2594 4817">
    <p class='ocr_par' dir='ltr' id='par_1_18' title="bbox 491 4511 2594 4817">
     <span class='ocr_line' id='line_1_46' title="bbox 556 4511 2594 4581; baseline 0.003 -19"><span class='ocrx_word' id='word_1_391' title='bbox 556 4514 569 4545; x_wconf 86' lang='lat'>¹</span> <span class='ocrx_word' id='word_1_392' title='bbox 595 4513 915 4579; x_wconf 74' lang='lat' dir='ltr'>rapacitatem</span> <span class='ocrx_word' id='word_1_393' title='bbox 936 4512 991 4562; x_wconf 88' lang='lat' dir='ltr'>in</span> <span class='ocrx_word' id='word_1_394' title='bbox 1013 4512 1101 4563; x_wconf 82' lang='lat' dir='ltr'>the</span> <span class='ocrx_word' id='word_1_395' title='bbox 1115 4511 1316 4577; x_wconf 85' lang='lat' dir='ltr'>printed</span> <span class='ocrx_word' id='word_1_396' title='bbox 1338 4517 1486 4562; x_wconf 83' lang='lat' dir='ltr'>texts.</span> <span class='ocrx_word' id='word_1_397' title='bbox 1656 4513 1675 4542; x_wconf 82' lang='lat'>⁴</span> <span class='ocrx_word' id='word_1_398' title='bbox 1697 4511 1975 4576; x_wconf 77' lang='lat' dir='ltr'>Mispleced</span> <span class='ocrx_word' id='word_1_399' title='bbox 1996 4514 2050 4563; x_wconf 90' lang='lat' dir='ltr'>in</span> <span class='ocrx_word' id='word_1_400' title='bbox 2081 4515 2226 4581; x_wconf 66' lang='lat' dir='ltr'>orig„</span> <span class='ocrx_word' id='word_1_401' title='bbox 2259 4516 2385 4567; x_wconf 76' lang='lat' dir='ltr'>after</span> <span class='ocrx_word' id='word_1_402' title='bbox 2419 4517 2564 4568; x_wconf 72' lang='lat' dir='ltr'>Deus</span> <span class='ocrx_word' id='word_1_403' title='bbox 2576 4541 2594 4579; x_wconf 83' lang='lat'>,-</span> 
     </span>
     <span class='ocr_line' id='line_1_47' title="bbox 555 4589 2592 4663; baseline 0.003 -22"><span class='ocrx_word' id='word_1_404' title='bbox 555 4595 575 4623; x_wconf 84' lang='lat'>²</span> <span class='ocrx_word' id='word_1_405' title='bbox 595 4609 872 4658; x_wconf 70' lang='lat' dir='ltr'>responsum</span> <span class='ocrx_word' id='word_1_406' title='bbox 914 4601 987 4643; x_wconf 71' lang='lat' dir='ltr'>est</span> <span class='ocrx_word' id='word_1_407' title='bbox 1023 4609 1059 4642; x_wconf 84' lang='lat' dir='ltr'><strong><em>a</em></strong></span> <span class='ocrx_word' id='word_1_408' title='bbox 1096 4589 1237 4657; x_wconf 80' lang='lat' dir='ltr'>plebe</span> <span class='ocrx_word' id='word_1_409' title='bbox 1298 4590 1351 4639; x_wconf 86' lang='lat' dir='ltr'>in</span> <span class='ocrx_word' id='word_1_410' title='bbox 1403 4589 1489 4641; x_wconf 85' lang='lat' dir='ltr'>the</span> <span class='ocrx_word' id='word_1_411' title='bbox 1589 4592 1692 4641; x_wconf 78' lang='lat' dir='ltr'>and</span> <span class='ocrx_word' id='word_1_412' title='bbox 1713 4591 1957 4658; x_wconf 79' lang='lat' dir='ltr'>similarly</span> <span class='ocrx_word' id='word_1_413' title='bbox 1977 4593 2033 4642; x_wconf 86' lang='lat' dir='ltr'>in</span> <span class='ocrx_word' id='word_1_414' title='bbox 2065 4593 2179 4646; x_wconf 83' lang='lat' dir='ltr'>MS.</span> <span class='ocrx_word' id='word_1_415' title='bbox 2212 4595 2351 4647; x_wconf 86' lang='lat' dir='ltr'>Bibl.</span> <span class='ocrx_word' id='word_1_416' title='bbox 2374 4597 2501 4663; x_wconf 84' lang='lat' dir='ltr'>Reg.</span> <span class='ocrx_word' id='word_1_417' title='bbox 2531 4604 2592 4648; x_wconf 88' lang='lat'>13</span> 
     </span>
     <span class='ocr_line' id='line_1_48' title="bbox 491 4669 1750 4736; baseline 0 -16"><span class='ocrx_word' id='word_1_418' title='bbox 491 4671 689 4736; x_wconf 82' lang='lat' dir='ltr'>printed</span> <span class='ocrx_word' id='word_1_419' title='bbox 709 4677 859 4721; x_wconf 80' lang='lat' dir='ltr'>texts.</span> <span class='ocrx_word' id='word_1_420' title='bbox 1590 4670 1650 4720; x_wconf 81' lang='lat' dir='ltr'>E.</span> <span class='ocrx_word' id='word_1_421' title='bbox 1674 4669 1750 4720; x_wconf 86' lang='lat' dir='ltr'>ix.</span> 
     </span>
     <span class='ocr_line' id='line_1_49' title="bbox 557 4749 2491 4817; baseline 0.003 -16"><span class='ocrx_word' id='word_1_422' title='bbox 557 4754 577 4781; x_wconf 77' lang='lat'><strong>³</strong></span> <span class='ocrx_word' id='word_1_423' title='bbox 600 4752 749 4801; x_wconf 69' lang='lat' dir='ltr'>risone</span> <span class='ocrx_word' id='word_1_424' title='bbox 772 4751 825 4802; x_wconf 86' lang='lat' dir='ltr'>in</span> <span class='ocrx_word' id='word_1_425' title='bbox 852 4751 935 4802; x_wconf 86' lang='lat' dir='ltr'>the</span> <span class='ocrx_word' id='word_1_426' title='bbox 957 4749 1154 4815; x_wconf 84' lang='lat' dir='ltr'>printed</span> <span class='ocrx_word' id='word_1_427' title='bbox 1177 4756 1323 4800; x_wconf 80' lang='lat' dir='ltr'>texts.</span> <span class='ocrx_word' id='word_1_428' title='bbox 1655 4752 1675 4779; x_wconf 76' lang='lat'>⁵</span> <span class='ocrx_word' id='word_1_429' title='bbox 1695 4751 1905 4799; x_wconf 72' lang='lat' dir='ltr'>catervis</span> <span class='ocrx_word' id='word_1_430' title='bbox 1925 4750 1979 4801; x_wconf 90' lang='lat' dir='ltr'>in</span> <span class='ocrx_word' id='word_1_431' title='bbox 2003 4753 2088 4803; x_wconf 81' lang='lat' dir='ltr'>the</span> <span class='ocrx_word' id='word_1_432' title='bbox 2123 4753 2322 4817; x_wconf 81' lang='lat' dir='ltr'>printed</span> <span class='ocrx_word' id='word_1_433' title='bbox 2343 4761 2491 4807; x_wconf 77' lang='lat' dir='ltr'>texts.</span> 
     </span>
    </p>
   </div>
  </div>
 </body>
</html>
