3300 5617
1135 786 1463 837 HISTORIA
1494 785 1912 835 ANGLIOANA.
2437 774 2474 835 3
2482 773 2519 834 6
2528 774 2564 833 5

58 955 249 1012 MS.
277 962 420 1012 Bibl.
490 958 1019 1030 proficiscentibns;
1077 959 1179 1030 qui
1216 975 1331 1014 non
1370 959 1558 1013 solum
1595 957 1840 1014 evadere
1887 956 2103 1012 meruit
2136 956 2316 1011 maris
2356 955 2570 1011 incom-
2593 967 2729 1019 ΑΒ,
2760 975 2901 1022 1378.

62 1023 263 1093 Ileg.
298 1035 362 1079 13

64 1090 176 1143 E.
212 1096 297 1147 ix.

492 1043 679 1104 moda.
738 1042 840 1097 sed
883 1049 942 1098 et
982 1042 1226 1114 adipisci
1278 1042 1477 1097 divino
1518 1042 1735 1108 favore,
1779 1059 1896 1097 non
1951 1048 2178 1096 tantum
2217 1040 2330 1095 sibi
2369 1041 2472 1095 sed
2511 1045 2571 1094 ct
2595 1052 2758 1116 Pet-cy
2780 1069 2901 1102 over

492 1127 599 1182 toti
647 1145 829 1197 regno
867 1127 1167 1199 perampla
1221 1126 1536 1182 commoda.
1629 1128 1748 1183 Hic
1803 1144 2070 1197 namque,
2121 1133 2429 1196 postquam
2479 1124 2568 1179 sui
2597 1119 2812 1198 spCanish

490 1211 713 1281 navigii
758 1210 990 1265 infirma
1037 1210 1378 1275 ¹firmasset,
1412 1211 1707 1283 profectus
1744 1215 1836 1265 est
1869 1228 2004 1265 cum
2038 1228 2156 1264 una
2188 1226 2403 1279 magna
2433 1208 2571 1262 navi
2596 1187 2749 1251 ⁸¹²¹P⁸·

488 1301 548 1349 et
594 1293 818 1348 duabus
866 1293 1107 1364 bargiis,
1160 1294 1409 1365 aliisque
1458 1294 1779 1349 minoribus
1829 1295 1987 1350 vasis
2029 1293 2248 1365 paucis,
2289 1298 2349 1347 et
2382 1292 2571 1347 factus

487 1384 578 1432 cst
600 1377 832 1432 obviam
857 1377 1283 1448 quinquaginta
1320 1377 1567 1432 navibus
1604 1378 1827 1432 onustis
1863 1378 2154 1432 mercibus
2193 1376 2569 1440 Gallicorum,

487 1478 735 1531 quarum
785 1460 1050 1531 quaedam
1086 1461 1249 1515 fuere
1275 1461 1683 1526 Flandrenses,
1725 1461 1992 1533 quaedam
2014 1461 2387 1532 Hispanicae3
2415 1460 2571 1530 ipsas

484 1534 792 1616 intrepide⁵
819 1550 911 1600 est
956 1562 1291 1615 aggressae,
1342 1544 1694 1601 denuncians
1751 1545 1942 1616 primo
1996 1545 2448 1600 Flandrensibus
2507 1547 2575 1597 ut

486 1628 821 1684 secederent
854 1630 925 1682 ab
960 1629 1261 1700 Hispanis.
1336 1628 1561 1697 Quibus
1584 1628 1913 1684 nolentibus
1939 1630 2125 1685 socios
2149 1629 2570 1701 derelinquere,

487 1730 555 1766 eo
593 1712 747 1783 qnod
779 1711 1126 1768 videbantur
1177 1729 1380 1768 eorum
1432 1712 1584 1774 bona
1629 1713 2014 1769 communiter
2048 1731 2182 1768 cum
2219 1714 2573 1771 Francorum

485 1796 697 1850 vehere
732 1796 1092 1860 necessariis,
1132 1797 1257 1851 sine
1293 1796 1522 1854 delectu
1572 1802 1729 1851 rates
1775 1796 2008 1852 invasit.
2083 1796 2225 1865 Quae
2274 1808 2573 1855 cernentes

487 1881 614 1951 ejus
666 1880 1048 1935 constantiam
1097 1879 1434 1944 animosam,
1491 1886 1552 1935 et
1599 1885 1868 1950 putantes
1904 1880 1966 1934 in
2000 1882 2261 1951 proximo
2296 1900 2573 1953 magnum

488 1964 599 2018 sibi
637 1963 963 2019 subsidium
998 1963 1333 2027 affuturum,
1372 1963 1649 2019 resistere
1697 1963 2087 2030 destiterunt;
2129 1971 2189 2020 et
2237 1983 2388 2031 mox,
2441 1974 2571 2023 octo

487 2055 548 2102 ct
590 2047 807 2117 viginti
846 2047 989 2118 fuga
1028 2047 1333 2118 prolapsis,
1375 2046 1591 2118 viginti
1633 2046 1764 2101 duae
1807 2063 1870 2101 se
1919 2048 2183 2118 protinus
2231 2049 2570 2116 reddidere;

487 2131 686 2201 sicque
725 2130 885 2185 solus
909 2130 1065 2185 idem
1088 2131 1357 2194 Thomas,
1399 2148 1465 2185 rc
1491 2131 1638 2185 bene
1665 2135 1851 2202 gesta,
1879 2130 2055 2186 rediit
2078 2131 2572 2198 commendabilis,

486 2215 619 2269 aliis
661 2215 745 2268 nil
783 2215 1214 2285 reportantibus
1252 2222 1465 2286 praeter
1505 2214 1730 2270 fuscam
1769 2215 2000 2269 famam.
2077 2215 2167 2269 De
2194 2217 2405 2286 quibus
2429 2236 2574 2288 prm-

486 2298 744 2353 dicatum
782 2299 975 2355 fuerat
1016 2316 1114 2353 eos
1156 2298 1456 2370 expedisse
1495 2299 1692 2353 minus
1729 2315 2022 2370 prospere,
2067 2300 2222 2369 quod
2252 2318 2364 2354 non
2391 2302 2578 2355 solum

486 2382 749 2453 publicas
790 2382 1129 2438 meretrices
1167 2382 1295 2437 ausi
1337 2388 1474 2438 sunt
1509 2400 1708 2438 secum
1732 2382 1807 2437 ad
1829 2383 2055 2438 marina
2076 2383 2231 2438 bella
2253 2385 2575 2449 traducere,

488 2465 591 2522 sed
628 2473 687 2522 et
721 2466 1294 2539 comprovincialium
1329 2466 1626 2538 conjuges,
1667 2465 1916 2523 adulteri
1952 2474 2014 2522 et
2046 2466 2272 2524 incesti.

1155 2729 1257 2796 De
1297 2728 1580 2796 Roberto
1623 2729 1922 2833 Knolles.

562 2871 783 2926 Eadem
819 2876 1165 2944 tempestate
1201 2869 1493 2926 Robertus
1530 2869 1795 2937 Knolles,
1832 2871 1927 2926 cni
1964 2871 2231 2927 custodia
2267 2875 2579 2931 commissa.
2601 2904 2791 2956 Robert

492 2955 683 3011 fuerat
719 2955 945 3011 castelli
982 2955 1053 3010 de
1089 2955 1282 3018 Brest,
1321 2972 1427 3026 per
1474 2954 1867 3026 exploratores
1910 2955 2167 3021 edoctus,
2212 2956 2419 3013 didicit
2463 2977 2578 3014 non
2603 2972 2812 3023 Knoueg

490 3046 622 3111 post
673 3039 889 3094 multos
941 3039 1066 3094 dies
1116 3037 1398 3110 quosdam
1446 3038 1717 3093 Britones
1764 3037 2114 3094 adventuros
2161 3039 2452 3097 hostiliter
2505 3043 2579 3098 ad
2603 3040 2813 3090 eludesn

488 3122 866 3194 praedandum
902 3122 1152 3195 patriam
1190 3123 1348 3177 circa
1383 3139 1535 3185 enm,
1579 3127 1649 3176 ut
1694 3122 1819 3193 ipse
1858 3128 2204 3194 provocatus
2253 3124 2363 3180 hoc
2408 3126 2579 3181 modo
2605 3114 2874 3221 Bimgngssm

489 3206 675 3261 exiret
698 3206 1084 3261 inconsultius
1108 3204 1184 3260 ad
1207 3203 1607 3276 repellendum
1631 3222 1763 3271 eos3
1804 3205 1975 3271 unde,
2006 3206 2058 3260 si
2082 3205 2315 3262 fortuna
2337 3208 2575 3273 faveret,
2605 3182 2719 3287 {³015ss
2739 3189 2912 3288 Gange'

489 3288 603 3360 ipsi
656 3289 926 3344 Britones
974 3288 1246 3343 fiduciam
1290 3288 1483 3360 ipsum
1524 3288 1918 3343 'interficiendi
1980 3296 2379 3361 conceperant.
2462 3292 2579 3347 Sed
2604 3277 2792 3355 defessts

490 3373 740 3438 frustra3
780 3391 913 3428 nam
951 3390 1153 3427 eorum
1188 3371 1425 3427 fraudes
1461 3372 1587 3443 ipse
1616 3373 2023 3444 praeveniendo
2054 3373 2289 3439 delusit,
2318 3381 2394 3441 et,
2435 3395 2579 3448 prae-
2605 3372 2755 3421 them.

491 3464 759 3512 currente
795 3457 994 3512 divina
1018 3456 1229 3527 gratia,
1270 3455 1426 3528 quod
1461 3457 1523 3510 in
1548 3456 1743 3527 ipsum
1773 3456 2038 3513 meditati
2062 3457 2295 3514 fuerant
2328 3460 2390 3514 in
2423 3460 2580 3532 ipsos

492 3540 594 3595 ille
647 3541 910 3612 peregit;
962 3539 1414 3611 cecideruntque
1469 3539 1531 3594 in
1566 3539 1796 3596 foveam
1841 3557 2019 3610 quam
2054 3540 2340 3609 fecerunt,
2395 3544 2580 3616 captis

494 3623 792 3696 octoginta
827 3630 888 3680 et
921 3624 1256 3680 carceribus
1297 3622 1661 3713 mancipatis.

497 3882 845 3951 Dmm'aws
889 3882 970 3949 H
963 3903 1098 3967 ‘ayo
1147 3881 1443 3950 Calverle
1488 3889 1548 3949 et
1592 3883 1712 3949 eui
1762 3883 2068 3971 spobiaozt
2112 3884 2560 3958 ”Mereatm‘es

1323 3984 1766 4052 Bolonienses.

568 4132 779 4189 Paucis
815 4131 1066 4187 evolutis
1100 4132 1307 4188 diebus
1342 4137 1477 4204 post
1510 4131 1743 4195 Natale,
1798 4131 2083 4189 Dominus
2124 4134 2305 4205 Hugo
2345 4135 2417 4191 de
2454 4138 2586 4194 Cal-

496 4215 711 4281 verlee,
756 4214 1111 4271 otiositatem
1147 4215 1260 4270 sibi
1295 4215 1592 4270 inimicam
1626 4215 1985 4280 existimans,
2021 4216 2224 4271 nolens
2260 4218 2436 4275 etiam
2478 4223 2585 4277 ini-

498 4300 680 4355 micos
722 4299 784 4354 in
821 4299 940 4354 otio
984 4300 1312 4371 transigere
1362 4299 1463 4354 diu
1501 4298 1646 4366 dies,
1700 4300 2028 4355 convocatis
2064 4302 2330 4358 omnibus
2377 4305 2586 4362 vicinis

499 4386 622 4440 suis
678 4384 780 4455 qui
829 4383 1111 4463 parebant
1144 4382 1486 4454 Anglicanae
1528 4382 1685 4448 fidei,
1741 4384 2149 4456 universisque
2201 4387 2323 4443 suis
2373 4391 2585 4461 stipen-

544 4611 557 4640 ¹
565 4609 849 4672 fimas-seut
862 4606 915 4655 in
939 4604 1065 4669 orig.
1082 4605 1181 4654 and
1198 4604 1283 4653 the
1301 4602 1499 4667 printed
1654 4606 1674 4633 '·‘
1695 4603 2038 4653 mereator-ihus
2098 4605 2466 4662 Boloniensibus
2531 4615 2587 4665 in

499 4697 654 4739 texts:
693 4686 948 4738 corrected
971 4684 1102 4735 from
1124 4683 1257 4733 Bibl.
1284 4683 1408 4746 Reg.
1438 4688 1497 4731 13
1589 4681 1716 4747 orig.

502 4768 562 4817 Ε.
588 4766 660 4816 ix.
