3300 5617
1075 801 1408 853 msroms
1438 801 1862 852 ANGLICANA.
2412 787 2544 854 399

55 1000 209 1054 us,
235 1003 384 1053 Bibl,
444 990 670 1044 hostem
733 1003 850 1042 uno
909 987 1033 1042 ictu
1094 994 1480 1059 percusserat,
1532 1004 1648 1042 non
1712 1004 1857 1058 opus
1920 991 2049 1041 erat
2101 991 2170 1041 ut
2228 984 2548 1039 secundum
2571 982 2709 1035 Aa).
2739 988 2882 1035 1379.

56 1067 222 1151 Ξθξ·
260 1076 327 1120 13
447 1072 702 1128 adderet.
780 1070 1032 1126 Cernere
1072 1076 1200 1125 erat
1243 1071 1465 1126 ibidem
1511 1071 1862 1126 fortissimas
1912 1070 2110 1141 galeas
2159 1087 2194 1123 a
2240 1068 2386 1123 viris
2436 1068 2549 1121 for-

55 1144 119 1184 ²⁴·
156 1150 262 1186 ¹¹·
446 1156 604 1212 tibus
643 1154 876 1210 omnino
914 1153 1216 1220 dissectas,
1242 1154 1549 1209 nonnullas
1582 1160 1778 1209 autem
1813 1155 1899 1209 ita
1932 1152 2186 1217 collisas,
2213 1157 2282 1207 ut
2318 1150 2550 1206 omnino

445 1239 541 1294 vel
596 1243 982 1308 conquassato
1045 1238 1235 1309 capite
1306 1238 1402 1293 vel
1465 1238 1732 1302 contrito,
1778 1255 1962 1292 unum
2009 1237 2163 1291 latus
2227 1234 2552 1290 adhaereret

447 1322 636 1387 alteri,
677 1321 842 1376 nulla
877 1327 1002 1376 arte
1041 1320 1373 1386 levandum,
1419 1321 1583 1376 nulla
1623 1322 1847 1376 ratione
1910 1319 2364 1384 reformandum,
2425 1318 2550 1373 sine

446 1405 828 1461 dissolutione
862 1405 1044 1460 totius
1096 1405 1306 1476 operis,
1383 1404 1572 1459 Affuit,
1631 1403 1647 1436 ¹
1669 1405 1821 1459 inter
1856 1400 2071 1475 ²[haec]
2111 1410 2172 1458 et
2218 1402 2335 1458 alia
2381 1401 2554 1457 turba

449 1490 792 1562 garcionum
830 1494 891 1543 et
912 1487 1182 1552 aliorum,
1213 1489 1316 1559 qui
1359 1488 1435 1543 ad
1457 1488 1783 1543 custodiam
1824 1505 2108 1559 equorum
2130 1491 2548 1548 remanserant,

450 1581 509 1629 et
545 1574 618 1629 ad
660 1572 951 1637 sarcinas;
1007 1590 1138 1643 quae
1174 1571 1380 1626 videns
1416 1572 1543 1643 jam
1582 1577 1803 1627 statum
1837 1571 1981 1627 belli
2036 1589 2106 1626 ex
2157 1576 2325 1642 parte
2373 1569 2553 1624 Fran-

450 1675 651 1713 corum
698 1656 1033 1726 aliqualiter
1082 1655 1444 1719 inclinatum,
1497 1662 1733 1728 sumpta
1792 1655 2053 1719 audacia,
2109 1662 2172 1710 et
2235 1653 2552 1725 assumptis

448 1741 873 1803 instrumentis,
901 1739 998 1794 vel
1039 1757 1171 1810 quoe
1211 1740 1284 1795 de
1319 1740 1576 1812 propriis
1612 1740 1829 1795 habere
1871 1745 2144 1811 poterant
2175 1739 2271 1794 vel
2311 1756 2442 1810 quae
2482 1736 2554 1791 de

451 1825 790 1881 cadentibus
833 1823 1075 1879 Francis
1114 1828 1493 1889 extorserant,
1534 1830 1773 1895 repente
1813 1841 1883 1878 ex
1918 1822 2163 1878 adverso
2205 1841 2380 1894 super
2417 1822 2553 1877 Gal·

451 1909 595 1964 licos
630 1909 895 1973 irruunt3
942 1913 1002 1963 et
1049 1925 1166 1972 eos,
1213 1907 1436 1979 duplici
1475 1908 1821 1962 contritione
1860 1905 2228 1970 conterendO,
2280 1906 2420 1960 dum
2467 1905 2552 1959 hii

452 1993 599 2047 istac
637 1991 886 2055 caedunt,
926 1991 1088 2055 illuc,
1126 1998 1194 2047 ut
1217 1991 1491 2055 diximus,
1532 1990 1819 2045 Dominus
1846 1990 2147 2045 Galfridus
2175 1995 2551 2053 memoratus,

453 2082 514 2131 et
555 2077 666 2140 sui,
722 2076 991 2139 saeviunt,
1026 2073 1178 2144 ²[in]
1220 2074 1717 2146 ⁸desperationem
1750 2073 2075 2137 adducunt,
2135 2079 2196 2128 et
2248 2073 2552 2135 violenter,

454 2161 633 2214 immo
668 2158 1053 2224 turbulenter,
1096 2158 1170 2213 ad
1207 2158 1565 2213 deditionem
1601 2157 1993 2228 compellunt;
2035 2157 2245 2212 occisis
2281 2156 2556 2227 primitus

455 2243 767 2315 plusquam
802 2248 1037 2298 centum
1072 2243 1308 2313 viginti,
1355 2249 1416 2298 et
1462 2242 1647 2313 captis
1697 2258 1844 2313 pene
1876 2240 2210 2312 prisonibus
2259 2240 2334 2294 ad
2357 2257 2557 2294 nume·

455 2346 589 2382 rum
626 2327 1044 2396 supradictum.

527 2411 709 2466 Facta
745 2415 836 2465 est
871 2410 1057 2482 igitur
1091 2411 1156 2465 in
1190 2410 1297 2465 illa
1319 2409 1414 2464 die
1448 2427 1664 2480 magna
1703 2408 1860 2463 salus
1905 2409 1968 2462 in
2006 2413 2180 2479 gente
2204 2407 2553 2478 Anglorum,

456 2501 517 2550 et
553 2494 960 2550 collaudabant
999 2493 1317 2548 Dominum
1354 2491 1842 2563 Omnipotentem,
1886 2492 1978 2546 cui
2029 2509 2145 2545 non
2192 2497 2284 2545 est
2323 2490 2557 2545 difficile

456 2577 682 2633 salvare
717 2578 780 2631 in
814 2577 1018 2648 paucis
1056 2594 1222 2649 aeque
1244 2581 1315 2631 ut
1335 2576 1399 2631 in
1428 2575 1650 2630 multis.
1725 2575 1805 2630 Et
1837 2576 2059 2630 reversi
2094 2580 2231 2629 sunt
2261 2574 2336 2628 ad
2370 2574 2559 2627 muni-

455 2662 674 2732 cipium
711 2678 843 2715 cum
892 2676 1107 2731 magna
1152 2659 1343 2731 gloria
1392 2664 1453 2714 et
1493 2659 1696 2730 spoliis
1745 2658 1967 2721 multiS,
2009 2657 2174 2727 digni
2223 2675 2329 2728 per
2366 2657 2561 2711 omnia

459 2744 671 2815 quibus
710 2743 1076 2807 dicatur,-“
1102 2742 1227 2798 Vos
1267 2743 1409 2798 estis
1448 2744 1552 2813 qui
1589 2742 1815 2796 fecistis
1854 2741 2103 2796 salutem
2140 2741 2201 2795 in
2251 2741 2456 2804 Israel,
2501 2746 2561 2793 et

463 2832 501 2854 “
540 2827 865 2883 abstulistis
909 2827 1283 2898 opprobrium
1323 2826 1396 2881 de
1436 2825 1672 2896 gente.”

461 3190 913 3257 Flandrenses
950 3189 1207 3277 perfidi
1245 3212 1377 3277 pro
1397 3189 1820 3358 lcmdelitate
1863 3189 1949 3256 in
1992 3188 2256 3271 Anylos
2315 3209 2558 3276 poe‘nas

1425 3300 1624 3359 uun&

533 3445 752 3500 Eodem
791 3463 959 3510 amm,
996 3445 1151 3501 circa
1192 3445 1406 3502 festum
1444 3445 1791 3502 Nativitatis
1837 3445 2036 3501 Sancti
2077 3444 2116 3500 J
2118 3445 2361 3499 ohannis
2408 3443 2560 3515 Bap-
2587 3439 2834 3518 Evilyeu·

461 3530 635 3595 tistae,
687 3530 1058 3584 manifestata
1116 3535 1207 3585 est
1270 3529 1572 3584 hominum
1630 3530 1860 3584 malitia
1908 3528 2105 3584 dolose
2165 3528 2557 3599 diligentium,
2587 3509 2788 3557 ‘lencm
2809 3504 2872 3554 ⁰f

463 3620 524 3668 ct
568 3619 1004 3684 consequenter,
1046 3612 1172 3668 Deo
1208 3614 1454 3676 volente,
1495 3615 1557 3668 in
1595 3613 1825 3669 dolosos
1865 3612 2031 3686 justa
2066 3611 2562 3667 animadversione
2585 3573 2829 3703 ξξιιξηξέῗῃ

461 3697 839 3753 vindicatum.
913 3697 1147 3753 Malitia
1183 3698 1421 3769 quidem
1452 3698 1757 3753 hominum
1791 3698 2124 3769 impiorum,
2163 3694 2186 3728 ²
2207 3693 2557 3766 [hominum]
2588 3706 2719 3756 their
2740 3720 2862 3754 con-

464 3781 595 3835 ficte
653 3780 1036 3851 loquentium,
1099 3780 1400 3836 hominum
1463 3781 1837 3853 perfidorum,
1909 3780 2375 3843 Blandi-ensium,
2439 3778 2560 3848 qui,
2589 3774 2708 3822 duct
2729 3779 2804 3821 20·

464 3881 624 3919 more
676 3864 1191 3929 Samaritanorum,
1233 3863 1274 3919 J
1274 3865 1470 3920 udaeos
1520 3864 1812 3936 quondam
1862 3865 2176 3921 colentium
2214 3865 2369 3919 inter
2401 3880 2564 3934 pros·
2589 3837 2861 3955 {ar‘fflghe

463 3964 622 4018 pera,
660 3948 1135 4018 persequentium
1170 3949 1324 4004 inter
1359 3948 1622 4014 adversa,
1658 3949 1940 4019 Anglicos
1976 3949 2239 4005 vicissim
2274 3954 2336 4003 et
2369 3952 2567 4001 amant
2635 3921 2705 3971 ng
2809 3942 2822 3955 ⁶

466 4038 527 4085 et
560 4030 766 4085 odiunt
799 4032 1083 4086 varietate
1118 4037 1461 4103 temporum.
1537 4033 1645 4087 Hii
1685 4032 1976 4103 siquidem
2012 4038 2072 4087 et
2105 4032 2332 4101 Anglos
2370 4030 2568 4086 colunt

466 4120 526 4169 et
558 4114 833 4184 diligunt,
878 4114 1019 4169 dum
1055 4121 1282 4171 constat
1315 4133 1414 4171 eos
1447 4133 1575 4171 esse
1606 4116 1936 4187 superiores
1973 4113 2253 4179 adversis,
2296 4114 2565 4168 fortiores

465 4197 750 4261 hostibus,
791 4198 1201 4253 fortunatiores
1230 4198 1693 4264 adversantibus,
1730 4199 1903 4254 solito
1937 4198 2210 4264 ditiores3
2253 4204 2315 4253 at
2344 4203 2563 4261 contra,

468 4299 602 4335 cum
662 4284 908 4335 cernunt
960 4282 1046 4335 eis
1088 4281 1333 4337 adversa
1379 4299 1752 4354 consurgere,
1803 4282 2187 4354 praevalentes
2233 4281 2430 4337 hostes
2479 4282 2565 4336 in-

540 4582 551 4612 ¹
578 4581 721 4629 etium
743 4587 790 4629 et
821 4580 877 4630 in
900 4581 986 4631 the
1004 4581 1205 4645 printed
1225 4589 1376 4632 texts.
1638 4585 1659 4614 ⁸
1680 4583 2041 4649 dissipationem
2089 4585 2143 4635 iu
2178 4586 2304 4650 orig.
2346 4586 2448 4636 and
2483 4586 2569 4637 the

532 4663 552 4692 ²
574 4661 816 4726 Supplied
865 4661 994 4712 stom
1050 4662 1186 4713 Bibl.
1232 4662 1358 4728 Reg.
1409 4668 1468 4713 13
1571 4661 1772 4726 printed
1793 4672 1963 4723 texts3
1999 4667 2250 4716 corrected
2273 4666 2401 4716 stom
2435 4666 2570 4717 Bibl.

468 4738 526 4790 Ε.
547 4740 645 4791 ix.:
688 4740 897 4790 omitted
913 4740 968 4789 in
990 4741 1075 4792 the
1098 4742 1299 4806 printed
1319 4750 1466 4792 texts.
1569 4741 1697 4807 Reg.
1726 4748 1784 4791 13
1808 4742 1854 4792 Ε
1875 4744 1947 4794 ix.
