3300 5617
803 734 891 810 74
1426 751 1686 804 'mom
1732 751 2200 806 wasa-em

445 940 748 994 A.D.1298.
774 940 1088 1004 custodias,
1136 940 1234 997 vel
1282 940 1741 1013 redemptionem
1812 941 2106 998 solverent
2142 941 2271 1012 jam
2316 946 2592 998 taxatam.
2662 940 2873 996 Trans·

771 1026 1016 1082 mittunt
1063 1025 1248 1096 igitur
1296 1024 1491 1097 Reges
1552 1026 1790 1096 utu-ique
1829 1026 2113 1082 solemnes
2176 1027 2437 1090 nuncios,
2502 1042 2635 1082 cum
2701 1024 2876 1096 plena

2897 1071 3086 1149 Regas

2897 1138 3024 1188 Eix

772 1116 1082 1182 potestate,
1133 1109 1209 1165 ad
1256 1109 1497 1165 Curiam
1543 1109 1886 1173 Romanam,
1937 1115 2007 1166 ut
2063 1127 2171 1182 per
2217 1109 2628 1166 mediationem
2687 1107 2874 1181 Apos·
2942 1176 2955 1188 ⁶
3028 1177 3038 1189 ⁶

773 1195 954 1258 tolici,
998 1212 1114 1249 non
1150 1199 1430 1265 tanquam
1470 1193 1711 1266 judicis,
1764 1193 1868 1250 sed
1914 1193 2240 1252 amicabilis
2288 1193 2714 1266 compositoris,
2760 1192 2874 1249 dis-

771 1279 960 1334 cussis
1007 1279 1280 1350 negotiis,
1331 1296 1444 1350 pax
1481 1279 1635 1334 inter
1681 1278 1876 1350 Reges
1916 1284 1978 1334 et
2012 1278 2322 1335 concordia
2364 1278 2733 1334 reformetur.

436 1355 665 1408 sedition
693 1365 746 1410 nt
841 1362 984 1419 Post
1028 1364 1172 1429 haec,
1224 1362 1380 1435 apud
1446 1362 1790 1419 Gauda-vum
1862 1363 2145 1420 suscitata
2190 1368 2282 1419 est
2326 1362 2537 1420 seditio
2576 1380 2683 1434 per
2724 1361 2874 1418 filios

438 1424 636 1542 (ἣξει
657 1492 712 1542 th
771 1445 1015 1503 Comitis
1062 1446 1353 1516 Flandriae
1415 1453 1475 1501 et
1519 1446 1767 1502 villanos
1828 1454 2030 1502 eontra
2072 1446 2387 1517 Angliccs;
2443 1463 2694 1517 quorum
2733 1446 2877 1501 villa

436 1506 669 1622 {ffgffih
714 1508 743 1545 e
766 1549 872 1603 per
919 1530 1243 1587 Wallenses
1292 1531 1529 1586 incensa
1574 1530 1802 1595 fuisset,
1871 1531 1987 1586 nisi
2034 1530 2179 1596 Rex,
2231 1537 2569 1588 accurrente
2617 1530 2693 1585 ad
2740 1546 2875 1586 eum

769 1614 1015 1679 Comite,
1045 1614 1329 1686 impetum
1369 1612 1727 1685 impedisset.

435 1705 683 1757 Transac-
838 1699 925 1753 Eo
973 1705 1251 1768 tempore,
1317 1696 1527 1752 Comes
1574 1698 1901 1762 Warennoe,
1943 1696 2157 1754 Custos
2208 1696 2440 1761 Scotioe,
2494 1715 2564 1753 ao
2616 1696 2873 1753 Comites

433 1772 566 1822 50⁰⁸
589 1773 642 1822 5¹¹
769 1781 889 1846 alii,
909 1782 1083 1853 juxta
1119 1781 1458 1836 mandatum
1493 1781 1728 1851 regium
1768 1781 2097 1837 Eboracum
2144 1782 2549 1838 convenientes
2599 1781 2661 1836 in
2709 1780 2874 1836 Octa-

432 1838 687 1890 S⁰⁰ffl²¹²ss
768 1866 859 1921 bis
910 1865 1108 1921 Sancti
1151 1864 1413 1929 munii,
1452 1865 1752 1935 publicata
1797 1865 2232 1922 confirmatione
2275 1865 2627 1922 chartarum
2676 1864 2873 1920 mru-

768 1949 1034 2005 culorum
1095 1948 1478 2020 adjectorum,
1523 1966 1732 2004 versus
1795 1948 2054 2005 Scotiam
2094 1956 2522 2020 processerunt.
2619 1949 2871 2019 Majores

769 2033 1094 2096 Scotorum,
1163 2032 1492 2087 Eboracum
1546 2050 1665 2088 non
1734 2033 2053 2097 venientes,
2130 2032 2451 2089 secundum
2510 2032 2871 2089 vocationem

766 2118 1011 2188 regiam,
1067 2132 1131 2171 se
1197 2117 1352 2172 infra
1407 2123 1581 2171 terrm
1642 2134 1765 2172 suae
1800 2116 2081 2172 terminos
2114 2121 2445 2172 tenuerunt.
2540 2115 2870 2172 willelmus

764 2200 1004 2270 Waleys
1055 2199 1330 2256 Castrum
1377 2199 1450 2254 de
1498 2199 1910 2271 Rokesburgia
1943 2199 2070 2271 jam
2117 2199 2320 2255 multis
2363 2199 2571 2255 diebus
2636 2198 2871 2255 obsede-

765 2289 893 2348 rat;
936 2284 1038 2340 sed
1097 2284 1295 2339 audito
1343 2283 1596 2340 adventu
1666 2283 2052 2355 Anglicorum
2117 2284 2180 2338 in
2216 2284 2593 2339 multitudine
2639 2301 2868 2355 magna,

762 2367 1016 2440 diffugit.
1114 2367 1372 2424 Comites
1419 2384 1559 2423 vero
1605 2367 1777 2439 regni
1818 2366 2054 2440 Anglioe
2087 2368 2493 2439 pervenientes
2542 2366 2871 2422 Rokesbw

760 2452 1053 2523 burgiam,
1099 2453 1326 2507 munito
1392 2458 1584 2508 castro
1632 2470 1702 2506 ac
1749 2451 2061 2507 consolatis
2104 2451 2379 2517 obsessis,
2430 2450 2688 2523 digressi
2738 2457 2872 2507 sunt

759 2534 1022 2607 ²absque
1070 2536 1317 2600 Kelsou,
1377 2541 1439 2592 et
1479 2536 1614 2591 inde
1662 2536 1885 2591 reversi
1911 2541 2051 2592 sunt
2085 2553 2274 2607 usque
2300 2536 2653 2600 Berwieum,
2698 2553 2870 2607 quam

754 2620 879 2691 jam
926 2620 1115 2676 Sectis
1177 2637 1424 2675 vacuam
1515 2620 1880 2675 invenerunt.
1982 2617 2256 2689 Dumque
2328 2619 2411 2672 ibi
2482 2624 2866 2683 morarentur,

761 2704 1059 2760 mandavit
1115 2705 1201 2760 eis
1250 2705 1374 2760 Rex
1421 2703 1494 2759 de
1534 2703 1763 2774 treugis
1812 2703 2066 2775 acceptis
2114 2704 2268 2758 inter
2315 2703 2511 2774 ipsum
2548 2708 2610 2758 et
2646 2702 2870 2775 Regem

762 2788 1044 2854 Francus,
1117 2794 1179 2844 et
1246 2788 1444 2844 reditu
1518 2805 1624 2844 suo
1697 2787 1896 2851 celeri,
1953 2786 2169 2859 jubens
2228 2805 2302 2843 ne
2362 2794 2497 2843 ante
2556 2786 2869 2844 adventum

761 2891 951 2937 suum,
1028 2879 1268 2944 excepta
1335 2871 1711 2944 occupatione
1774 2871 2076 2935 Berewici,
2138 2870 2363 2943 aliquid
2426 2889 2542 2943 quo
2607 2876 2872 2943 paterent

760 2955 1101 3020 discrimini,
1154 2961 1524 3012 attentarent.
1613 2954 1873 3011 Comites
1899 2955 2104 3027 igitur,
2152 2956 2402 3010 remissa
2447 2954 2661 3026 majori
2708 2962 2870 3027 parte

761 3041 1066 3102 exercitus,
1107 3046 1168 3096 et
1209 3040 1452 3095 retentis
1496 3039 1598 3111 qui
1647 3038 1724 3094 ad
1770 3038 2168 3094 defensionem
2239 3037 2399 3094 villae
2463 3044 2710 3109 possent
2756 3039 2873 3094 suf-

761 3123 950 3186 ficere,
990 3122 1306 3179 adventum
1336 3123 1571 3194 regium
1609 3122 2006 3194 expectabant,
2069 3126 2272 3177 contra
2326 3122 2688 3193 principium
2726 3120 2873 3190 Qua-

759 3205 1106 3277 dragesimae
1143 3213 1285 3262 tunc
1322 3206 1613 3262 instantis.
1690 3206 1942 3270 Interea,
1984 3205 2276 3262 Robertus
2325 3205 2398 3260 de
2448 3205 2713 3269 Cliffcrd,
2742 3223 2874 3262 cum

757 3290 874 3345 hiis
909 3292 1009 3362 qui
1061 3297 1228 3346 erant
1262 3292 1325 3345 in
1358 3290 1631 3363 proesidio
1673 3289 1957 3354 Karleoli‚
2003 3290 2306 3362 ingressus
2352 3269 2630 3355 Sectiam,
2671 3290 2872 3346 villam

758 3372 1083 3429 combussit
1126 3372 1429 3438 Anandiae,
1471 3382 1533 3428 et
1576 3372 1759 3429 rediit
1802 3391 1940 3428 eum
1983 3372 2183 3444 praeda
2202 3391 2435 3445 magna.

424 3449 536 3502 The
561 3451 705 3504 Sco&
831 3457 981 3513 Cum
1018 3457 1145 3512 Rex
1179 3457 1432 3528 Angliae,
1473 3457 1547 3512 ad
1582 3456 1820 3528 propria
1852 3473 2219 3522 reversurus,
2258 3457 2523 3513 venisset
2556 3456 2634 3514 ad
2669 3456 2869 3514 villam

421 3520 584 3632 {lgm
612 3522 697 3634 ‘she
759 3560 889 3613 quae
931 3544 968 3569 “
985 3540 1411 3612 Ardeburgia”
1451 3540 1688 3604 dicitur,
1749 3540 1910 3596 Secti
1964 3540 2086 3596 fere
2138 3559 2336 3597 omnes
2375 3559 2522 3613 quos
2575 3559 2777 3598 secum
2810 3542 2870 3598 in

421 3600 658 3714 Εῃιὲῗαζᾱ
675 3653 729 3703 in
757 3625 1095 3681 Flandriam
1131 3625 1377 3680 duxerat
1425 3625 1487 3680 in
1537 3624 1979 3696 expeditionem,
2033 3626 2107 3680 ab
2139 3626 2267 3698 ipso
2304 3625 2472 3698 Rege
2507 3625 2870 3683 discedentes

421 3716 680 3770 Flanders.
755 3709 1024 3765 Parisius
1049 3709 1336 3765 abierunt.

422 3806 533 3858 The
555 3809 698 3877 King
825 3793 952 3849 Rex
1001 3792 1342 3856 Edwardus,
1399 3792 1462 3847 in
1511 3790 1790 3862 Angliam
1840 3791 2099 3856 veniens,
2138 3792 2214 3848 ad
2247 3794 2477 3866 Regem
2513 3794 2870 3852 Francorum

420 3873 483 3923 of
500 3875 695 3927 Franco
753 3878 920 3933 misit
977 3895 1088 3950 pro
1146 3876 1490 3932 liberatione
1563 3878 1927 3948 captivorum
1966 3876 2138 3948 juxta
2195 3877 2443 3934 formam
2521 3879 2866 3936 condictam.

421 3941 662 4019 demenda
754 3961 882 4016 Rex
917 3979 1056 4016 vero
1095 3961 1454 4015 Francorum
1491 3961 1689 4030 exegit
1739 3978 1775 4014 a
1824 3961 2055 4018 nunciis
2104 3961 2512 4019 liberationem
2562 3963 2602 4020 J
2604 3963 2865 4028 ohannis,

419 4006 706 4123 &snhtffm’
755 4046 1052 4115 quondam
1102 4045 1266 4115 regis
1288 4033 1299 4044 ’
1319 4043 1550 4107 Scotino,
1592 4044 1695 4113 qui
1747 4043 1820 4099 de
1868 4044 1992 4100 suis
2042 4045 2226 4103 fuisse
2279 4048 2537 4105 asseruit
2585 4047 2864 4120 alligatis.

419 4137 624 4201 Baliol;
756 4129 943 4200 Super
979 4147 1094 4200 quo
1129 4128 1255 4182 Rex
1290 4127 1523 4198 Angliae
1557 4126 1896 4198 requisitus,
1936 4145 2071 4184 cum
2092 4139 2393 4188 recusaret
2426 4150 2565 4188 eum
2600 4131 2862 4197 reddere,

418 4204 653 4324 3ἑῖἓὲ
754 4211 953 4268 dicens
984 4213 1006 4244 ³
1028 4212 1466 4268 conventionem
1503 4216 1734 4267 tantum
1783 4210 1856 4266 de
1910 4212 2031 4270 illis
2080 4216 2329 4285 captivis
2381 4217 2597 4274 factam
2653 4217 2755 4288 qui
2804 4217 2864 4272 in

823 4488 1116 4555 ¹Correctly
1153 4488 1570 4555 articulorumque,
1613 4505 1671 4541 as
1700 4489 1754 4540 in
1855 4491 2056 4556 printed
2084 4495 2237 4556 texts,
2260 4497 2362 4545 and
2383 4495 2438 4545 in
2459 4495 2771 4564 Rishanger.

756 4567 1057 4635 Rishanger.
1922 4573 2289 4625 ’coemtionem
2311 4576 2366 4625 in
2392 4576 2663 4629 Camden’s
2685 4583 2809 4631 text.

821 4648 944 4698 ¹An
997 4648 1630 4713 morsoruqnquiu
1670 4648 1758 4697 the
