3300 5617
162 1106 274 1183 ηις.
300 1110 371 1157 13

233 1187 301 1223 11.

160 1172 213 1222 Ε.

171 3086 279 3142 MS.
301 3090 437 3141 Bibl.

171 3158 384 3275 R?

171 3291 463 3358 Rishanger.

169 3357 279 3409 MS.
305 3358 438 3410 Bibl.

171 3423 389 3543 {⁴3¹³

1149 782 1480 835 msrosu
1523 785 1947 835 moneam.
2468 771 2595 834 105

497 969 674 1034 bulis,
728 970 804 1026 ad
833 970 1059 1043 Papam
1092 971 1479 1028 Benedictum
1527 977 1830 1037 venerunt,
1882 968 2345 1026 misericordiam
2396 967 2601 1041 implo·
2628 1022 2651 1068 ¹
2660 950 2921 1070 Βοὲἆῖἑω

496 1060 713 1110 rantes.
789 1053 946 1123 Quos
1017 1055 1119 1110 ille
1171 1055 1424 1127 benigne
1479 1056 1804 1128 suscipiens
1873 1054 2142 1118 absolvit,
2196 1072 2265 1109 ac
2317 1054 2601 1109 bonorum
2624 1102 2718 1154 Col
2759 1055 2774 1078 ’
2924 1056 2937 1069 ’

500 1155 739 1194 suorum
788 1138 999 1194 tribuit
1050 1139 1405 1196 facultatem.
1484 1139 1602 1196 Sed
1655 1157 1753 1195 eos
1794 1139 1870 1195 ad
1905 1138 2155 1211 gradum
2193 1136 2600 1194 cardinalatus
2623 1118 2893 1233 pugffiead·

497 1229 621 1279 tam
656 1222 848 1279 subito
882 1221 1194 1279 restituere
1229 1241 1345 1280 non
1381 1223 1661 1280 decrevit.

566 1306 727 1378 Papa
766 1305 1139 1372 Benedictus,
1178 1324 1285 1379 per
1333 1307 1446 1363 hoc
1493 1313 1744 1379 tempus,
1801 1307 2071 1363 Fratrem
2119 1306 2474 1363 Nicholaum
2524 1303 2597 1361 de
2620 1300 2942 1368 Promotionfl

492 1390 689 1455 Prato,
751 1391 1108 1463 Episcopum
1182 1391 1580 1463 Spoletanum,
1633 1391 1710 1447 ad
1769 1391 2210 1449 cardinalatum
2269 1408 2594 1454 assumens,
2621 1369 2884 1486 ffinzgipgt.

493 1474 634 1531 fecit
698 1474 1052 1548 Episcopum
1107 1474 1472 1542 Ostiensem;
1535 1476 1805 1531 Fratrem
1865 1477 2044 1533 etiam
2101 1476 2468 1533 Willelmum
2526 1475 2599 1531 de

493 1557 895 1624 Makelesfeld,
936 1559 1250 1615 Doctorem
1296 1558 1491 1615 Sacrae
1541 1559 1898 1631 Theologiae,
1956 1559 2195 1616 Ordinis
2245 1559 2598 1616 Proedicato·

493 1661 645 1708 rum,
683 1644 917 1699 natione
966 1643 1306 1716 Anglicum,
1348 1643 1635 1700 Dioecesis
1674 1643 2105 1711 coventrensis,
2152 1644 2337 1700 Tituli
2374 1645 2601 1701 Sanctae

498 1727 727 1783 Sabinas
764 1728 907 1784 fecit
940 1727 1363 1800 Presbyterum
1399 1727 1790 1785 cardinalem.
1866 1727 1999 1798 Qui,
2029 1734 2345 1800 antequam
2369 1729 2444 1785 ad
2467 1745 2602 1784 eum

495 1829 695 1866 rumor
745 1812 1098 1884 perveniret,
1162 1812 1224 1867 in
1276 1815 1400 1868 fata
1446 1813 1754 1868 concessit.
1852 1811 2039 1884 cnjus
2093 1819 2283 1869 morte
2344 1814 2600 1885 cognita,

493 1895 656 1967 Papa
688 1895 958 1952 Fratrem
992 1896 1323 1952 Walterum
1344 1895 1831 1967 Wynterbourne,
1873 1896 2148 1952 similiter
2184 1896 2420 1952 Ordinis
2445 1896 2603 1952 Prae-

491 1978 838 2046 dicatorum,
867 1980 1051 2053 Regis
1074 1979 1310 2051 Angliae
1335 1978 1761 2044 Confessorem‚
1792 1979 2259 2038 Saresburiensis
2296 1980 2601 2044 Dioecesis‚

496 2062 570 2117 ad
606 2063 854 2118 eundem
888 2064 1136 2120 titulum
1173 2063 1584 2120 cardinalatus
1620 2064 1931 2135 promovit.

564 2146 799 2204 Transit
846 2147 1013 2204 annis
1065 2148 1177 2204 iste
1228 2146 1412 2204 durus
1462 2147 1766 2213 divitibus,
1816 2147 2172 2220 pauperibus
2221 2148 2602 2221 penuriosum

497 2229 669 2302 Papae
707 2229 1022 2303 Curiaeque
1057 2231 1337 2287 Romanae
1371 2231 1709 2304 probrosus,
1760 2238 1997 2304 propter
2030 2232 2247 2288 malam
2281 2233 2608 2304 captionem

496 2312 688 2386 Papae,
741 2314 1276 2380 incarcerationem,
1335 2321 1397 2370 et
1430 2320 1680 2371 mortem
1729 2322 2169 2387 consequenter.
2246 2315 2365 2372 Sed
2411 2323 2607 2372 tamen

495 2397 558 2453 in
590 2398 700 2454 hoc
735 2399 914 2455 etiam
949 2399 1235 2456 consolari
1269 2401 1479 2470 potuit,
1520 2399 1661 2471 quia
1694 2400 1893 2456 nullus
1929 2418 2133 2456 eorum
2170 2401 2271 2472 qui
2308 2400 2437 2472 ejus
2473 2417 2605 2472 cap-

495 2483 639 2538 tioni
673 2483 959 2549 interfuit,
997 2483 1094 2540 vel
1130 2484 1375 2540 facinori
1410 2489 1573 2540 tanto
1607 2484 1988 2550 consenserit,
2033 2484 2325 2556 judicium
2361 2485 2602 2542 ultionis

496 2567 696 2624 evasit.
770 2566 928 2623 Nam
988 2567 1229 2639 quidam
1287 2568 1596 2623 insanabili
1659 2569 1776 2624 acti
1815 2576 1953 2625 sunt
1998 2569 2170 2634 furia,
2221 2569 2483 2641 quidam,
2540 2574 2602 2625 et
2626 2555 2739 2635 '1:¹¹0

496 2651 784 2726 praecipue
810 2653 913 2724 qui
935 2671 1143 2708 manus
1167 2652 1494 2724 injecerunt
1531 2651 1755 2709 christi
1790 2652 2048 2718 VicariQ
2088 2671 2294 2709 manus
2331 2654 2598 2726 proprias
2624 2623 2842 2739 fflndffid
2863 2625 2925 2675 Of

495 2736 886 2793 comederunt.
962 2737 1146 2809 Regis
1199 2736 1378 2793 etiam
1412 2736 1676 2792 Franciae
1724 2737 2197 2809 consanguinitas
2234 2744 2296 2794 et
2329 2738 2600 2810 cognatio
2624 2705 2897 2808 ofepmgge

496 2828 651 2878 tacta
685 2827 777 2878 est
808 2839 996 2894 usque
1031 2821 1095 2877 in
1129 2819 1148 2855 ¹
1166 2838 1323 2893 genu
1358 2822 1672 2893 septimum
1708 2821 1845 2893 igne
1881 2840 2065 2878 sacro.
2624 2822 2844 2874 afflicted

567 2905 780 2963 Annus
847 2907 959 2962 iste
1026 2905 1435 2962 commoditate
1489 2907 1746 2962 famosus
1813 2905 1928 2962 fuit
1988 2906 2472 2974 Flandrensibus,
2538 2912 2603 2963 et
2625 2889 2758 2968 ’ΜΞ

503 2989 744 3046 Francis
777 2989 1050 3056 infamis3
1093 2989 1283 3046 Scotis
1319 2989 1540 3056 durus;
1578 2989 1850 3061 Anglicis
1885 2990 2203 3062 inquietus.
2624 2957 2918 3022 “ympelu'

573 3074 745 3130 Anno
798 3074 1003 3146 gratiae
1052 3073 1367 3130 millesimo
1414 3074 1824 3131 trecentesimo
1875 3074 2096 3147 quint0,
2151 3076 2253 3147 qui
2288 3081 2382 3133 est
2413 3093 2600 3133 annus
2626 3081 2814 3134 Trans-

507 3161 678 3232 regni
712 3160 895 3233 Regis
931 3158 1224 3224 Edwardi,
1264 3177 1302 3214 a
1324 3158 1679 3231 conquaestu
1702 3159 1907 3225 Primi,
1934 3160 2267 3217 tricesimus
2292 3160 2600 3228 secundus,
2627 3150 2823 3202 8015008
2843 3151 2898 3201 ίῐῑ

508 3247 698 3303 tenuit
748 3244 939 3301 eidem
992 3244 1120 3300 Rex
1166 3243 1381 3300 Natale
1430 3243 1585 3318 apud
1638 3244 2060 3316 Dunfermelyn
2110 3245 2175 3301 in
2228 3245 2457 3312 Scotia;
2509 3246 2608 3302 cui
2630 3217 2886 3270 smum&

510 3330 778 3386 interfuit
836 3327 1160 3385 'exercitus
1207 3327 1590 3400 Anglicanus.
1689 3329 2005 3385 Transacta
2073 3329 2302 3401 hyeme,
2359 3329 2486 3385 Rex
2534 3329 2611 3385 ad

513 3414 870 3471 obsidionem
918 3414 1097 3470 castri
1139 3412 1212 3469 de
1269 3412 1569 3485 Strivelyn
1602 3414 1883 3470 accedens
1919 3415 2321 3487 personaliter,
2360 3415 2610 3472 diversis

512 3500 851 3572 praeparatis
877 3498 1182 3562 machinis,
1214 3497 1365 3553 illud
1398 3498 1608 3555 fortius
1637 3499 2024 3571 impugnavit.
2093 3498 2207 3569 Qui
2240 3517 2383 3555 vero
2417 3507 2606 3557 custo-
2634 3513 2785 3583 siege
2805 3517 2868 3568 οε

511 3585 747 3640 diebant
780 3589 1057 3647 castrum,
1095 3581 1247 3637 illud
1281 3582 1514 3638 fortiter
1548 3581 1943 3648 defendentes,
1983 3601 2118 3639 cum
2153 3584 2440 3641 machinis
2478 3585 2601 3642 suis
2627 3582 2845 3650 Stirling

506 3669 789 3740 plurimos
825 3666 1179 3724 occiderunt.
1255 3665 1368 3722 Die
1404 3665 1676 3738 quadam,
1716 3685 1851 3722 cum
1886 3666 2014 3723 Rex
2048 3674 2309 3724 castrum
2343 3670 2602 3725 conside-
2626 3649 2810 3702 0⁸⁸⁶&

504 3752 683 3809 rando
740 3752 1125 3824 obequitaret,
1189 3768 1257 3806 ac
1318 3750 1571 3822 quodam
1621 3752 1752 3807 loco
1800 3751 1956 3807 infra
1997 3752 2226 3823 jactum
2259 3752 2602 3809 balistarum

504 3837 891 3911 obequitando
927 3835 1436 3909 appropinquaret,
1469 3835 1736 3908 jaculum
1762 3836 2072 3908 quoddam,
2101 3837 2174 3893 de
2211 3843 2402 3893 castro
2433 3839 2606 3893 emis-

505 3941 636 3979 sum
683 3922 995 3994 superiori,
1047 3920 1178 3993 ejus
1228 3926 1541 3976 armaturae
1592 3920 1826 3976 affixum
1879 3928 1972 3976 est
2021 3921 2147 3977 sine
2180 3921 2305 3977 ulla
2346 3923 2605 3995 corporis

505 4007 756 4063 laesione.
833 4006 908 4062 In
943 4004 1100 4077 quod
1135 4010 1459 4061 extractum
1494 4005 1621 4060 Rex
1644 4023 1920 4077 expuens,
1947 4023 2228 4062 conversa
2251 4005 2327 4061 ad
2348 4012 2607 4062 castrum

507 4092 673 4157 facie,
731 4091 852 4147 alta
899 4108 1044 4146 voce
1081 4090 1136 4145 ei
1193 4090 1295 4161 qui
1348 4088 1500 4145 illud
1559 4089 1851 4156 emiserat,
1909 4090 2174 4161 jaculum
2232 4090 2604 4157 ostendendo,

509 4175 886 4248 suspendium
919 4174 1269 4230 minabatur.
1346 4174 1667 4230 Castellani
1716 4174 1980 4230 videntes
2021 4174 2379 4231 obsidionem
2433 4193 2609 4248 super

509 4278 571 4316 se
620 4260 874 4331 gravari,
934 4258 1273 4315 obtulerunt
1307 4264 1566 4314 castrum
1607 4258 1781 4330 Regi,
1821 4258 2000 4315 salvis
2036 4258 2162 4314 vita
2210 4264 2271 4314 et
2304 4260 2606 4327 membris,

576 4585 589 4615 ¹
614 4583 676 4635 In
699 4582 788 4635 the
809 4582 1010 4649 printed
1042 4589 1193 4645 texts,
1226 4582 1332 4633 this
1364 4584 1506 4633 word
1618 4581 1812 4633 altered
1838 4579 1896 4631 in
1927 4579 2015 4632 the
2036 4578 2275 4647 original.

509 4663 1507 4731 isgivenanqenoeaticnemfandhas
1670 4661 1939 4714 'Omitted
1982 4659 2037 4712 in
2081 4661 2398 4727 theprinted
2431 4666 2604 4724 textu

509 4743 595 4794 the
656 4758 967 4808 appearance
1020 4743 1081 4793 of
1134 4742 1328 4808 having
1377 4743 1506 4794 been
1607 4740 1851 4807 probably
1871 4742 1942 4806 by
1961 4740 2328 4794 inadverteuce.
