3300 5617
1033 778 1361 827 ms'romA
1390 778 1804 829 ANGLICANA.
2345 766 2473 828 353

29 962 139 1013 ris.
172 965 323 1018 Bibl.
389 962 427 987 ‘⁶
465 960 656 1015 nullos
693 961 915 1017 Christi
965 961 1164 1018 fideles
1214 980 1414 1018 earum
1464 963 1828 1036 respersione
1863 962 2307 1026 communalem,
2347 969 2407 1018 et
2442 981 2476 1017 a
2499 962 2636 1015 Aa).
2665 970 2804 1020 1377.

29 1030 154 1114 {²8-
194 1039 263 1083 ¹3
388 1047 427 1072 “
463 1047 721 1116 praefatae
767 1045 902 1100 fidei
950 1053 1111 1101 recta
1156 1048 1366 1102 semita
1413 1048 1476 1101 in
1522 1049 1914 1121 proecipitium
1973 1047 2318 1120 perditionis
2378 1047 2474 1101 ab·
2533 1092 2537 1097 .

31 1114 70 1145 '⁴'
106 1112 200 1148 ¹¹·
388 1131 427 1156 ‘⁶
465 1128 901 1185 ducens.-Nos
974 1130 1171 1201 itaque
1206 1136 1432 1185 tantum
1482 1131 1723 1197 malum,
1776 1131 1951 1202 quod,
2000 1149 2116 1187 non
2161 1130 2473 1203 praecisum

388 1216 426 1239 “
466 1231 570 1268 scu
616 1212 898 1269 radicitus
952 1215 1320 1285 extirpatum,
1376 1233 1611 1287 serpere
1671 1222 1869 1288 posset
1927 1218 1991 1271 in
2047 1216 2347 1288 plurimos,
2412 1216 2474 1270 in

387 1300 425 1323 “
463 1298 765 1353 animabus
825 1315 1043 1363 eorum,
1097 1299 1253 1369 quod
1311 1299 1480 1363 absit,
1542 1299 1705 1356 letali
1765 1301 2103 1371 contagione
2162 1299 2469 1365 necandos,

387 1384 425 1407 “
463 1381 741 1446 nolentes,
805 1387 979 1453 prout
1036 1400 1142 1438 nec
1200 1382 1353 1437 velle
1413 1384 1537 1438 sine
1595 1389 1810 1440 nostrae
1859 1402 2057 1440 morsu
2105 1385 2472 1439 conscientiae

387 1468 423 1490 “
462 1482 789 1536 possumne,
848 1465 865 1497 ¹
884 1465 1243 1521 conniventis
1321 1466 1506 1522 oculis
1579 1467 1953 1539 pertransire,
2043 1467 2471 1523 venerabilibus

386 1551 423 1575 “
462 1549 740 1604 fratribus
786 1550 1020 1614 nostris,
1085 1549 1541 1621 Archiepiscopo
1602 1551 2006 1607 cantuariensi
2066 1558 2127 1606 et
2184 1551 2471 1622 Episcopo

385 1634 422 1658 “
461 1632 868 1699 Londoniensi,
906 1651 1011 1704 per
1034 1633 1259 1689 litteras
1282 1638 1510 1689 nostras
1546 1634 1942 1689 commisimus
1967 1641 2029 1689 et
2048 1633 2466 1697 mandavimus,

386 1720 422 1742 “
461 1722 528 1771 ut
585 1716 719 1787 ipsi,
780 1716 874 1771 vel
936 1717 1083 1771 alter
1142 1734 1363 1783 eorum,
1426 1717 1677 1788 receptis
1736 1735 1841 1789 per
1889 1735 1986 1773 eos
2034 1716 2206 1772 dictis
2253 1717 2468 1772 nostris

387 1803 423 1827 ‘⁴
460 1800 691 1864 litteris,
718 1799 792 1854 de
839 1799 1129 1855 dictarum
1170 1800 1642 1873 Propositionnm
1679 1807 1739 1855 et
1786 1800 2236 1856 Conclusionum
2285 1818 2470 1856 asser-

387 1888 423 1911 “
462 1884 635 1948 tione,
688 1902 936 1954 quarum
970 1885 1196 1956 copiam
1234 1885 1320 1939 eis
1370 1885 1479 1939 sub
1525 1884 1702 1939 Bulla
1737 1891 1937 1940 nostra
1975 1884 2243 1939 misimus
2290 1884 2468 1940 inter-

387 1971 422 1995 “
461 1967 702 2031 clusam,
766 1985 828 2023 sc
899 1968 1297 2033 informanteS,
1362 1969 1414 2023 si
1473 1967 1802 2023 invenirent
1861 1969 1944 2023 ita
2002 1984 2150 2032 esse,
2215 1968 2471 2023 facerent

386 2054 422 2076 “
459 2051 768 2122 praefatum
827 2051 867 2106 J
869 2051 1151 2106 ohannem
1197 2053 1542 2107 auctoritate
1600 2059 1801 2106 nostra
1858 2052 1988 2123 capi
2034 2059 2094 2107 et
2139 2053 2468 2111 carceribus

386 2138 424 2161 “
460 2136 796 2206 mancipari,
838 2135 964 2207 ejus
1015 2136 1433 2191 confessionem
1487 2152 1664 2207 super
1712 2135 1932 2190 eisdem
1968 2134 2468 2206 Propositionibus

387 2222 423 2245 “
462 2237 565 2273 seu
592 2219 1072 2274 Conclusionibus
1097 2219 1356 2290 recipere
1380 2218 1699 2283 studerent,
1728 2237 1795 2274 ac
1818 2219 2005 2290 ipsam
2029 2219 2465 2283 confessionem,

387 2306 422 2329 “
462 2309 523 2357 et
563 2321 921 2374 quaecunque
968 2303 1160 2358 dictus
1210 2303 1249 2357 J
1252 2302 1502 2359 ohannes
1551 2302 1766 2358 dixerit
1803 2300 1898 2356 vel
1948 2303 2250 2373 scripserit
2296 2321 2471 2374 super

386 2388 423 2412 “
462 2386 773 2441 earundem
809 2386 1277 2458 Propositionum
1314 2392 1374 2441 et
1397 2386 1851 2442 Conclusionum
1874 2385 2207 2442 inductione
2241 2393 2305 2441 et
2338 2404 2470 2458 pro-

386 2474 422 2496 “
458 2470 708 2535 batione,
758 2471 924 2525 nobis
972 2487 1077 2541 per
1132 2470 1314 2525 fidum
1370 2470 1651 2525 nuncium
1686 2469 2082 2526 transmittere
2141 2488 2254 2525 non
2311 2477 2468 2542 post-

387 2558 422 2581 “
459 2561 690 2625 ponant.
784 2553 935 2609 Cum
974 2554 1174 2625 itaque
1216 2553 1358 2609 dicti
1400 2553 1889 2626 Archiepiscopus
1932 2560 1993 2610 et
2038 2554 2362 2626 Episcopus
2410 2555 2471 2609 in

387 2641 423 2664 “
459 2638 863 2709 prosecutione
909 2637 1086 2707 hujus
1123 2638 1345 2708 negotii
1392 2643 1706 2693 noscantur
1753 2639 1948 2693 favore
1996 2644 2058 2693 et
2097 2638 2314 2693 auxilio
2352 2644 2470 2694 tuae

386 2725 422 2747 “
462 2721 822 2777 celsitudinis
882 2720 1165 2792 indigere,
1205 2721 1570 2791 majestatem
1628 2728 1791 2777 tuam
1852 2739 2043 2793 quam,
2096 2728 2157 2776 et
2209 2723 2295 2777 tui
2341 2739 2471 2793 pro-

387 2808 423 2830 “
464 2805 756 2875 genitores
784 2805 988 2875 inclyti
1014 2804 1329 2860 Catholicae
1352 2805 1506 2869 fidei,
1536 2805 1704 2877 cujus
1727 2805 1790 2859 in
1813 2805 1922 2860 hac
1946 2811 2110 2875 parte
2133 2823 2228 2860 res
2253 2806 2466 2874 agitur,

389 2891 425 2914 “
465 2906 695 2960 semper
717 2895 1141 2945 consueverunt
1181 2907 1328 2953 esse,
1369 2895 1430 2943 et
1462 2889 1745 2961 praecipui
1782 2889 2081 2954 zelatores,
2116 2888 2472 2958 requirimus

390 2975 426 2998 “
466 2977 525 3026 et
561 2972 939 3043 deprecamur
974 2978 1210 3037 attente,
1252 2978 1537 3045 quatenus
1579 2973 1654 3027 ob
1688 2972 2076 3028 reverentiam
2118 2971 2248 3035 Dei,
2300 2970 2471 3026 dictae

391 3058 428 3082 “
466 3055 619 3119 fidei,
670 3062 731 3111 et
776 3056 1126 3128 Apostolicae
1177 3057 1363 3122 Sedis,
1415 3063 1476 3111 et
1530 3063 1796 3113 nostrum
1854 3056 2149 3121 intuitum,
2213 3056 2472 3128 digneris

390 3143 427 3166 ‘⁶
465 3140 723 3210 proefatis
769 3140 1223 3211 Archiepiscopo
1269 3147 1330 3195 et
1374 3140 1681 3213 Episcopo,
1732 3145 1793 3194 et
1829 3139 1960 3194 aliis
1997 3140 2098 3209 qui
2139 3139 2472 3211 hujusmodi

390 3226 427 3249 ‘⁶
465 3224 765 3294 negotium
801 3222 1279 3295 'prosequentum
1328 3224 1392 3278 in
1438 3224 1568 3295 ipsa
1606 3223 2010 3295 prosecutione
2048 3223 2136 3277 tui
2175 3223 2390 3278 favoris
2415 3229 2476 3277 et

390 3310 427 3333 “
466 3307 667 3361 auxilii
706 3308 1093 3379 patrocinium
1135 3308 1406 3363 exhibere
1445 3307 1705 3379 provide,
1746 3313 1960 3378 praeter
1993 3306 2261 3360 humanoe
2283 3306 2474 3361 laudis

389 3393 427 3417 “
464 3391 835 3462 praeconium,
876 3391 1091 3447 divinae
1130 3392 1534 3448 retributionis
1571 3392 1897 3463 praemium,
1923 3396 2182 3445 nostram
2222 3396 2282 3445 et
2303 3391 2473 3445 dictae

389 3478 426 3501 “
467 3474 636 3530 Sedis
695 3475 1010 3546 adepturus
1069 3475 1532 3531 benevolentiam
1604 3473 1964 3546 ampliorem.
2063 3473 2219 3529 Data
2274 3473 2474 3527 Romae

386 3561 422 3585 “
463 3557 618 3629 apud
660 3558 932 3614 Sanctam
972 3558 1224 3615 Mariam
1261 3559 1565 3631 Majorem,
1596 3558 1940 3614 'undecimo
1964 3557 2261 3613 Kalendas
2287 3556 2326 3611 J
2327 3556 2470 3620 unii,

391 3645 428 3670 “
466 3659 615 3698 anno
651 3643 954 3715 septim0.”
1155 3650 1164 3659 '

430 3875 457 3914 ⁴
477 3877 608 3943 Hae
671 3883 838 3944 sunt
881 3877 1410 3964 Propositvbnoe‚
1457 3877 1595 3944 sive
1658 3876 2156 3959 Οοποὺιιείοπεε,
2195 3833 2388 3963 ιφειειιει

689 3979 749 4046 J
745 3978 1041 4048 ohamws
1105 3979 1360 4066 Wicliff
1399 3978 1673 4066 pubbioe
1724 3978 2147 4067 praedicavit.

458 4154 508 4208 1.
550 4154 588 4180 “
625 4152 838 4209 Totum
887 4171 1074 4225 genus
1123 4153 1464 4218 humanum,
1520 4153 1672 4208 citra
1724 4151 2049 4218 Christum,
2115 4169 2231 4206 non
2297 4152 2474 4208 habet
2501 4161 2702 4215 Oet-tuin

454 4375 467 4405 ¹
491 4374 848 4425 conniventibus
861 4375 916 4425 in
932 4375 1019 4425 the
1030 4375 1227 4439 printed
1242 4382 1389 4431 texts.
1486 4374 1653 4425 varies
1668 4403 1736 4413 —
1753 4378 1785 4403 ‘⁸
1807 4373 1906 4424 Ha.»
1956 4383 2070 4424 sunt
2103 4373 2475 4440 Propositiones‚

451 4455 472 4484 ²
487 4461 836 4519 persequentur
855 4454 910 4504 in
934 4455 1019 4504 the
1031 4454 1229 4519 printed
1239 4460 1386 4504 texts.
1485 4461 1517 4482 ‘⁶
1532 4455 1633 4503 sive
1685 4452 2036 4515 Cmaclusiom,
2074 4471 2198 4518 quas
2238 4454 2481 4505 Joluzuues

452 4534 472 4561 ⁸
494 4532 571 4583 ΙΙ.
623 4531 734 4585 Cal.
779 4532 930 4583 Junii
972 4533 1027 4583 in
1074 4532 1160 4582 the
1192 4531 1387 4597 printed
1486 4537 1515 4560 ‘⁸
1547 4531 1741 4596 lVyclq'f
1763 4533 1943 4582 dicitur
1958 4549 2278 4594 asseverasse,
2292 4541 2339 4582 et
2356 4533 2480 4599 pub-

388 4617 536 4661 texts.
1485 4616 1515 4639 “
1539 4609 1630 4661 lice
1644 4610 1990 4676 pra-dicasse?
2015 4611 2209 4662 Seethe
2232 4612 2482 4662 Fasciculi

458 4690 475 4719 ⁴
497 4691 558 4740 In
576 4690 855 4756 Bib1.Reg.
877 4697 937 4742 13
960 4692 1021 4744 Ε.
1045 4690 1117 4742 ix.
1133 4692 1218 4742 the
1250 4691 1383 4742 Title
1484 4678 1816 4750 zizaniorum}
1837 4705 1917 4754 pp.
1944 4695 2187 4740 245-256.

2179 4791 2221 4839 Ζ
