3300 5617
1062 812 1392 865 HISTORIA
1436 814 1846 866 memorum
2382 805 2506 868 161

80 994 294 1091 ΗᾶΒίδέ·
405 995 477 1051 de
517 994 656 1068 jure
704 996 799 1052 vel
846 998 1263 1055 consuetudine
1326 1000 1561 1056 exulare
1625 1019 1741 1057 non
1796 1000 2009 1056 debent
2053 1005 2187 1055 ante
2235 1016 2512 1071 responsa
2531 1004 2671 1060 Aa),
2699 1013 2842 1062 1321.

78 1047 233 1098 κη
284 1046 377 1092 ‘¹¹‘
403 1079 541 1135 data
578 1098 686 1152 per
733 1081 986 1138 eosdem.
1059 1082 1297 1156 Adjecit
1332 1091 1631 1157 praeterea,
1676 1086 1831 1158 quod
1872 1102 2074 1141 eorum
2113 1084 2318 1156 petitio
2353 1085 2507 1156 juris

76 1158 379 1222 Trokelowe‚
404 1169 466 1220 et
507 1165 753 1221 rationis
801 1166 1176 1223 fundamento
1228 1169 1478 1234 carebat,
1531 1187 1599 1225 eo
1645 1171 1895 1224 maxime
1945 1168 2100 1241 quod
2135 1168 2278 1224 dicti
2325 1169 2508 1240 Hugo

74 1231 328 1344 figlina·
405 1248 598 1304 senior
644 1256 706 1305 et
751 1250 932 1322 Hugo
972 1252 1173 1324 junior
1218 1254 1409 1324 parati
1457 1270 1687 1324 semper
1734 1254 1966 1308 fuerant
2012 1252 2279 1307 omnibus
2322 1252 2394 1307 de
2443 1270 2508 1308 se

77 1329 187 1435 Regi.
214 1306 274 1409 ὦ
402 1333 910 1404 conquaerentibus
969 1335 1034 1390 in
1095 1336 1283 1392 forma
1339 1335 1495 1407 juris
1559 1336 1928 1407 respondere,
1996 1341 2057 1390 et
2118 1336 2170 1391 si
2236 1335 2253 1367 ¹
2272 1336 2507 1408 probari

76 1424 126 1473 E.
147 1439 214 1474 ix.
402 1422 600 1487 posset
659 1434 757 1473 eos
819 1419 883 1473 in
942 1419 1139 1490 aliquo
1204 1425 1423 1476 statuta
1485 1427 1659 1476 terrae
1720 1418 1961 1484 laesisse,
2026 1419 2215 1489 parati
2278 1437 2508 1492 semper

77 1513 163 1558 118.
178 1515 295 1560 nihl.
398 1499 633 1557 fuerant
703 1501 933 1573 legibus
1004 1504 1172 1574 regni
1243 1521 1466 1575 parere.
1566 1504 1888 1568 Posti-eme,
1962 1520 2096 1558 cum
2171 1503 2505 1575 juramento

78 1565 369 1617 ⁸⁰⁸³ssss
396 1583 642 1650 addidit,
694 1586 853 1656 quod
900 1587 1091 1644 noluit
1143 1593 1568 1644 sacramentum
1614 1587 1855 1654 violare,
1905 1586 1981 1642 ad
2027 1587 2183 1658 quod
2229 1588 2502 1644 astrictus

76 1668 371 1734 Trokelove,
397 1666 593 1725 fuerat
631 1668 695 1724 in
735 1688 844 1725 sua
888 1672 1275 1739 coronatione,
1320 1671 1685 1727 concedendo
1732 1671 1959 1727 litteras
2005 1672 2166 1742 pacis
2205 1677 2267 1727 et
2313 1671 2502 1727 indul-

79 1749 126 1799 Ρ·
146 1741 221 1787 ⁵¹·
398 1752 616 1823 gentiae
662 1759 785 1809 tam
820 1756 1046 1811 notorie
1086 1756 1576 1828 delinquentibus,
1627 1756 1692 1810 in
1738 1771 1861 1810 suae
1907 1771 2170 1825 personae
2209 1761 2502 1827 contemp-

74 1801 328 1933 }3133’33’1‘
396 1840 545 1900 tum,
614 1842 677 1893 et
734 1838 914 1895 totius
984 1840 1155 1910 regni
1226 1839 1740 1911 perturbationem,
1805 1843 1869 1894 et
1927 1837 2250 1910 majestatis
2321 1839 2504 1911 regiae

76 1934 217 1987 125¹,
397 1918 713 1976 laesionem.
2328 1973 2336 1988 ,

462 2003 603 2060 Hiis
653 2004 888 2072 auditis,
952 2024 1222 2078 proceres
1285 2008 1402 2064 aeti
1461 2009 1523 2063 in
1585 2007 1803 2062 furiam
1863 2007 2171 2063 confestim
2218 2006 2294 2061 ad
2339 2023 2504 2062 arma
2528 2004 2640 2056 The

389 2087 736 2157 prosiliunt;
787 2096 848 2145 et
879 2090 1099 2146 milites
1146 2089 1169 2123 ²
1187 2091 1423 2162 quidem
1460 2107 1635 2162 super
1672 2095 2029 2146 armaturam
2063 2096 2296 2145 cotucas
2331 2090 2498 2145 indu·
2525 2071 2747 2153 Bmm,

388 2176 577 2236 erunt,
620 2179 852 2229 vocatas
895 2176 933 2202 “
950 2174 1269 2246 quau-teloys
1283 2195 1305 2240 ,·
1321 2175 1356 2200 ’⁹
1406 2175 1688 2246 armigeri
1729 2192 1870 2229 vero
1908 2174 2247 2230 indumenta
2280 2174 2498 2231 bendas
2523 2153 2800 2259 :QYI-22¹3

386 2253 748 2312 habuerunt:
814 2257 1027 2328 quibus
1094 2257 1450 2315 indumentis
1497 2264 1703 2331 expost
1761 2258 1972 2323 induti,
2022 2259 2197 2313 tracti
2249 2265 2386 2314 sunt
2440 2265 2500 2316 et
2523 2245 2692 2323 ext013t
2709 2290 2816 2325 cep-

385 2342 655 2411 suspensi
687 2342 928 2413 plurimi
966 2342 1039 2397 de
1077 2359 1385 2414 procerum
1433 2343 1726 2399 comitiva.
1804 2341 1956 2398 Cum
2002 2341 2159 2397 fastu
2205 2342 2394 2413 igitur
2440 2349 2500 2398 et
2522 2338 2773 2418 &¹5ch-

382 2438 596 2494 pompa
658 2425 846 2480 nimia
909 2425 1170 2482 Barones
1233 2425 1561 2483 Londonias
1621 2426 1911 2491 adierunt,
1976 2425 2371 2496 hospitatique
2436 2426 2497 2481 in
2519 2420 2741 2522 &32⁰3ss

383 2505 663 2564 suburbio
710 2508 985 2574 civitatis,
1037 2510 1348 2566 manebant
1403 2510 1643 2582 pacifice
1693 2509 1874 2565 donec
1922 2508 2219 2565 licentiam
2265 2509 2496 2580 ingredi
2520 2537 2665 2604 mag
2731 2489 2762 2523 Θ

378 2590 682 2647 civitatem
743 2593 1172 2651 obtinuissent:
1238 2595 1472 2650 obtento
1538 2612 1575 2649 a
1639 2593 1807 2664 Rege
1876 2594 2135 2649 civitatis
2199 2593 2491 2664 ingressu,
2663 2575 2678 2590 ⁶

381 2680 704 2743 magnates,
773 2677 928 2733 sicut
980 2679 1166 2750 p'rius,
1216 2678 1280 2733 in
1324 2678 1605 2749 petitione
1656 2695 1764 2732 sua
1817 2676 2047 2733 fortiter
2094 2678 2492 2749 perstiterunt.

72 2777 278 2823 nanim.
382 2753 640 2813 Tandem
700 2760 1119 2817 interveniente
1181 2761 1427 2832 Regina,
1493 2767 1555 2816 et
1612 2759 1874 2834 praefatis
1933 2760 2238 2833 Episcopis
2294 2760 2491 2816 lauda·

72 2829 168 2880 Μ·
179 2830 357 2874 133·Ῐῦ
380 2838 582 2896 biliter
626 2843 1037 2909 mediantibus,
1088 2844 1215 2900 Rex
1261 2845 1535 2900 inductus
1584 2849 1692 2908 est,
1730 2849 1970 2915 propter
2016 2861 2219 2900 werrae
2265 2845 2493 2915 pericu-

74 2928 368 2995 OErokelowe,
392 2922 515 2979 lum
587 2927 941 2992 evitandum,
1007 2927 1083 2983 ad
1141 2927 1715 2984 condescendendum
1783 2928 1937 2983 votis
1999 2933 2059 2983 et
2117 2927 2494 2999 petitionibus

75 3011 115 3058 μ
138 3001 211 3047 52.
392 3025 700 3079 procerum
762 3011 1194 3083 praedictorum.
1266 3011 1591 3083 Edictoque
1658 3029 1834 3083 snper
1878 3010 1994 3066 hiis
2040 3028 2149 3082 per
2208 3010 2496 3067 Comitem

69 3061 166 3113 MS·
189 3064 320 3181 132’1‘
393 3091 758 3149 Herefordiae
816 3095 880 3150 in
923 3094 1081 3150 Aula
1124 3094 1628 3152 wesmonasterii
1686 3094 1998 3166 publicato,
2061 3094 2243 3165 Hugo
2303 3095 2495 3150 senior

68 3127 206 3247 ἐξ
392 3176 452 3232 in
498 3178 741 3234 exilium
804 3185 969 3236 actus
1032 3184 1139 3236 est.
1242 3179 1358 3235 Sed
1421 3180 1603 3251 Hugo
1656 3179 1858 3250 junior
1918 3179 1980 3233 in
2041 3178 2288 3236 diversis
2349 3179 2493 3234 locis

390 3259 645 3327 latitans,
689 3261 754 3317 in
788 3263 1009 3335 Anglia
1038 3269 1098 3320 et
1130 3263 1191 3317 in
1228 3262 1378 3318 mari
1416 3263 1753 3334 permansit.
1823 3262 1962 3317 Hiis
1991 3263 2189 3333 itaque
2215 3264 2487 3335 peractis,

388 3343 665 3412 Barones,
727 3347 977 3403 obtentis
1025 3366 1062 3402 a
1108 3347 1272 3419 Rege
1334 3346 1547 3403 litteris
1605 3345 1627 3378 ³
1645 3344 1770 3418 [de]
1835 3346 2180 3419 impunitate
2241 3352 2302 3401 et
2347 3363 2488 3419 pace

385 3427 590 3502 Regis,
638 3429 714 3486 ad
757 3432 997 3503 propria
1039 3431 1364 3496 redierunt,
1414 3447 1522 3487 nec
1569 3430 1789 3486 hilares
1838 3430 1911 3486 de
1960 3430 2129 3485 dicta,
2164 3447 2307 3502 pace
2354 3448 2487 3485 con-

381 3530 562 3579 cessa,
613 3521 791 3588 prout
847 3515 1247 3586 praemittitur,
1308 3531 1417 3571 nee
1472 3515 1687 3580 securi,
1755 3514 1895 3585 quia
1956 3513 2030 3568 de
2083 3513 2269 3584 Regis
2316 3514 2487 3568 bene-

381 3597 636 3655 volentia
693 3599 1118 3671 desperabant;
1181 3606 1242 3656 et
1287 3598 1421 3654 ideo
1468 3599 1679 3656 armati
1740 3614 1969 3669 semper
2016 3597 2376 3663 incedebant,
2428 3602 2491 3653 et

378 3681 508 3738 loca
541 3689 671 3739 tuta
707 3684 1061 3755 quaerebant.
2279 3733 2286 3744 .

447 3766 686 3823 Interea
735 3785 905 3823 casus
957 3766 1172 3824 accidit
1211 3766 1435 3822 eisdem
1484 3765 1878 3837 magnatibus,
1923 3763 2132 3836 plenus
2170 3763 2486 3820 infortunio
2512 3758 2623 3839 [Phe
2639 3760 2816 3827 Queen

376 3856 436 3906 et
472 3851 851 3922 generativus
887 3851 1170 3908 molestiae
1209 3849 1636 3921 subsequentis.
1713 3846 1969 3904 Isabella
1988 3864 2197 3918 nempe
2236 3847 2479 3918 Regina,
2507 3830 2775 3944 &ff

378 3951 508 4004 qum
562 3935 761 3990 nutrix
802 3934 964 4007 pacis
1006 3939 1068 3990 et
1106 3933 1430 3990 concordiae
1468 3949 1701 4005 semper
1737 3932 1933 3986 fuerat
1970 3931 2124 3985 inter
2160 3929 2384 4001 Regem
2423 3936 2485 3985 et
2506 3967 2562 4009 to
2584 3912 2784 4013 1133?

376 4018 655 4098 Berones,
679 4019 1127 4091 peregrinatura
1161 4035 1370 4074 versus
1409 4016 1805 4081 Cantuariam,
1851 4016 1914 4071 in
1955 4020 2145 4070 castro
2182 4015 2255 4069 de
2293 4013 2480 4069 Ledes
2507 4026 2692 4091 Came,
2714 4029 2769 4078 in

378 4101 662 4174 hospitari
722 4109 784 4159 et
841 4108 1183 4177 pernoctare
1239 4101 1546 4174 disposuit.
1664 4098 1834 4170 Quod
1884 4103 2143 4154 castrum
2194 4096 2479 4154 Dominus
2505 4093 2656 4147 Kent.

376 4185 839 4243 Bartholomaeus
904 4187 977 4242 de
1022 4185 1405 4250 Batlesmere,
1457 4183 1480 4216 ³
1498 4183 1651 4256 [qui]
1703 4183 1807 4240 diu
1866 4181 2233 4238 Senescallus
2293 4181 2477 4253 Regis

379 4270 586 4335 fuerat,
614 4288 651 4326 a
677 4270 842 4342 Rege
874 4271 937 4326 in
972 4269 1336 4327 excambium
1370 4286 1479 4341 pro
1515 4267 1864 4340 quibusdam
1897 4266 2075 4322 terris
2100 4265 2253 4331 aliis,
2281 4265 2394 4321 sibi
2418 4273 2480 4322 et

377 4354 498 4410 suis
521 4353 872 4422 hoeredibus,
900 4355 1350 4426 impetraveram
1389 4353 1451 4407 in
1476 4369 1592 4423 quo
1616 4369 1783 4407 suam
1805 4349 2135 4420 conjugem,
2177 4367 2311 4405 cum
2344 4367 2477 4422 par-

440 4598 458 4629 ¹
474 4596 691 4663 prolum
719 4605 920 4665 possent
959 4597 1015 4648 in
1053 4597 1142 4649 the
1185 4595 1388 4661 printed
1469 4593 1655 4661 quidem
1676 4593 1732 4644 in
1753 4593 1867 4646 MS.
1891 4592 2028 4644 Bibl.
2050 4593 2180 4658 Reg.
2206 4597 2267 4644 13
2290 4593 2352 4644 Ε.
2369 4593 2444 4646 ix.

378 4681 525 4729 texts.
1536 4676 1557 4705 ⁸
1578 4674 1808 4725 Inserted
1828 4673 1962 4723 stom
1995 4672 2082 4723 the
2113 4673 2313 4738 printed
2343 4680 2478 4723 texts

444 4756 682 4822 ’quidam
738 4757 794 4809 in
838 4755 925 4811 the
967 4756 1168 4824 printed
1210 4760 1386 4815 textu
1448 4752 1852 4806 ‘andMSAEibL
1875 4752 2002 4818 Reg.
2032 4758 2091 4802 13
2113 4752 2177 4803 Ε.
2198 4752 2270 4804 ix.

2165 4848 2207 4897 L
