3300 5617
100 2502 208 2553 MS.
228 2502 356 2553 Bibl.

99 2570 219 2634 Beg.
245 2575 300 2619 13

98 2637 143 2685 Ε
178 2638 245 2686 ix.

97 2675 363 2781 nimam

100 2782 205 2833 MS.
225 2784 353 2833 Bibl.

98 2851 218 2914 Reg.
246 2856 301 2900 13

99 2917 157 2967 E.
176 2917 243 2967 ix.

493 1374 1118 1467 .THOMAE
1259 1375 2375 1490 WALSINGHAM‚

727 1593 1152 1672 QUONDAM
1220 1594 1633 1673 MONAGHI
1706 1598 1772 1675 S.
1842 1597 2205 1691 ALBANI,

855 1790 1369 1883 HISTORIA
1420 1792 2074 1884 ANGLICANA.

1258 2057 1736 2070 *ffinmotdk-Wzmwm

504 2251 614 2318 DE:
657 2251 992 2318 TEMPORE
1038 2250 1255 2316 ans
1300 2249 1662 2329 Enwutm,
1717 2265 1879 2315 ros-1·
1925 2249 2423 2327 CONQUAESTUM

1335 2361 1571 2428 Pium.

482 2505 652 2564 Almo
713 2508 919 2578 gratim
978 2506 1291 2563 millesimo
1351 2506 1748 2563 ducentesimo
1808 2509 2240 2580 septuagesimo
2311 2510 2505 2577 terti0‚
2534 2519 2673 2572 AD,
2698 2525 2842 2572 1272.

416 2592 515 2663 qui
553 2597 644 2647 est
674 2610 858 2647 annus
894 2592 1063 2663 regni
1106 2591 1290 2663 Regis
1326 2591 1591 2656 Henriei,
1632 2609 1669 2646 a.
1707 2591 2062 2662 Gonquaestu
2100 2592 2303 2658 Tertii,
2345 2594 2510 2665 quin-
2534 2611 2704 2662 Degth
2727 2612 2788 2661 of

415 2677 790 2748 quagesimae
851 2678 1134 2749 septimus
1196 2686 1256 2732 et
1314 2675 1576 2740 ultimus,
1617 2693 1753 2730 cum
1812 2676 1970 2731 idem
2029 2676 2155 2732 Rex
2214 2677 2510 2735 Hem-icus
2536 2678 2844 2747 Hem-5111.

412 2761 760 2831 condignam
828 2761 1111 2817 ultionem
1204 2760 1745 2816 Northwieensibus
1820 2760 2079 2817 dedisset
2160 2763 2507 2835 sacrilegiis,

411 2844 735 2900 Londonias
781 2845 976 2901 redire
1033 2845 1311 2900 decrevit.
1421 2844 1500 2899 Et
1558 2862 1700 2900 eum.
1752 2845 1828 2901 ad
1885 2845 2239 2902 Abbathiam
2313 2847 2511 2905 Sancti

409 2929 722 2995 Edmnndi‚
763 2930 948 3001 Regis
985 2935 1045 2986 et
1078 2928 1379 3000 MartyriS,
1419 2929 1787 2996 declinasset,
1846 2932 2016 3001 gravi
2065 2930 2348 3003 languore
2384 2950 2508 2988 cor-

407 3014 638 3087 ripitur,
696 3014 798 3085 qui
850 3031 984 3069 eum
1036 3031 1153 3069 non
1206 3012 1468 3069 deseruit
1518 3032 1707 3084 usque
1762 3014 1836 3069 ad
1870 3014 2009 3070 vitae
2063 3015 2253 3070 finem.
2352 3015 2508 3072 Dum

408 3104 721 3169 aegrotaret
756 3099 931 3164 enim,
969 3103 1256 3155 venerunt
1302 3098 1377 3154 ad
1413 3116 1548 3153 eum
1600 3099 1857 3154 Comites
1896 3104 1956 3153 et
2005 3099 2261 3154 Berones
2312 3105 2505 3166 terrae,

406 3201 539 3237 eum
580 3182 982 3250 Pontificibus,
1021 3188 1090 3239 ut
1126 3183 1252 3255 ejus
1301 3182 1575 3238 transitui
1625 3183 1991 3238 interessent.
2069 3183 2382 3240 Confessus
2421 3191 2511 3241 est

406 3273 600 3323 autem
636 3266 942 3323 humiliter
974 3272 1216 3340 peecata
1252 3285 1376 3331 sua,
1417 3266 1667 3323 tundens
1710 3272 1914 3338 peetus
1953 3285 2143 3332 suum,
2184 3273 2245 3323 et
2293 3269 2509 3325 malam

405 3352 709 3406 remittens
780 3352 1049 3408 omnibus
1107 3351 1485 3417 voluntatem,
1550 3350 2011 3406 emendationem
2083 3370 2312 3423 quoqne
2371 3354 2510 3409 vitae

405 3436 768 3508 promittens.
844 3436 935 3491 Ex
968 3436 1105 3491 hine
1141 3436 1464 3491 absolvitur
1500 3453 1535 3490 a
1556 3435 1846 3491 Praeiato:
1893 3435 2101 3490 deinde
2138 3436 2344 3493 devote
2383 3455 2506 3493 sus·

407 3520 561 3592 oepit
597 3537 809 3593 eorpus
862 3519 1102 3586 Christi,
1143 3525 1220 3584 et,
1262 3520 1531 3575 unctione
1574 3518 1593 3551 ¹
1612 3519 1908 3575 delibutus
1960 3525 2233 3587 extrema,
2275 3540 2509 3577 erucem

406 3604 642 3660 Domini
697 3604 1039 3676 suppliciter
1074 3603 1358 3669 adoravit,
1409 3604 1621 3675 jubens
1672 3603 1869 3660 debita
1905 3622 2012 3659 sua
2048 3604 2215 3671 solvi,
2257 3611 2317 3661 et
2364 3607 2508 3662 resi-

408 3688 588 3743 duum
642 3688 1041 3758 indigentibus
1090 3705 1257 3760 aeque
1308 3688 1535 3760 partiri.
1611 3687 1765 3744 Cum
1816 3689 1942 3744 haeo
1995 3688 2108 3744 rite
2159 3691 2503 3761 peregisset,

407 3772 664 3828 reddidit
700 3772 974 3844 spiritum
1022 3790 1195 3828 suum
1244 3772 1388 3828 Deo,
1465 3772 1693 3845 Corpus
1730 3779 1927 3829 autem
1963 3773 2090 3847 ejus
2127 3774 2283 3847 apud
2317 3775 2507 3832 West·

406 3859 825 3914 monasterinm
860 3858 1191 3914 honorificae
1229 3858 1485 3914 traditur
1521 3858 1859 3930 sepulturae.

473 3942 773 4013 Regnavit
808 3943 1235 4014 quinquaginta
1259 3961 1359 3998 sex
1387 3943 1571 4008 annis,
1600 3949 1663 3998 et
1697 3943 1967 4015 amplius,
2008 3948 2288 4015 quantum
2326 3944 2506 4001 distat

405 4045 439 4081 a
473 4027 623 4082 festo
677 4027 1023 4083 Sanctorum
1074 4027 1327 4084 Simonis
1365 4033 1424 4084 et
1465 4027 1505 4082 J
1507 4028 1636 4083 udae
1685 4046 1872 4100 usque
1909 4028 1983 4083 ad
2031 4029 2247 4084 festum
2303 4028 2502 4085 Sancti

404 4111 697 4166 Edmundi
734 4112 1054 4176 Pontificis,
1094 4112 1157 4167 id
1192 4119 1300 4178 est,
1339 4113 1552 4184 viginti
1590 4112 1814 4168 diebus.
1908 4112 2172 4168 Duxerat
2206 4118 2401 4170 autem
2438 4116 2499 4170 in
2526 4121 2763 4173 Children
2787 4124 2849 4175 of

402 4213 643 4251 uxorem
690 4196 998 4252 mulierem
1044 4197 1317 4261 nobilem,
1357 4196 1537 4252 filiam
1589 4195 1836 4252 Comitis
1873 4197 1944 4252 de
1984 4197 2227 4271 Saveye‚
2266 4199 2498 4254 nomine
2525 4188 2704 4256 Hem'y
2721 4191 2817 4243 ΠῙ-

402 4281 774 4347 Alienoram3
814 4280 887 4335 de
926 4299 1040 4352 qua
1074 4282 1333 4354 suscepit
1367 4280 1536 4345 filios,
1575 4280 1948 4346 Edwardum,
1991 4282 2091 4353 qui
2139 4288 2272 4355 post
2304 4282 2501 4355 ipsum

404 4366 690 4436 regnavit,
731 4371 791 4420 et
825 4364 1217 4430 Edmundum,
1273 4366 1373 4436 qui
1428 4365 1543 4420 fuit
1593 4364 1803 4420 Comes
1857 4365 2209 4439 Leyeestriae
2247 4373 2306 4423 et
2353 4367 2500 4423 Lan·

402 4451 651 4514 castriae,
692 4455 752 4504 et
786 4449 930 4505 duas
966 4449 1137 4514 filias,
1178 4449 1416 4512 seilicet,
1457 4448 1807 4514 Beatricem‚
1855 4469 1985 4522 quae
2035 4451 2235 4523 nupsit
2283 4451 2500 4507 Comiti

401 4533 744 4599 Britanniae,
781 4539 841 4589 et
886 4533 1300 4604 Margaretam‚
1354 4551 1486 4603 quae
1536 4533 1653 4589 fuit
1700 4533 1853 4604 Regi
1907 4534 2118 4591 Scotiae
2165 4536 2494 4609 conjugata.

1023 4772 1038 4802 ¹
1062 4768 1298 4820 delibatus
1319 4770 1375 4819 in
1398 4771 1482 4823 the
1504 4771 1703 4836 printed
1724 4779 1870 4824 texts.
