3300 5617
490 986 627 1038 A.D.
654 991 799 1039 1291.

821 788 906 852 36
1284 799 1293 808 ·
1488 799 1747 850 'moins
1790 797 2260 850 WALSanAM

851 987 1237 1047 ‘willelmus
1272 988 1344 1044 de
1380 987 1521 1053 Ros,
1561 987 1865 1042 salntem
1846 1007 1910 1043 m
1945 986 2212 1043 Domino·
2301 983 2454 1043 Cum
2491 1001 2599 1043 nos
2635 986 2697 1042 in
2729 1002 2917 1058 regno

829 1079 863 1103 “
905 1073 1116 1129 Scotiae
1161 1074 1263 1146 jus
1315 1072 1531 1128 habere
1582 1072 1905 1136 credamne,
1963 1078 2024 1127 et
2066 1070 2168 1142 jus
2217 1068 2369 1126 illud
2420 1087 2617 1126 coram
2655 1069 2760 1126 illo
2812 1071 2917 1140 qui
2943 1056 3058 1107 MS·
3081 1028 3219 1106 3¹⁸·-

2945 1122 3070 1202 Reg.
3096 1128 3153 1172 1³

829 1162 865 1184 “
904 1159 1188 1229 potiorem
1236 1156 1413 1212 habet
1446 1160 1812 1228 potestatem,
1863 1153 2351 1226 jurisdictionem,
2408 1161 2470 1210 et
2503 1154 2788 1209 rationem
2823 1170 2919 1208 ex·
2945 1190 3005 1241 R
3029 1204 3098 1239 ιχ.

828 1245 865 1269 “
906 1240 1241 1297 aminandi
1216 1259 1317 1313 Jus
1340 1249 1604 1296 nostrum
1627 1238 1823 1304 habet,
1853 1238 2169 1303 declarare,
2195 1237 2525 1302 vendicare,
2555 1243 2617 1294 et
2650 1236 2915 1310 probare,
2946 1257 3071 1308 Ne„

829 1329 866 1353 “
905 1325 1308 1391 intendamus,
1359 1324 1689 1394 nobilisque
1726 1323 2025 1395 Princeps,
2083 1322 2369 1378 Dominus
2423 1321 2766 1387 Edwardus,
2805 1318 2919 1376 Dei
2945 1323 3144 1389 Bymer.

828 1412 866 1436 ‘⁸
906 1410 1098 1481 gratia
1139 1408 1264 1463 Rex
1314 1408 1567 1479 Angliae,
1622 1425 1731 1479 per
1764 1407 1944 1463 bonas
1994 1405 2460 1478 sufficientesque
2507 1407 2763 1462 rationes
2814 1423 2921 1461 nos

829 1497 866 1520 “
905 1492 1323 1557 informaverit,
1364 1491 1522 1564 quod
1557 1491 1633 1546 ad
1669 1508 1804 1546 eum
1840 1496 2081 1563 spectat,
2110 1496 2171 1546 et
2193 1491 2409 1546 habere
2433 1490 2623 1553 debet,
2653 1490 2922 1561 superius

829 1581 866 1603 “
905 1576 1225 1632 dominium
1285 1576 1452 1647 regni
1509 1574 1740 1640 Scotiae,
1804 1581 1866 1631 et
1915 1575 2308 1647 cognitionem
2360 1575 2422 1629 in
2473 1563 2780 1639 audiend0,
2831 1591 2926 1629 ex-

830 1664 866 1688 “
905 1659 1229 1724 aminandO,
1257 1666 1318 1715 et
1340 1657 1690 1724 diffiniendo,
1711 1660 1814 1729 jus
1838 1665 2136 1715 nostrum:
2174 1676 2298 1724 nos,
2351 1658 2424 1713 de
2459 1659 2696 1730 propria
2727 1663 2928 1713 nostra

829 1748 866 1771 “
905 1743 1222 1808 voluntate,
1278 1743 1402 1798 sine
1439 1743 1595 1797 omni
1631 1742 1911 1798 violentia
1946 1748 2007 1798 et
2040 1742 2356 1808 coactione,
2395 1743 2685 1807 volumus,
2725 1742 2928 1797 annui-

829 1831 867 1855 “
906 1845 1058 1890 mus,
1105 1832 1166 1882 et
1199 1825 1587 1890 concedimus,
1628 1831 1697 1882 ut
1729 1826 2083 1898 recipiamus
2123 1826 2225 1897 jus
2261 1843 2457 1882 coram
2503 1843 2592 1891 eo,
2648 1831 2926 1896 tanquam

831 1915 867 1938 ‘³
907 1911 1195 1982 superiori
1234 1910 1467 1965 domino
1519 1916 1711 1966 terrae.
1786 1910 2075 1966 Volumus
2123 1910 2362 1982 insuper
2397 1915 2460 1966 et
2508 1910 2924 1983 promittimus,

831 1998 868 2022 “
910 1994 1067 2065 quod
1117 1994 1463 2050 habebimus
1521 2000 1585 2049 et
1634 1994 1961 2050 tenebimus
2020 1995 2257 2050 firmum
2317 2000 2379 2050 et
2436 1994 2645 2049 stabile
2707 1995 2926 2049 factum

832 2082 869 2105 “
911 2095 1104 2143 suum,
1144 2086 1206 2134 et
1240 2078 1398 2149 quod
1431 2077 1533 2132 ille
1570 2077 1810 2133 habebit
1843 2096 2113 2148 regnum,
2153 2078 2248 2134 cui
2285 2093 2481 2133 coram
2509 2095 2578 2132 eo
2606 2077 2709 2149 jus
2733 2078 2927 2149 potius

832 2165 870 2189 “
909 2161 1059 2217 illud
1095 2161 1274 2217 dabit.
1350 2161 1423 2216 In
1463 2162 1866 2217 testimonium
1906 2163 2172 2227 istorum,
2223 2179 2329 2218 nos
2376 2162 2593 2218 litteris
2643 2162 2775 2216 istis
2831 2179 2929 2232 ap·

829 2250 867 2274 “
904 2246 1208 2318 posuimus
1248 2245 1449 2316 sigilla
1481 2251 1699 2302 nostra.
1777 2245 1793 2278 ¹
1814 2245 1967 2302 Data
1999 2246 2156 2319 apud
2188 2245 2535 2311 'Northam,
2575 2246 2723 2301 seria
2756 2246 2931 2301 tertia

831 2332 1049 2402 “post
1082 2329 1521 2395 Ascensionem‚
1550 2329 1704 2386 etc.”

491 2417 605 2470 The
620 2417 801 2469 castles
893 2412 1077 2470 Facta
1140 2413 1338 2485 itaque
1390 2413 1787 2486 recognitione
1840 2413 2156 2486 superioris
2209 2412 2504 2478 'dominii‚
2570 2415 2631 2469 et
2686 2411 2931 2468 submis-

485 2485 549 2535 Οἳ
563 2485 802 2536 Scotlsnd
824 2498 987 2554 sione
1020 2495 1340 2569 recipiendi
1362 2497 1519 2570 quod
1557 2515 1752 2553 coram
1777 2497 1941 2570 Rege
1975 2497 2209 2569 Anglioe
2237 2497 2374 2569 J'ure
2399 2496 2578 2552 fuerit
2599 2495 2926 2560 diffinitum,

488 2551 726 2616 resigned

488 2617 599 2668 into
620 2619 725 2668 Ed·

489 2684 642 2734 'ard’
643 2700 669 2736 ι

488 2750 639 2803 hand.

490 3003 662 3053 Iaetter
676 3002 732 3054 in

488 3070 739 3121 reference

487 3135 696 3189 ther-eto.

822 2580 1033 2653 petivit
1067 2580 1193 2636 Rex
1227 2587 1421 2638 castra
1453 2587 1514 2637 et
1546 2587 1765 2637 terram
1799 2588 1982 2637 totam
2016 2581 2130 2637 sibi
2163 2580 2349 2646 reddi,
2387 2586 2457 2637 ut
2493 2598 2601 2653 per
2640 2580 2929 2651 seysinam

826 2664 1128 2736 pacificam
1156 2663 1261 2735 J’us
1314 2664 1630 2736 superioris
1684 2664 1945 2730 dominii,
1998 2663 2155 2738 quod
2198 2665 2325 2736 jam
2359 2682 2464 2736 per
2518 2682 2655 2720 suas
2702 2664 2927 2719 litteras

824 2752 1301 2820 recognoverant,
1365 2747 1612 2804 clareret
1668 2749 1979 2806 universis.
2084 2748 2434 2806 Annuerunt
2499 2748 2700 2804 statim
2748 2747 2928 2818 regiae

824 2832 1127 2903 petitioni3
1180 2831 1458 2888 confectis
1506 2849 1685 2905 snper
1730 2834 1840 2890 hoc
1886 2832 2118 2899 litteris,
2169 2838 2231 2890 et
2276 2833 2349 2889 ab
2397 2832 2615 2888 eisdem
2662 2830 2925 2902 signatis,

820 2915 1248 2971 continentibus
1273 2916 1335 2970 in
1359 2914 1602 2982 Gallim,
1630 2917 1785 2974 sicut
1817 2917 2039 2988 priores
2063 2918 2295 2982 litterae,
2321 2917 2477 2973 hunc
2511 2923 2801 2972 tenorem.
2787 2914 2897 2957 ·⁴—

898 2998 1241 3055 “Omnibus
1288 3005 1603 3071 praesentes
1651 3001 1880 3056 litteras
1929 3001 2147 3057 visuris
2192 3001 2291 3057 vel
2333 3000 2645 3066 audituris,
2695 2999 2931 3055 Floren-
2951 3010 3076 3062 Ner

827 3083 868 3112 “
907 3083 1028 3139 tius
1081 3082 1296 3139 Comes
1351 3083 1681 3148 Holondiae,
1736 3084 2027 3141 Bobertus
2094 3085 2151 3140 le
2201 3084 2356 3141 Brus
2408 3084 2698 3141 Dominus
2739 3081 2930 3139 Vallis
2953 3079 3160 3145 Rymoe,
3175 3080 3215 3130 1-

830 3169 868 3194 “
907 3166 1209 3231 Anandiae,
1268 3166 1564 3222 Johannes
1615 3167 1690 3222 de
1732 3167 1980 3223 Balliolo
2027 3167 2314 3224 Dominus
2354 3167 2676 3232 Galwidiae,
2718 3167 2933 3222 Johan·
3019 3150 3134 3195 ⁷⁵⁵·
3166 3147 3239 3208 (¹¹¹

829 3254 866 3278 ‘⁴
905 3268 1008 3307 nes
1033 3249 1106 3305 de
1130 3250 1495 3321 Hastingges
1534 3250 1819 3306 Dominus
1856 3251 2337 3322 Abergavenniae,
2376 3252 2417 3307 J
2419 3253 2673 3308 ohannes
2709 3251 2934 3322 Comyn

829 3336 866 3361 “
907 3333 1192 3389 Dominus
1229 3333 1302 3388 de
1345 3333 1655 3399 Badenaw,
1688 3334 1982 3391 Patricius
2006 3335 2080 3391 de
2102 3335 2348 3392 Dunbar
2383 3336 2594 3392 Comes
2629 3336 2928 3400 Marchiae‚

828 3420 867 3446 ‘⁴
908 3416 949 3471 J
950 3417 1206 3472 ohannes
1266 3416 1338 3473 de
1397 3417 1597 3483 Vesci,
1641 3418 1771 3474 vice
1829 3419 2015 3492 patris
2077 3420 2190 3486 sui,
2253 3419 2576 3477 Nicholaus
2624 3420 2698 3475 de
2736 3418 2928 3484 Sules,

830 3504 867 3526 ‘⁶
906 3500 1240 3556 Willelmus
1276 3500 1349 3555 de
1385 3500 1524 3567 Ros,
1578 3503 1830 3558 salutem
1883 3504 1944 3559 in
1980 3503 2247 3560 Domino.
2323 3502 2475 3574 Quia
2526 3503 2600 3559 de
2640 3503 2792 3559 bona
2826 3519 2924 3557 vo-

831 3586 868 3610 “
907 3583 1129 3639 luntate
1186 3591 1387 3640 nostra
1443 3591 1504 3640 et
1554 3587 1848 3642 communi
1900 3605 2161 3652 assensu,
2217 3587 2342 3643 sine
2389 3587 2548 3642 omni
2615 3586 2928 3650 coactione,

829 3670 868 3695 ‘⁴
908 3667 1216 3723 annuimus
1253 3675 1314 3724 et
1347 3670 1739 3726 concessimus
1775 3671 1957 3727 nobili
1996 3671 2260 3743 Principi
2309 3671 2559 3727 Domino
2623 3669 2927 3734 Edwardo,

829 3754 867 3777 ‘⁴
907 3750 1019 3805 Dei
1055 3750 1247 3821 gratia
1283 3750 1437 3822 Regi
1472 3751 1725 3824 Angliae,
1765 3754 1922 3825 quod
1957 3754 2101 3827 ipse,
2135 3761 2410 3827 tanquam
2445 3754 2711 3827 superior
2746 3752 2928 3809 domi·

829 3839 867 3862 “
905 3852 1017 3889 nus
1077 3841 1250 3889 terrae
1313 3833 1542 3899 Scotiae,
1605 3838 1794 3907 possit
1850 3838 2072 3904 audire,
2149 3839 2497 3903 examinare,
2551 3845 2612 3894 et
2659 3837 2926 3902 diffinire,

829 3923 868 3945 “
906 3916 1337 3973 vendicationes
1396 3927 1645 3984 nostrae,
1711 3927 1772 3976 et
1817 3921 1838 3951 ⁸
1854 3923 2164 3993 petitiones
2222 3941 2367 3995 quas
2417 3922 2772 3978 intendimus
2840 3938 2928 3975 os-

3089 3212 3199 3278 eh.)

831 4005 871 4030 “
908 4000 1148 4058 tendere
1202 4007 1262 4057 et
1296 4001 1560 4073 probare,
1616 4021 1726 4076 pro
1771 4004 1908 4076 jure
1959 4017 2155 4062 nostro
2207 4006 2543 4078 recipiendo
2591 4023 2786 4060 coram
2836 4021 2923 4068 eo,

830 4090 868 4113 ‘⁴
906 4092 1182 4156 tanquam
1219 4086 1507 4157 superiori
1544 4086 1777 4143 domino
1811 4094 2003 4154 terrae,
2042 4092 2448 4162 promittentes
2499 4090 2739 4160 insuper
2775 4087 2928 4161 quod

828 4173 867 4197 ‘⁴
906 4170 1125 4226 factum
1161 4186 1333 4225 sunm
1381 4169 1726 4227 habebimus
1761 4172 1998 4228 firmum
2035 4180 2095 4229 et
2129 4174 2352 4240 stabile,
2392 4181 2454 4230 et
2488 4172 2646 4245 quod
2681 4173 2782 4228 ille
2832 4172 2928 4227 ob·

829 4256 868 4282 “
904 4253 1118 4309 tinebit
1150 4270 1403 4324 regnum
1432 4253 1665 4320 Scotiae,
1693 4256 1863 4327 cujus
1893 4257 1995 4329 jus
2019 4257 2217 4329 potins
2252 4257 2584 4314 declaratur
2607 4274 2802 4313 coram
2837 4273 2923 4312 eo.

891 4435 906 4467 ¹
926 4439 957 4465 “
970 4435 1067 4487 Fa
1085 4435 1262 4487 etdone
1273 4452 1308 4487 a
1320 4435 1558 4499 Norbam,
1573 4434 1617 4488 le
1630 4436 1824 4505 Mar-dy
1999 4441 2019 4471 ⁸
2031 4439 2211 4490 domini
2227 4438 2283 4489 in
2305 4439 2391 4490 the
2412 4439 2612 4506 printed
2626 4447 2777 4491 texts.

823 4515 1680 4583 “procheinapresledsseoesiom
1722 4517 1821 4570 l'an
2001 4517 2932 4584 ‘Ambrioinhexeimeroeduput

823 4601 855 4626 ‘⁸
876 4594 936 4645 de
960 4610 1122 4660 φοι-ο,
1138 4595 1386 4649 100101?
1402 4595 1527 4647 New
1548 4598 1757 4663 Rymer,
1778 4599 1821 4649 1.
1931 4599 1995 4651 of
2017 4599 2102 4649 the
2123 4605 2267 4650 textz
2302 4602 2338 4630 ‘⁸
2357 4597 2553 4649 Littera
2582 4599 2783 4648 misine
2801 4598 2931 4648 datae

824 4689 873 4739 p.
901 4679 1014 4725 75⁵.
1932 4681 1964 4709 ‘⁸
1975 4678 2117 4744 „Reqi
2136 4676 2330 4743 Anqliae
2350 4677 2410 4728 de
2431 4685 2525 4728 τοω
2541 4694 2685 4743 nyso
2705 4675 2930 4728 Scotiaess'

888 4751 1787 4821 ’Norstmb.intheprinoedtext⁸.
1996 4756 2829 4824 maimonem-inmun.
