3300 5617
1056 813 1386 868 merolus
1430 814 1846 870 ANGLIOANA.
2370 803 2497 868 159

99 999 386 1068 Trokelove,
407 998 706 1060 Willelmo
753 999 1041 1065 convenit,
1083 1006 1145 1062 et
1190 1016 1261 1054 eo
1309 998 1581 1071 promisit
1627 999 1868 1058 uberius
1904 998 2147 1063 solvere,
2190 1014 2308 1070 quo
2340 996 2506 1056 novit
2529 999 2833 1057 A.D,1321.

99 1075 360 1152 ΡΡ·,43’,49·
407 1089 627 1142 terram
677 1084 974 1141 utiliorem
1021 1102 1145 1156 prm
1194 1084 1422 1144 oaeteris
1459 1085 1572 1140 sibi
1609 1085 1767 1151 foi-03
1807 1085 1963 1141 unde
1997 1084 2235 1144 obtenta
2268 1100 2305 1140 a
2340 1081 2503 1151 Rege

101 1137 346 1266 flue}‚¹}{3b¹'
407 1168 661 1234 licentia,
701 1169 918 1228 dictam
953 1175 1172 1228 terram
1221 1169 1451 1240 ingredi
1488 1169 1848 1241 disponebat,
1889 1179 2167 1240 tanquam
2206 1166 2505 1240 propriam

103 1270 149 1318 p„
170 1271 233 1319 ix,
404 1253 850 1326 possessionem.
905 1253 1059 1312 Duo
1093 1253 1271 1310 etiam
1305 1253 1524 1309 milites
1548 1260 1955 1326 praepotentes,
1984 1270 2234 1326 quorum
2258 1250 2508 1324 quilibet

405 1343 653 1396 vocatur
692 1329 741 1366 “'
757 1337 1026 1408 Rogerus
1062 1337 1136 1396 de
1159 1336 1395 1396 Mortuo
1418 1337 1632 1404 Mari,”
1658 1338 1938 1396 videlicet
1970 1337 2294 1398 avunculus
2330 1340 2507 1405 atque

403 1439 607 1493 nepos,
649 1422 790 1492 quia
823 1426 984 1480 terra
1015 1420 1121 1478 illa
1155 1420 1269 1475 sibi
1304 1420 1612 1480 videbatur
1646 1421 2035 1486 accommoda,
2090 1427 2330 1494 propter
2363 1419 2508 1476 vici-

405 1504 652 1560 nitatem
677 1512 968 1562 terrarum
996 1523 1254 1570 suarum,
1291 1506 1617 1562 nescientes
1655 1504 1728 1560 de
1764 1506 1918 1562 sacto
1952 1506 2290 1578 praelocum,
2317 1521 2506 1564 acces-

407 1596 615 1648 serunt
637 1589 710 1648 ad
735 1590 959 1646 dictum
980 1589 1347 1650 Willelmum
1372 1589 1445 1644 de
1469 1590 1725 1654 Brewes,
1759 1595 1821 1646 et
1842 1608 1977 1646 cum
2014 1609 2083 1644 eo
2118 1593 2512 1648 convenerunt

404 1674 520 1728 sub
556 1679 725 1746 pacto
776 1674 1027 1746 quodam
1077 1673 1151 1732 de
1200 1679 1359 1730 terra
1392 1674 1673 1745 proedicta
1721 1675 1834 1730 sibi
1869 1681 1930 1732 et
1965 1675 2089 1734 suis
2141 1673 2408 1732 habenda
2452 1677 2513 1725 et

403 1757 687 1822 tenenda3
716 1762 776 1816 et
793 1758 960 1828 quasi
980 1757 1352 1814 securitatem
1376 1756 1448 1816 de
1472 1757 1628 1814 dieto
1642 1758 1939 1814 Willelmo
1955 1763 2343 1830 reportarunt.
2397 1756 2511 1810 Do·

405 1840 604 1899 minus
638 1840 676 1898 J
680 1840 933 1898 ohannes
969 1840 1041 1896 de
1064 1839 1370 1912 Moubray,
1403 1841 1504 1911 qui
1542 1841 1724 1896 filiam
1759 1840 1903 1898 dicti
1940 1840 2224 1900 willelmi
2268 1840 2513 1896 duxerat

405 1923 468 1982 in
524 1941 780 1990 uxorem,
823 1942 955 1995 quoe
1005 1924 1192 1979 haeres
1239 1924 1414 1978 unica
1449 1924 1563 1978 fuit
1595 1923 1707 1988 illi,
1747 1924 1821 1982 de
1867 1929 1992 1984 tota
2038 1931 2199 1982 terra
2245 1924 2507 1996 praefata,

406 2013 689 2079 tanquam
723 2008 890 2066 uxori
928 2025 1049 2064 suae
1085 2007 1455 2062 hoereditario
1483 2007 1622 2079 jure
1658 2006 1872 2074 debita,
1913 2008 2172 2066 securior
2208 2007 2507 2066 existebat.

409 2090 768 2158 Novissime,
808 2092 884 2148 ad
917 2092 1177 2150 omnium
1228 2091 1518 2146 malorum
1552 2092 1873 2156 cumulum,
1913 2092 2095 2163 Hugo
2133 2092 2513 2165 Dispensator

399 2175 627 2245 junior,
678 2176 1090 2247 concupiscens
1148 2181 1368 2232 terram
1426 2174 1640 2246 saepius
1701 2182 2099 2240 memoratam,
2152 2176 2292 2246 quia
2339 2175 2514 2232 terris

410 2258 538 2314 suis
591 2259 849 2331 undique
883 2260 1080 2316 vicina
1114 2258 1245 2322 fuit,
1287 2257 1429 2329 quia
1463 2257 1700 2314 Domini
1737 2257 1922 2329 Regis
1959 2264 2087 2316 erat
2122 2258 2512 2321 Camerarius,

410 2343 758 2414 ampliorem
795 2362 830 2404 a
864 2343 1029 2414 Rege
1080 2343 1332 2413 gratiam
1382 2341 1455 2400 de
1505 2348 1666 2399 terra
1715 2342 2101 2415 comparanda
2149 2343 2418 2408 obtinuit,
2458 2349 2519 2397 et

411 2426 821 2497 specialiorem
871 2446 908 2482 a
958 2426 1191 2484 domino
1241 2425 1413 2482 dictoe
1463 2430 1636 2482 terres
1686 2427 1932 2498 adeptus
1983 2431 2076 2484 est
2124 2427 2401 2492 favorem,
2457 2426 2517 2482 in

411 2511 711 2584 emptione
760 2516 933 2570 terrm
970 2509 1279 2582 ¹praefatae,
1319 2510 1406 2568 ita
1440 2510 1596 2582 quod
1646 2510 1900 2566 finaliter
1943 2518 2161 2570 terram
2204 2512 2385 2576 illam,
2425 2529 2520 2568 ex-

409 2592 601 2648 clusis
651 2594 918 2650 omnibus
983 2594 1135 2659 aliis,
1189 2594 1564 2665 comparavit.
1680 2594 1877 2664 Igitur
1934 2595 2166 2668 praefati
2225 2612 2513 2667 proceres,

412 2677 686 2734 videntes
723 2696 786 2734 se
822 2679 1246 2736 circumventos
1283 2684 1345 2736 et
1379 2677 1614 2738 delusos
1649 2679 1725 2738 ab
1760 2679 2034 2750 Hugone,
2076 2686 2137 2737 et
2172 2697 2209 2736 a
2243 2697 2349 2735 suo
2384 2697 2515 2751 pro·

412 2761 607 2834 posito
660 2762 1071 2826 defraudatos,
1148 2763 1419 2818 commoti
1480 2768 1617 2820 suut
1674 2763 1845 2819 valde
1905 2769 1965 2818 et
2022 2763 2097 2820 ad
2154 2764 2513 2822 iracundiam

109 2856 192 2907 MS
225 2857 352 2910 Βῑω,
416 2846 716 2903 concitati.
810 2846 1019 2901 Comes
1053 2864 1196 2904 vero
1237 2846 1624 2911 Herefordiae,
1665 2847 2021 2904 Humfridus
2057 2848 2130 2903 de
2156 2848 2342 2913 Boun,
2380 2867 2513 2904 con-

111 2925 217 3006 lfeg.
247 2930 299 2974 13
417 2936 668 3001 questus
705 2936 796 2989 est
831 2948 1007 3002 super
1030 2930 1249 3001 injuria
1282 2930 1397 2992 sibi
1433 2931 1587 2990 sacta
1609 2932 1847 2988 'rhomae
1881 2931 2097 2992 Comiti
2126 2932 2513 2998 Lancaswiae;

113 2991 159 3038 ¹⁴¹·
180 3005 243 3040 ¹¹·
415 3014 518 3085 qui
570 3014 900 3071 allicientes
953 3020 1195 3072 ooeteros
1247 3031 1395 3086 pene
1445 3020 1686 3072 cunctos
1739 3015 1999 3072 Comites
2047 3022 2108 3074 et
2149 3017 2408 3074 Bai-ones
2457 3017 2517 3071 in

414 3104 649 3168 partem
687 3116 872 3164 suam,
914 3099 1372 3170 conjurationem
1409 3098 1677 3156 fecerunt
1710 3099 2044 3166 maximam,
2090 3100 2167 3164 ad
2200 3101 2516 3158 vivendum

413 3186 476 3244 et
534 3182 909 3240 moriendum
957 3200 1066 3254 pro
1117 3183 1373 3253 justitia,
1420 3187 1481 3240 et
1529 3183 1702 3254 regni
1751 3184 2081 3256 proditores
2131 3203 2239 3258 pro
2291 3186 2518 3246 viribus

413 3265 862 3333 destruendum,
914 3271 975 3324 et
1009 3267 1302 3338 praecipue
1361 3273 1679 3339 uin-umque
1726 3268 2045 3338 Hugonem
2105 3267 2179 3323 de
2241 3268 2517 3340 Spenner,

414 3359 648 3423 patrem
686 3351 913 3408 scilieet
946 3356 1122 3423 atque
1159 3350 1366 3416 filium,
1412 3368 1558 3420 quos
1593 3351 1729 3408 odio
1765 3352 2108 3410 inexorabili
2161 3353 2519 3425 perstringe-

413 3435 589 3501 bant3
630 3453 706 3492 eo
755 3436 1021 3501 maxime,
1062 3434 1204 3506 quia
1252 3434 1478 3504 Regem
1537 3434 1826 3494 ducebant
1875 3454 1984 3507 pro
2033 3454 2155 3498 sues
2204 3437 2522 3500 voluntatis

412 3518 684 3584 arbitrio,
730 3519 790 3578 in
827 3525 1053 3576 tantum
1091 3517 1248 3590 quod
1283 3534 1391 3572 nec
1421 3517 1653 3584 Comes,
1700 3536 1808 3574 neo
1832 3518 2005 3584 Bam,
2043 3537 2152 3578 nec
2174 3520 2520 3593 Episcopus,

412 3602 746 3674 quiequam
795 3603 983 3660 valuit
1031 3602 1305 3676 expedire
1355 3602 1417 3656 in
1472 3601 1655 3660 Curia.
1707 3602 1831 3658 sine
1885 3604 2095 3662 horum
2148 3605 2392 3679 oonsilio
2425 3606 2522 3662 vel
2628 3652 2632 3655 Α

412 3686 636 3744 favore.
718 3685 995 3746 Omnium
1020 3705 1162 3758 ergo
1186 3688 1371 3742 livore
1394 3686 1913 3758 persequebantur,
1942 3687 2045 3758 qui
2075 3688 2343 3748 omnibus
2375 3707 2523 3761 pene

410 3769 893 3837 dominabantur,
933 3775 994 3830 et
1030 3789 1143 3841 quo
1177 3771 1313 3842 plus
1349 3771 1538 3826 crevit
1572 3787 1779 3828 eorum
1815 3771 2023 3844 gloria,
2069 3777 2131 3828 et
2164 3789 2235 3832 eo
2270 3773 2523 3846 amplius

407 3859 618 3914 eontra
669 3854 814 3914 illos
864 3854 1055 3918 crevit
1103 3853 1344 3922 invidia,
1390 3871 1522 3926 quse
1572 3870 1806 3928 semper
1841 3855 2123 3919 accrescit
2171 3855 2523 3920 abundantia

407 3937 687 4000 aliorum.

477 4021 685 4094 Igitur
747 4021 1038 4087 Barones,
1092 4019 1241 4080 duce
1287 4020 1510 4082 'rhome
1558 4020 1632 4084 de
1681 4021 2041 4092 Lanoaatria,
2108 4023 2263 4094 apud
2324 4024 2522 4081 Schir·
2547 4033 2867 4086 'rheBm-ons

401 4106 581 4164 borne
633 4106 699 4166 in
752 4103 778 4137 ²
794 4105 1122 4164 Clivedone
1174 4111 1583 4172 convenerunt,
1639 4106 1928 4171 foederati,
1980 4112 2157 4182 prout
2189 4107 2422 4175 dicitur,
2462 4115 2525 4165 et
2546 4109 2691 4160 meet,
2715 4109 2768 4151 to

396 4191 764 4262 juramentis
830 4189 1080 4252 astricti,
1132 4189 1207 4245 ad
1259 4189 1731 4261 prosequendum
1789 4192 2151 4264 propositum
2202 4210 2390 4265 usque
2448 4194 2523 4255 ad
2547 4169 2665 4284 *ἷξε
2681 4183 2815 4220 ¹³²⁸·

407 4275 676 4347 corporis
716 4281 782 4333 et
816 4273 1026 4330 animoe
1051 4272 1415 4334 divisionem.
1493 4273 1611 4330 Sed
1645 4279 1840 4334 tamen
1874 4293 2022 4348 pene
2057 4277 2269 4344 cuncti,
2310 4283 2523 4351 proeter
2547 4250 2747 4367 {guigan

411 4360 700 4418 'rhomam
739 4358 818 4414 de
844 4356 1186 4416 Lancastria
1219 4361 1280 4416 et
1310 4356 1693 4414 Humsridum
1730 4357 2017 4418 Comitem
2053 4360 2126 4416 de
2149 4361 2519 4431 Herefordia,
2546 4369 2634 4487 tshe
2655 4369 2737 4418 De

2587 4448 2805 4500 peucers,

481 4668 495 4697 ¹
515 4665 744 4734 proesata
771 4662 826 4711 in
852 4660 945 4710 the
965 4658 1165 4726 printed
1187 4666 1332 4712 texts.
1522 4657 1782 4712 Elaeam
1841 4660 1894 4712 iu
1939 4661 2050 4712 ΜΒ.
2110 4662 2243 4716 nihl.
2287 4663 2413 4731 Reg.
2463 4670 2523 4716 13

485 4748 505 4782 ²
530 4743 772 4798 Elmedou
813 4741 868 4794 iu
905 4738 993 4792 the
1028 4738 1226 4808 printed
1264 4745 1437 4798 texum
1523 4739 1582 4792 Ε.
1607 4739 1678 4788 ix.

1583 4875 1620 4898 l
