3300 5617
827 782 956 847 164
1484 792 1745 843 'mom
1790 789 2260 842 wALsmeuffl

486 972 627 1026 Aa).
664 977 808 1026 1322.
830 981 989 1042 runt,
1028 975 1251 1048 rapinis
1283 973 1658 1046 indulgentes
1694 974 1911 1044 ubique
1946 975 2021 1030 ad
2055 987 2339 1045 magnum
2370 970 2581 1044 patrioe
2611 982 2929 1026 nocumen·
2952 968 3213 1030 Melon,
3240 931 3241 944 χ

500 1571 610 1622 The
632 1571 775 1638 King

499 1704 703 1769 against

498 1771 650 1822 them.

500 1909 613 1960 The
633 1909 758 1960 Earl

499 1976 560 2026 of
572 1976 795 2028 Inucas-

496 2050 575 2093 ter
595 2044 737 2094 takes

497 2117 551 2159 to
573 2109 735 2174 ssight.

493 3158 576 3208 He
598 3158 643 3208 is
773 3201 778 3210 .

497 3226 726 3274 defeated

496 3293 598 3340 and
619 3307 738 3355 cap-

833 1067 980 1116 tum.
1056 1059 1213 1128 Quos
1232 1076 1265 1113 e
1282 1059 1538 1129 vestigio
1560 1058 1691 1113 Rex
1714 1059 2044 1130 insequens,
2065 1057 2289 1130 reperit
2308 1055 2583 1111 collectos
2607 1059 2669 1110 et
2690 1058 2926 1126 paratos
2950 1052 3060 1153 {fs-

828 1311 1080 1367 transire
1141 1315 1358 1383 posset,
1436 1310 1644 1365 occisis
1716 1308 2067 1380 quibusdam
2125 1308 2198 1364 de
2257 1306 2443 1379 Regis
2470 1369 2479 1388 .
2502 1305 2769 1361 exercitu
2827 1304 2926 1375 qui

828 1401 1065 1467 pontem
1098 1394 1351 1450 transire
1387 1392 1708 1449 animosius
1744 1392 2120 1459 institerunt3
2173 1391 2330 1446 uude
2380 1390 2507 1445 Rex
2543 1394 2789 1446 coactus
2840 1393 2928 1443 est

828 1479 1145 1534 transitum
1180 1476 1414 1534 aliunde
1451 1493 1716 1549 quaerere
1751 1476 1911 1532 ultra
1943 1476 2240 1532 Trentam.
2297 1474 2663 1530 Pei-transito
2696 1473 2927 1528 Trentae

828 1561 1031 1628 fluvi0,
1090 1561 1218 1618 Rex
1251 1560 1546 1616 hostiliter
1605 1560 1896 1632 equitavit
1955 1577 2164 1617 versus
2225 1558 2485 1615 Comites
2536 1555 2924 1630 supradictos.

829 1645 1083 1701 Thomas
1117 1662 1258 1700 vero
1295 1642 1528 1709 Comes,
1567 1644 1774 1699 videns
1802 1644 1931 1715 jam
1982 1661 2080 1699 res
2130 1642 2231 1715 agi
2265 1659 2375 1715 pro
2423 1641 2737 1714 capitibus,
2796 1657 2925 1695 cum

832 1728 956 1785 suis
991 1726 1585 1799 commanipularibus
1622 1727 1767 1783 exiit
1800 1725 2003 1782 villam
2039 1726 2112 1781 de
2160 1725 2440 1790 Burtone,
2495 1730 2557 1780 et
2610 1723 2927 1779 exercitum

830 1811 896 1868 iu
928 1829 1134 1884 campo
1169 1812 1377 1868 statuit
1411 1817 1612 1867 contra
1645 1810 1894 1882 Regem,
1930 1815 2241 1883 expectans
2277 1808 2463 1881 Regis
2500 1809 2818 1864 adventum
2868 1807 2927 1860 in

832 1895 1037 1951 eodem
1071 1912 1293 1967 camp0.
1372 1893 1489 1950 Sed
1524 1912 1660 1950 cum
1683 1894 1931 1950 vidisset
1953 1893 2139 1965 Regis
2175 1894 2516 1958 exercitum,
2542 1899 2666 1948 tam
2688 1906 2928 1947 numero

833 1997 1010 2051 quam
1065 1979 1327 2052 potentia
1373 1978 1559 2033 multo
1610 1978 1735 2034 suis
1787 1979 2270 2050 praestantiorem,
2328 1977 2606 2033 confusus
2655 1975 2817 2047 fugit
2869 1974 2926 2028 in

832 2063 1084 2119 dedecus
1120 2062 1558 2134 sempiternum.
1634 2062 1710 2117 In
1743 2061 2025 2133 fugiendo
2046 2079 2206 2129 vero,
2233 2061 2497 2117 diversas
2531 2060 2677 2116 fecit
2710 2058 2927 2130 deprae·

833 2147 1094 2203 dationes
1172 2146 1470 2201 Baronum
1528 2145 1839 2211 exercitus,
1903 2145 2046 2201 dum
2094 2147 2156 2201 vi
2205 2163 2322 2201 non
2374 2150 2604 2201 tantum
2650 2142 2927 2199 victualia

831 2248 940 2302 per
971 2231 1131 2287 viam
1162 2229 1417 2301 rapiunt,
1457 2229 1561 2284 sed
1615 2229 1795 2285 etiam
1844 2230 2197 2285 substautias
2247 2228 2538 2301 diripiunt
2583 2227 2923 2284 incolarum.

831 2314 959 2371 Nec
995 2313 1230 2385 segnior
1264 2313 1394 2368 Rex
1425 2313 1584 2386 ipsos
1619 2313 1915 2384 fugientes
1937 2313 2328 2386 persequitur,
2367 2312 2555 2369 dietas
2588 2311 2927 2368 continuans

831 2404 1006 2471 prout
1053 2396 1413 2470 possibilitas
1469 2397 1833 2469 suppetebat.
1929 2397 2183 2453 Thomas
2232 2414 2376 2453 vero
2433 2397 2508 2453 de
2566 2395 2922 2458 Lancastria,

831 2499 966 2537 cum
1001 2480 1327 2536 Barouibus
1352 2497 1423 2535 ex
1445 2479 1704 2537 exercitu
1725 2479 2027 2548 foederato,
2062 2481 2334 2553 pervenit
2353 2480 2428 2535 ad
2449 2480 2922 2551 Bourhgbrigge,

829 2565 932 2620 ubi
967 2573 1311 2637 repererunt
1343 2581 1618 2635 magnam
1651 2564 2050 2620 resistentiam
2100 2562 2118 2596 ¹
2143 2563 2217 2619 de
2266 2563 2611 2619 Borealibus
2663 2561 2923 2635 partibus
2946 2568 3052 2618 MS.
3074 2567 3184 2618 BibL

3018 1074 3031 1085 .
3054 1041 3198 1088 54-68.

830 1145 907 1200 ad
939 1144 1338 1200 resistentiam.
1368 1142 1721 1198 faciendum.
1794 1142 2353 1215 Impediveruntque
2387 1139 2614 1214 Regem
2664 1155 2772 1210 per
2804 1143 2925 1192 tres
2950 1102 3184 1248 335¹}
3240 1125 3241 1150 ¹

828 1228 957 1284 dies
1017 1228 1338 1293 continu08‚
1413 1227 1724 1298 quominus
1786 1231 2023 1298 pontem
2082 1224 2256 1281 dictae
2311 1223 2473 1279 villae
2532 1221 2606 1277 de
2665 1222 2925 1277 Burtone
2950 1236 3012 1288 Ε,
3029 1251 3100 1286 11,

826 2653 1262 2719 congregatam.
1336 2647 1565 2719 Nempe
1619 2648 1695 2703 ad
1745 2647 1970 2703 dictum
2020 2647 2216 2703 locum
2269 2652 2659 2703 convenerant
2714 2643 2921 2701 Custos
2946 2635 3064 2700 Res·
3091 2642 3142 2685 13
3240 2693 3241 2696 ,

826 2732 1093 2798 Eboraci,
1133 2731 1418 2787 Dominus
1457 2730 1946 2802 Symon'Warde‚
1986 2737 2047 2788 et
2081 2730 2295 2788 Custos
2330 2731 2615 2797 Karleoli,
2641 2730 2924 2786 Dominus
2947 2702 3004 2752 E·
3024 2702 3092 2751 5¹·

827 2815 1094 2871 Andreas
1129 2815 1406 2879 Herkele,
1447 2833 1582 2870 cum
1619 2814 1929 2871 sufficienti
1962 2833 2139 2871 manu
2175 2816 2250 2871 ad
2285 2814 2667 2888 pugnandum
2702 2814 2926 2887 paratiz

828 2899 932 2954 ubi
968 2917 1102 2955 cum
1158 2898 1447 2953 Dominus
1498 2898 1856 2954 Humfridus
1910 2899 1983 2954 de
2032 2899 2221 2966 Boun,
2281 2900 2490 2955 Comes
2543 2898 2928 2964 Herefordiae‚

827 2989 1063 3054 pontem
1098 2984 1349 3039 transire
1396 2982 1701 3048 voluisset,
1741 3000 1778 3038 a
1814 2983 2064 3054 quodam
2101 2983 2211 3038 sub
2246 2989 2420 3055 ponte
2469 2983 2687 3040 latente
2734 2983 2935 3038 lancea

827 3067 1142 3123 transfixus
1178 3072 1288 3132 est,
1326 3072 1388 3122 et
1420 3073 1760 3138 peremptus
1796 3066 2034 3122 ibidem.
2074 3066 2326 3123 Thomas
2374 3084 2515 3123 vero
2569 3068 2642 3122 de
2689 3066 2934 3122 Lancas-

828 3151 963 3216 tria,
1001 3168 1118 3206 non
1151 3151 1353 3206 valens
1391 3150 1680 3206 sustinere
1714 3149 1941 3223 pondus
1977 3150 2173 3222 proelii
2207 3151 2271 3205 in
2308 3168 2443 3206 eum
2477 3151 2654 3216 versi,
2706 3169 2819 3224 nec
2862 3150 2933 3205 de

828 3232 957 3288 loco
981 3234 1208 3305 fugere,
1237 3238 1441 3304 captus
1467 3240 1558 3289 est
1579 3233 1653 3288 ab
1676 3234 1915 3289 Audrea
1947 3233 2022 3288 de
2057 3234 2336 3300 Herkele,
2366 3232 2623 3290 Custode
2648 3233 2928 3299 Karleoli,

828 3317 1017 3373 milite
1051 3316 1361 3373 mediocris
1399 3318 1665 3373 sortunae.
1742 3316 1914 3389 Capti
1950 3324 2087 3392 sunt
2120 3318 2299 3373 etiam
2322 3318 2395 3373 ab
2420 3318 2623 3373 eodem
2648 3318 2929 3374 Dominus

829 3400 1099 3471 Rogerus
1123 3400 1196 3456 de
1222 3400 1517 3466 Clifforde,
1547 3400 1833 3456 Dominus
1858 3400 1900 3455 J
1900 3401 2151 3457 ohannes
2177 3401 2251 3455 de
2273 3401 2621 3474 Mounbray,
2648 3402 2929 3457 Dominus

828 3484 1105 3541 Warinus
1141 3484 1214 3539 de
1250 3484 1473 3550 Insula,
1513 3502 1648 3540 cum
1683 3484 1886 3540 multis
1912 3484 2066 3550 aliis,
2105 3492 2167 3540 et
2202 3483 2437 3541 adducti
2462 3486 2537 3541 ad
2562 3485 2753 3558 Regis
2788 3504 2930 3558 prae·

828 3566 1077 3624 seutiam
1111 3567 1186 3623 ad
1220 3567 1468 3623 Pontem
1490 3566 1801 3634 Fractum3
1840 3567 1944 3622 ubi
1980 3567 2124 3633 Rex,
2163 3586 2301 3624 cum
2346 3568 2573 3625 duobus
2624 3569 2933 3643 Dispensa-

826 3651 1073 3716 toribus‚
1112 3650 1368 3722 Hugone
1404 3650 1632 3705 seniore
1668 3658 1730 3706 et
1764 3651 2021 3722 Hugoue
2050 3651 2305 3722 juniore,
2345 3653 2705 3710 morabatur.

495 3733 606 3785 The
623 3734 744 3786 Earl
760 3736 808 3787 is
897 3735 979 3791 Et
1035 3752 1171 3790 cum
1229 3735 1482 3790 Thomas
1548 3733 1759 3791 Comes
1821 3733 2190 3791 introductus
2254 3736 2467 3793 fuisset
2514 3738 2579 3793 in
2624 3737 2849 3803 villam,
2897 3756 2931 3792 a

494 3802 803 3855 mala-ested.

825 3825 950 3876 tota
1018 3823 1196 3890 gente
1272 3817 1504 3873 derisus
1572 3823 1683 3885 est,
1751 3824 1812 3874 et
1879 3819 2235 3875 acclamatus
2310 3822 2349 3849 “
2388 3820 2516 3876 Rex
2572 3821 2928 3886 Arthurus‚”

823 3910 888 3961 et
931 3902 1194 3974 undique
1230 3902 1636 3958 subsannatus.
1735 3901 1904 3972 Quod
1961 3903 2362 3959 tantummodo
2412 3904 2577 3977 juste
2630 3905 2930 3962 dicebatur

825 3987 1110 4043 accidisse
1157 3985 1290 4051 sibi,
1343 4002 1412 4041 eo
1464 3984 1619 4057 quod
1677 3986 1806 4058 ipse
1865 3985 2097 4057 Regem
2150 3988 2283 4058 pari
2342 3987 2533 4044 forma
2589 3989 2949 4046 dehonestas

497 4067 598 4118 His
619 4069 807 4122 former
825 4076 1010 4136 verat,
1097 4087 1233 4127 cum
1305 4069 1432 4125 Rex
1495 4087 1705 4141 parum
1779 4075 1913 4126 ante
1982 4088 2019 4125 a
2076 4071 2342 4141 partibus
2419 4072 2772 4130 Borealibus
2841 4074 2925 4129 di-

494 4138 713 4187 conduct

497 4201 715 4252 towards

495 4269 581 4319 the
603 4268 767 4334 Kingo

824 4155 1118 4220 vertisset,
1146 4159 1209 4210 et
1229 4153 1491 4209 venisset
1524 4153 1599 4209 ad
1633 4153 1881 4210 Pontem
1918 4153 2217 4210 me.
2289 4155 2446 4211 Nam
2476 4158 2752 4224 Thomas,
2790 4158 2926 4214 irre·

824 4244 1096 4295 verenter
1154 4236 1465 4310 egrediens
1527 4254 1666 4292 cum
1727 4238 1853 4294 suis
1914 4237 2270 4306 hominibus,
2334 4240 2479 4297 exiit
2540 4247 2801 4308 castrum
2856 4240 2927 4297 ad

896 4549 909 4579 ¹
935 4547 1101 4599 Down
1122 4554 1177 4599 to
1219 4546 1321 4599 this
1354 4545 1511 4613 point,
1546 4547 1633 4597 the
1666 4561 1836 4598 narra-
1924 4546 2222 4613 particulare
2265 4551 2435 4605 which
2478 4568 2564 4605 are
2606 4561 2701 4607 not
2756 4562 2809 4607 to
2865 4556 2927 4606 be

825 4628 932 4680 tive
968 4629 1298 4691 cot-responde
1317 4627 1443 4676 with
1474 4626 1560 4677 the
1582 4627 1836 4694 language
1926 4629 2083 4679 found
2105 4631 2261 4692 there,
2283 4647 2380 4682 nor
2398 4632 2456 4683 iu
2479 4634 2566 4685 the
2586 4650 2714 4702 very
2736 4635 2925 4688 similar

825 4710 888 4759 ot·
911 4706 997 4758 the
1017 4707 1230 4758 Record.
1311 4705 1360 4757 It
1394 4722 1511 4756 nov
1531 4714 1696 4759 enters
1727 4707 1836 4759 into
1922 4717 2137 4761 account
2158 4710 2313 4777 given
2333 4712 2405 4778 by
2424 4711 2509 4763 De
2528 4714 2579 4764 la
2599 4713 2762 4766 Moor.
