3300 5617
895 732 1025 795 426
1540 749 1801 799 Tucim
1848 748 2319 801 wammam

558 929 698 983 AJ).
726 936 867 984 1379.
890 935 1069 1006 persi,
1125 934 1230 989 sed
1268 940 1466 989 tamen
1518 933 1716 1005 pelagi
1768 935 2058 1005 profunda
2094 936 2439 1002 ¹sulcantes‚
2494 937 2666 1009 juxta
2709 943 3095 1019 merimmugffi

891 1020 1133 1074 sincerae
1155 1020 1294 1074 vitoe
1331 1025 1392 1074 et
1426 1017 1591 1073 bonae
1616 1018 1752 1073 fidei
1789 1019 2038 1075 evadere
2072 1028 2448 1087 merueruntg
2490 1023 2645 1093 apud
2667 1042 2801 1095 quos
2820 1027 2935 1083 illud
2952 1025 3030 1090 Rq.
3044 1037 3072 1080 ιε

558 1104 865 1156 Sin-Thomas
889 1102 1157 1158 mirabile
1193 1102 1457 1173 contigit.
1536 1101 1689 1157 Cum
1724 1101 2010 1158 Dominus
2046 1103 2296 1159 Thomas
2332 1105 2544 1176 Percy,
2583 1113 2713 1177 post
2752 1116 2936 1167 tantum
2952 1090 3046 1146 Ei&

554 1171 720 1236 Pemy
739 1188 825 1222 ΕΠ·
890 1187 1183 1256 fragorem
1220 1192 1281 1241 et
1315 1184 1665 1240 horrendam
1700 1186 1909 1241 mortis
1946 1186 2235 1243 diutinam
2272 1189 2743 1260 expectationem,
2780 1196 2934 1264 magia

553 1242 832 1357 ffiessssnd
887 1277 1058 1342 aptus
1081 1271 1294 1325 fuisset
1317 1269 1393 1324 ad
1413 1269 1860 1325 refocillandum
1883 1271 2148 1326 membra
2168 1271 2382 1335 inedia,
2400 1272 2648 1343 vigiliis.
2664 1273 2930 1343 laboribus,

553 1369 771 1432 spanigh
887 1362 947 1408 et
969 1360 1059 1409 tot
1082 1354 1375 1418 aerumnis,
1404 1353 1708 1409 debilitata
1731 1359 1792 1409 et
1815 1354 2083 1423 fatigata,
2110 1354 2261 1410 lecto
2281 1355 2380 1410 vel
2405 1356 2659 1411 molliori
2682 1362 2931 1428 stramine,

553 1436 679 1501 ship.
885 1437 1061 1492 irruit
1093 1444 1332 1509 repente
1370 1454 1545 1508 super
1581 1454 1717 1492 eum
1753 1438 1917 1492 navis
1956 1438 2297 1508 Hispaniae,
2337 1440 2579 1495 armatis
2615 1450 2823 1507 onusta,
2855 1447 2932 1515 qui

883 1522 1166 1592 putabant
1218 1539 1352 1576 eum
1405 1521 1524 1576 levi
1573 1521 1812 1590 negotio
1867 1526 2002 1592 post
2051 1526 2141 1579 tot
2184 1523 2510 1578 infortunia
2573 1525 2930 1594 superandum,

887 1605 1004 1660 Sed
1040 1606 1183 1676 quid
1221 1611 1426 1676 ageret
1486 1611 1627 1660 tunc
1666 1605 1838 1661 miles
1881 1606 2156 1670 invictus,
2214 1624 2329 1661 non
2382 1625 2532 1677 opus
2595 1609 2777 1664 extitit
2824 1610 2929 1669 'de-

883 1690 1260 1755 liberatione;
1317 1689 1420 1745 sed
1473 1707 1607 1745 mox
1641 1690 1745 1744 ubi
1795 1704 1903 1744 nec
1956 1690 2121 1745 locus
2174 1707 2283 1745 nec
2332 1698 2568 1762 tempus
2620 1709 2722 1763 pro
2772 1693 2933 1766 hujus-

880 1775 1038 1829 modi
1077 1774 1479 1845 suppetebant,
1519 1774 1677 1829 intra
1712 1790 1777 1828 se
1811 1772 2079 1828 ³censuit
2123 1773 2274 1829 illud
2320 1775 2620 1830 modicum
2663 1777 2860 1848 vigoris
2888 1787 2933 1835 et

881 1860 1123 1930 spiritus
1158 1858 1433 1913 militaris
1473 1858 1627 1929 quod
1662 1864 2043 1922 remanserat,
2084 1859 2149 1913 in
2182 1858 2381 1914 hostes
2418 1859 2756 1930 expendere,
2789 1868 2841 1916 et
2868 1864 2932 1918 sic

881 1943 1107 2006 saltem,
1148 1943 1200 1998 si
1235 1942 1483 1998 victoria
1517 1946 1851 2011 negaretur,
1906 1941 2091 1997 vitam
2145 1942 2385 1997 honeste
2435 1942 2623 1997 finire.
2699 1944 2803 1999 Sed
2842 1947 2930 2000 for·

879 2034 1022 2082 tuna
1069 2027 1224 2098 parti
1276 2044 1415 2089 suae,
1472 2026 1653 2079 immo
1708 2023 1888 2088 Deus,
1948 2025 2061 2081 sibi
2118 2026 2358 2096 suisque
2410 2025 2594 2081 robur
2645 2028 2863 2083 contulit
2888 2040 2934 2083 et.

880 2111 1201 2173 audaciam,
1244 2116 1304 2164 et
1343 2110 1416 2164 de
1457 2108 1713 2163 inimicis
1751 2108 2061 2165 victoriam
2109 2110 2446 2180 gratiosam.
2522 2110 2582 2165 N
2584 2127 2649 2165 ec
2699 2112 2802 2166 fuit
2829 2131 2930 2168 con-

880 2196 1071 2249 flictus
1107 2195 1221 2249 iste
1257 2200 1714 2256 momentaneus,
1764 2195 1859 2248 vel
1914 2194 2032 2249 cito
2081 2196 2494 2266 pertransitus,
2552 2194 2653 2249 sed
2702 2214 2798 2267 per
2836 2202 2929 2251 tres

878 2280 1049 2334 horas
1100 2284 1232 2333 ante
1283 2277 1636 2332 deditionem
1690 2276 1948 2332 hostium
2008 2278 2280 2333 continue
2331 2277 2688 2349 perduravit.
2773 2279 2929 2350 Igitur

878 2369 1013 2433 post
1063 2379 1224 2415 mare
1276 2360 1560 2422 sedatum,
1615 2378 1751 2414 cum
1788 2361 1918 2431 ipsa
1950 2361 2087 2415 navi
2126 2379 2304 2432 quam
2340 2368 2673 2433 superatam
2720 2372 2923 2433 ceperat.

880 2452 940 2500 ct
964 2445 1231 2515 captivis,
1262 2444 1456 2507 rediit,
1477 2444 1498 2476 ⁴
1515 2443 1863 2513 reportando
1882 2443 2176 2515 duplicem
2205 2445 2432 2515 regioni
2456 2445 2739 2509 laetitiam,
2757 2445 2820 2499 de
2848 2465 2930 2501 sua

880 2529 1068 2583 salute
1120 2534 1352 2583 servata
1388 2533 1448 2583 et
1482 2526 1555 2581 de
1590 2528 1841 2583 victoria
1887 2527 2211 2598 praelibata.
2290 2527 2401 2596 Qui
2454 2546 2610 2593 mox,
2660 2536 2723 2583 ut
2756 2530 2925 2585 incola·

867 2631 1010 2676 *rum
1053 2613 1342 2683 colloquio
1392 2612 1510 2666 frui
1557 2612 1767 2682 potuit,
1803 2629 2015 2667 navem
2053 2630 2230 2682 quam
2267 2619 2508 2684 ceperat
2557 2630 2659 2683 pro
2706 2615 2926 2668 cautione

877 2698 1091 2768 posuit,
1155 2696 1408 2767 acceptis
1468 2714 1504 2750 a
1562 2697 1834 2765 patriotis
1909 2702 2145 2751 centum
2221 2696 2391 2751 libris
2465 2696 2712 2766 argenti·
2809 2696 2923 2752 Cum

880 2782 1094 2852 quibus
1154 2780 1315 2834 illico
1366 2779 1642 2835 audacter
1696 2779 2032 2849 ingreditur
2101 2797 2263 2835 mare
2318 2781 2558 2843 iterum,
2621 2786 2679 2835 et
2732 2798 2925 2834 cursum

877 2883 1082 2920 versus
1119 2863 1425 2917 castellum
1464 2863 1537 2917 de
1573 2862 1768 2925 Brest,
1809 2862 1978 2932 cujus
2015 2869 2142 2919 erat
2175 2863 2624 2935 concapitaneus
2668 2881 2789 2918 cum
2828 2863 2927 2918 Hu-

547 2947 625 2996 He
648 2948 836 2996 arrives
877 2967 1028 3019 gone
1064 2947 1398 3009 Kalverlee‚
1438 2947 1666 3015 dirigit,
1706 2964 1779 3000 ne
1819 2944 1982 3000 locus
2020 2946 2142 3012 ille,
2182 2947 2403 3002 diutius
2426 2947 2756 3019 ‘capitaneo
2786 2947 2925 3001 desti-

545 3014 707 3077 Sasely
877 3038 1060 3097 tutus,
1100 3032 1288 3086 ullum
1324 3032 1586 3085 incurrat
1620 3030 2006 3084 infortunium
2030 3048 2136 3101 per
2158 3049 2363 3085 manus
2388 3031 2668 3099 hostilem
2705 3031 2772 3086 ad
2791 3048 2927 3102 quem

543 3088 596 3128 at
611 3080 772 3129 Brest.
877 3117 1092 3179 locum,
1133 3115 1383 3168 Domino
1420 3113 1685 3177 ducente,
1726 3112 1980 3168 feliciter
2014 3114 2079 3168 in
2112 3114 2277 3168 brevi
2306 3116 2477 3185 juxta
2512 3122 2649 3171 vota
2689 3115 2924 3186 pervenit.

542 3232 626 3283 Sir
647 3233 732 3282 ΗΠ
770 3234 803 3282 h
944 3199 1034 3253 Ac
1083 3214 1199 3251 non
1234 3197 1487 3251 multum
1521 3201 1656 3266 post
1689 3197 1834 3259 haec,
1877 3196 2163 3252 Dominus
2200 3197 2380 3267 Hugo
2418 3198 2728 3253 Kalverlee
2760 3204 2813 3252 et
2840 3197 2928 3250 Do-

543 3249 811 3364 Cajverlgey
880 3283 1073 3339 minus
1111 3280 1446 3337 VVillelmus
1501 3279 1795 3343 Elmham,
1837 3284 1898 3333 et
1934 3280 2175 3350 quidam
2225 3279 2345 3343 alii,
2391 3280 2628 3336 diversa
2671 3281 2847 3336 littora
2881 3281 2928 3334 in

542 3367 642 3415 and
672 3366 757 3416 Sir
877 3365 1097 3435 Anglia
1133 3369 1193 3417 et
1227 3364 1515 3417 Hibernia
1549 3364 1893 3432 attigerunt.
1989 3364 2107 3418 Sed
2141 3365 2205 3418 in
2239 3363 2355 3418 hiis
2390 3362 2771 3427 “mirandum
2807 3363 2928 3434 quod

539 3432 770 3482 Wffliam
879 3468 1013 3504 cum
1072 3448 1270 3504 caeteri
1341 3448 1440 3502 vix
1498 3449 1623 3501 vita
1682 3447 1907 3502 salvata
1966 3447 2212 3503 evadere
2281 3454 2616 3518 potuerunt,
2691 3448 2928 3502 Dominus

539 3499 839 3632 {3¹32}ssoe
877 3534 1129 3589 Thomas
1179 3533 1368 3602 Percy
1418 3540 1478 3587 et
1526 3532 1813 3586 Dominus
1850 3531 2032 3602 Hugo
2080 3531 2393 3587 Kalverlee
2447 3532 2675 3587 nullum
2726 3550 2788 3586 ex
2832 3531 2927 3585 suis

539 3632 625 3682 the
649 3639 770 3683 tem-
873 3618 1226 3679 hominibus,
1280 3617 1383 3671 sed
1428 3634 1535 3670 nec
1586 3633 1770 3686 equos
1821 3615 2059 3686 quidem
2107 3615 2353 3687 aliquos,
2394 3616 2778 3686 perdiderunt.
2854 3614 2929 3667 In-

537 3706 659 3762 pest.
875 3703 1027 3757 tueri
1081 3701 1229 3755 libet
1263 3701 1326 3754 in
1360 3700 1605 3771 praefato
1639 3699 1879 3770 negotio
1917 3704 1977 3753 et
2011 3698 2343 3754 evidentem
2391 3699 2710 3755 vindictam
2753 3698 2925 3753 divinae

874 3785 1205 3840 severitatis
1265 3791 1324 3839 et
1384 3783 1756 3837 manifestam
1805 3782 2268 3837 misericordiam
2334 3782 2658 3838 Dominicae
2712 3781 2923 3853 pietatis.

876 3869 993 3923 Sed
1027 3886 1101 3922 ne
1131 3867 1467 3939 judicemur
1503 3865 1635 3920 odio
1672 3864 1768 3919 vel
1805 3866 2004 3920 favore
2043 3867 2336 3936 prosequi,
2367 3884 2618 3936 quorum
2658 3865 2926 3920 infortunia

871 3952 966 4006 vel
1016 3953 1277 4006 fortunas
1325 3949 1771 4012 declaravimu8‚
1834 3949 2009 4004 istam
2069 3950 2393 4013 materiam,
2434 3950 2822 4005 conferendam
2869 3946 2927 4001 ad

872 4052 1275 4107 quemcunque
1314 4051 1549 4088 sensum
1583 4033 1889 4103 placuerit,
1929 4033 2169 4086 lecturis
2202 4033 2695 4105 derelinquimus3
2730 4033 2825 4088 hoc
2845 4048 2925 4103 pro

957 4222 972 4225 -
1147 4218 1234 4223 -,-
1419 4214 1546 4220 -.--
1577 4214 1638 4219 ¹4-
1690 4213 1711 4219 .-
1902 4214 1939 4219 --
1994 4214 2103 4220 -,>*-
2140 4216 2159 4219 -
2194 4216 2227 4220 --
2334 4216 2523 4223 —-—--

944 4338 956 4366 ¹
980 4336 1269 4384 muscitantes
1288 4333 1344 4381 in
1362 4332 1449 4382 the
1470 4331 1671 4395 printed
1691 4338 1843 4380 texte.
2032 4335 2053 4361 ⁵
2073 4335 2363 4398 capitaneus
2407 4337 2463 4385 in
2503 4337 2657 4402 orig.;
2709 4335 2922 4386 corrected

939 4418 960 4446 ²
982 4415 1040 4464 de
1077 4413 1414 4463 deliberatione
1457 4411 1514 4460 in
1552 4410 1692 4461 Bibl.
1746 4411 1872 4477 Reg.
1964 4413 2095 4463 from
2118 4414 2204 4465 the
2226 4415 2427 4479 printed
2448 4423 2595 4466 texts.

880 4500 939 4544 13
963 4495 1022 4543 Ε.
1045 4493 1117 4542 ix.
1143 4494 1244 4542 and
1265 4493 1351 4542 the
1371 4490 1574 4554 printed
1596 4496 1745 4542 texts.
2031 4496 2052 4523 ⁶
2074 4494 2393 4560 Apparently
2407 4495 2608 4545 written
2628 4491 2921 4561 “jureum’'

937 4576 959 4603 ⁸
980 4573 1165 4622 remit
1180 4570 1232 4620 in
1256 4570 1383 4635 orig.
1964 4570 2018 4618 in
2042 4572 2171 4636 orig.
2194 4593 2209 4632 3
2234 4576 2492 4626 corrected
2509 4575 2639 4625 stom
2659 4575 2740 4625 the
2758 4572 2921 4639 printed

939 4655 958 4684 ⁴
982 4651 1257 4718 reparando
1280 4652 1335 4700 in
1354 4651 1442 4701 the
1463 4651 1667 4714 printed
1684 4658 1836 4701 texts.
1962 4656 2110 4702 texts.
