3300 5617
796 784 885 847 52
1440 765 1700 844 ‘mou
1743 789 2215 843 vunentanus

1430 905 1451 942 0

469 986 607 1038 ΑΒ.
631 990 772 1037 1295.
794 993 1064 1056 treugam
1099 982 1318 1055 absque
1340 979 1523 1054 Regis
1547 980 1942 1037 Romanorum
1987 993 2273 1035 consensu
2297 973 2602 1041 assentire,
2648 978 2891 1048 propter
2911 982 3168 1054 managu,

798 1069 989 1125 foedus
1024 1069 1177 1124 inter
1214 1084 1313 1122 eos
1360 1066 1571 1122 initum
1610 1065 1947 1136 juramento
1983 1061 2298 1126 firmatum,
2361 1077 2478 1115 non
2522 1060 2758 1131 potuit;
2797 1076 2890 1113 ro-
2915 1051 3145 1108 MSAEM

800 1157 1087 1222 geverunt
1104 1150 1363 1228 Regem,
1390 1155 1460 1205 ut
1499 1148 1684 1219 Regis
1709 1147 2102 1203 Romanorum
2138 1161 2486 1200 consensum
2519 1142 2537 1176 ¹
2561 1139 2885 1215 [petendo],
2914 1118 3104 1238 Q„

799 1235 1059 1291 inducias
1129 1234 1483 1305 impetraret.
1581 1230 1748 1302 Rege
1817 1235 2033 1294 autem,
2108 1229 2180 1284 ob
2243 1227 2632 1283 reverentiam
2694 1225 2891 1282 Ouriae

798 1319 1091 1382 Romanae,
1139 1315 1405 1389 petitioni
1464 1332 1667 1370 eorum
1725 1319 2032 1378 annuente,
2095 1313 2255 1369 circa
2308 1310 2698 1368 Nativitatem
2757 1309 2894 1367 Vir-

799 1403 957 1475 ginis
1003 1401 1273 1472 gloriosae
1319 1401 1381 1454 in
1430 1398 1653 1455 Gallias
1699 1404 2091 1454 revertuntur.

467 1465 640 1517 D‘We'
871 1485 1043 1542 Circa
1085 1500 1341 1556 praesens
1380 1489 1629 1554 tempus,
1655 1480 1678 1514 ²
1694 1481 1899 1538 classis
1924 1480 2243 1546 Gallicana,
2269 1479 2586 1536 Doveriam
2631 1479 2890 1542 veniens,

463 1535 776 1652 ῐῗέἲξζέζ
800 1569 996 1625 emisit
1030 1566 1352 1640 praedones,
1405 1567 1526 1637 qui,
1571 1565 1820 1637 spoliato
1865 1565 2141 1620 Piioratu
2178 1569 2241 1619 et
2283 1581 2401 1620 uno
2435 1563 2720 1620 monacho
2757 1580 2893 1620 seue

797 1653 1005 1715 occiso,
1054 1657 1281 1723 partem
1325 1666 1599 1722 magnam
1643 1648 1844 1721 oppidi
1900 1646 2314 1714 incenderunt3
2389 1665 2640 1719 quorum
2710 1645 2892 1718 aliqui

797 1743 930 1792 ante
976 1734 1231 1791 reditum
1277 1733 1354 1789 ad
1396 1750 1574 1790 naves
1610 1732 1903 1788 interfecti
1926 1738 2081 1797 sunt,
2133 1732 2238 1787 sed
2281 1731 2526 1804 plurimi
2561 1737 2889 1787 evaserunt.

798 1819 934 1876 cito
977 1836 1117 1874 vero
1163 1824 1313 1889 post,
1353 1817 1524 1889 galea
1572 1815 1840 1888 quaedam
1887 1814 2266 1879 Gallicorum,
2329 1832 2472 1871 casu
2520 1814 2773 1886 quodam
2821 1813 2896 1872 ad

796 1908 1029 1976 portum
1070 1902 1142 1959 de
1184 1901 1361 1974 Hyda
1399 1901 1662 1974 appulsa,
1705 1905 1877 1972 capta
1912 1906 2004 1955 est
2043 1916 2149 1971 per
2197 1899 2525 1955 Jobannem
2564 1898 2638 1954 de
2663 1898 2896 1955 Colum·

795 1986 995 2050 bariis,
1023 1985 1275 2041 militem
1308 1984 1582 2048 nobilem,
1622 1984 1837 2050 nautis,
1877 1983 1981 2055 qui
2016 2000 2146 2038 eam
2181 1982 2538 2038 conabantur
2585 1981 2891 2048 abducere,

794 2070 1134 2127 interfectis.

463 2153 759 2221 cherbourg
864 2152 1077 2210 Nautae
1149 2154 1326 2210 etiam
1399 2151 1928 2209 Gememuthenses
1993 2151 2245 2207 Oaesaris
2304 2150 2576 2222 Burgum
2635 2151 2699 2206 in
2745 2150 2896 2208 Nor·

460 2223 626 2274 '’um‘-
795 2238 1029 2294 mannia
1073 2236 1337 2292 incendio
1374 2241 1769 2300 vastaverunt,
1819 2234 1841 2267 ³
1857 2232 2265 2321 Oherburgh,
2305 2234 2671 2306 spoliataque
2705 2235 2897 2290 Abba-

793 2326 921 2381 thia
979 2324 1399 2381 canonicorum
1465 2324 1852 2395 Regularium
1913 2323 2224 2396 quemdam
2282 2340 2482 2378 senem
2521 2324 2584 2377 in
2620 2322 2898 2394 Angliam

463 2400 681 2467 ’5Μῦῑὶ
795 2408 1173 2464 adduxerunt.
1268 2407 1810 2463 Portesmuthenses
1871 2407 2202 2479 quindecim
2260 2423 2438 2462 naves
2487 2406 2895 2478 Hispannicas,

460 2468 607 2584 ἰωῇ,
618 2469 771 2519 “⁸⁹¹¹
799 2499 1037 2548 onustas
1073 2491 1385 2555 mercibus,
1425 2491 1728 2547 tendentes
1775 2492 1838 2546 in
1874 2491 2273 2556 Dammouem,
2313 2497 2549 2563 portum
2586 2489 2893 2554 Flandriae,

457 2550 538 2666 Ριξ
546 2550 780 2653 offae&
803 2582 1002 2648 captas
1051 2574 1413 2631 deduxerunt
1451 2574 1839 2631 Sandwicum.

468 2667 661 2719 mouth.
874 2659 914 2714 J
916 2660 1189 2724 ohannes,
1229 2659 1353 2714 Rex
1392 2658 1622 2724 Scotioe,
1661 2659 1921 2731 homagii
1958 2665 2019 2715 et
2052 2658 2352 2715 fidelitatis
2402 2677 2525 2714 suoe
2574 2661 2894 2726 immemor,

462 2758 628 2810 1321101
798 2743 1106 2799 destinatis
1181 2742 1257 2797 ad
1333 2743 1560 2816 Regem
1620 2742 1978 2799 Francorum
2035 2743 2285 2807 nunciis,
2338 2742 2638 2799 Willelmo
2701 2742 2898 2799 Sancti

463 2834 628 2877 enter!
660 2826 770 2877 into
793 2827 1062 2893 Andreae,
1092 2835 1152 2884 et
1174 2826 1470 2883 Willelmo
1494 2827 1909 2892 Dunkelaensi,
1936 2827 2261 2898 Episcopis,
2280 2826 2321 2882 J
2321 2827 2545 2883 ohanne
2570 2827 2644 2883 de
2671 2827 2895 2893 Soules,

460 2907 528 2972 ²¹².
558 2893 770 2944 ”uince
794 2918 855 2967 et
915 2911 1250 2983 Ingelrame
1306 2911 1378 2967 de
1433 2909 1777 2976 Umfrevile,
1833 2910 2142 2975 militibus,
2200 2910 2351 2966 clam
2411 2917 2616 2966 contra
2674 2910 2898 2983 Regem

460 2960 669 3077 Effice·
793 2996 1031 3067 Angliaee
1070 2995 1260 3051 soedus
1298 2996 1467 3061 iniit,
1521 3001 1745 3067 petens,
1787 2995 1850 3050 in
1902 2994 2343 3050 affirmationem
2395 2997 2641 3066 negotii,
2699 2997 2896 3052 matri-

794 3081 1054 3135 monium
1091 3080 1354 3135 contrabi
1405 3081 1558 3134 inter
1612 3079 1800 3133 filium
1849 3096 2041 3143 suum,
2094 3077 2467 3145 Edwardum,
2524 3098 2593 3135 ac
2647 3080 2898 3136 nobilem

794 3164 1052 3235 puellam
1108 3163 1454 3227 Johannam,
1495 3163 1676 3217 filiam
1712 3161 1938 3226 Karoli,
1977 3162 2242 3233 germani
2279 3162 2464 3235 Regis
2501 3163 2894 3230 Franz-,omnm

796 3246 1085 3318 spondens
1121 3264 1185 3301 se
1218 3247 1371 3301 velle
1406 3249 1427 3278 ⁴
1446 3245 1674 3317 Regem
1708 3245 1944 3318 Angliae
1983 3245 2124 3301 totis
2159 3245 2386 3301 viribus
2435 3248 2803 3320 impugnare,
2842 3255 2900 3304 et
2929 3285 2934 3292 ·

797 3349 834 3386 a
870 3347 1059 3386 werra
1106 3348 1242 3385 cum
1278 3329 1443 3403 Rege
1481 3329 1745 3385 Franciae
1799 3328 2117 3402 impedire;
2172 3330 2328 3387 sicut
2362 3331 2425 3386 in
2461 3332 2700 3405 scriptis
2750 3333 2900 3389 iuter

796 3421 1076 3485 utrosque
1112 3431 1284 3486 reges
1320 3414 1598 3469 confectis
1634 3412 1865 3485 plenius
1901 3414 2249 3469 continetur.

872 3496 1031 3552 Scoti
1067 3514 1206 3552 vero
1241 3513 1347 3569 per
1382 3496 1538 3552 idem
1573 3503 1807 3569 tempus
1846 3496 2153 3569 elegerunt
2188 3498 2302 3554 sibi
2338 3498 2646 3556 duodecim
2692 3518 2897 3574 pares3

800 3588 1050 3654 quatuor
1064 3580 1342 3637 videlicet
1356 3581 1693 3653 Episcopos,
1713 3586 1961 3652 quatuor
1976 3580 2253 3647 Comites,
2274 3588 2335 3639 et
2353 3591 2602 3655 quatuor
2616 3584 2898 3652 Barones;

803 3682 1052 3738 quorum
1089 3663 1332 3720 consilio
1382 3664 1507 3719 Rex
1557 3681 1808 3736 regnum
1860 3684 2032 3721 suum
2086 3666 2413 3736 gubernare
2465 3669 2733 3735 debebat,
2790 3670 2901 3726 Per

801 3767 949 3823 quos
984 3749 1180 3813 etiam,
1220 3754 1288 3803 ut
1322 3749 1385 3803 in
1417 3748 1566 3803 hanc
1602 3750 1956 3805 consentiret
2002 3750 2407 3822 proditionem,
2446 3752 2562 3808 fuit
2609 3753 2898 3809 inductus.

802 3833 1030 3905 Nempe
1101 3831 1311 3887 borum
1383 3832 1644 3897 consilio,
1710 3838 1771 3889 et
1827 3834 2121 3905 praecipue
2179 3835 2426 3891 Abbatis
2498 3835 2572 3891 de
2644 3836 2897 3902 Mem-os,

805 3934 940 3973 cum
991 3915 1066 3971 sd
1119 3913 1577 3970 Parliamentum
1643 3916 1903 3987 venisset
1961 3916 2144 3988 Regis
2203 3918 2457 3990 Anglioe,
2520 3919 2899 3976 illicensiatus

474 3999 572 4049 His
592 4015 706 4080 pro·
807 3998 960 4054 clam
994 3997 1267 4053 discessit
1298 4003 1576 4069 tanquam
1610 3998 1919 4069 fugitivus,
1958 3999 2034 4055 ad
2067 4018 2346 4074 magnum
2370 4002 2621 4058 dedecus
2644 4021 2900 4076 personae

477 4074 587 4132 1²⁶¹¹1
642 4083 693 4118 ¹¹¹
810 4100 950 4138 suae.
1049 4079 1138 4137 Ob
1192 4099 1368 4153 quam
1420 4098 1656 4137 causam
1705 4081 1831 4136 Rex
1877 4082 2111 4156 Anglioe
2139 4084 2550 4155 jussitomnia
2581 4086 2734 4143 bona
2779 4105 2898 4152 sua,

474 4134 789 4251 ssgffljm
811 4164 1050 4220 mobilia
1102 4170 1162 4219 et
1213 4163 1552 4228 immobilia,
1593 4183 1724 4235 quae
1758 4165 2009 4222 habebat
2041 4168 2104 4222 in
2137 4166 2375 4240 Anglia,
2415 4170 2753 4238 confiscari,
2806 4172 2902 4242 qui

812 4266 881 4304 eo
915 4255 1174 4320 tempore
1197 4247 1412 4303 multas
1436 4247 1606 4304 villas
1630 4254 1693 4304 et
1713 4248 1933 4319 proedia
1966 4251 2210 4321 pinguia
2233 4253 2293 4306 in
2315 4252 2536 4324 Anglia
2557 4256 2900 4326 possidebat.

828 4431 871 4437 —.
912 4430 1057 4437 --ηιμ
1076 4431 1117 4436 -

2451 4434 2696 4443 -α-μ-ῌ-
2707 4437 2720 4444 0

890 4551 901 4579 ³
929 4547 1171 4613 Supplied
1194 4549 1323 4600 from
1340 4552 1429 4603 the
1445 4548 1648 4615 printed
1665 4557 1814 4601 texts.
1916 4554 2079 4603 words
2099 4551 2160 4603 of
2183 4551 2468 4619 Risbauger
2488 4556 2590 4606 and
2625 4556 2760 4609 Bibl.
2782 4557 2903 4624 Reg.

885 4631 906 4659 ‘·'
930 4628 1154 4678 Inserted
1174 4628 1230 4677 in
1249 4645 1281 4680 a
1304 4630 1432 4681 later
1462 4630 1616 4681 band.
1921 4636 1981 4681 13
2003 4632 2063 4683 E.
2085 4632 2160 4682 ix.

887 4709 906 4737 n
923 4707 1235 4772 Apparently
1279 4723 1311 4759 a
1363 4710 1501 4774 gloss
1552 4725 1687 4774 upon
1732 4709 1817 4760 the
1979 4713 2000 4742 ⁴
2015 4727 2206 4776 requam
2229 4711 2281 4761 iu
2305 4713 2390 4764 the
2409 4713 2606 4778 printed
2625 4723 2778 4769 texts.
