3300 5617
815 773 944 835 144
1449 786 1711 837 ‘mom
1757 786 2228 840 wammam

467 973 604 1024 AD.
631 975 775 1022 1³1⁵-
873 965 1036 1028 'Hoc'
1059 989 1225 1038 anno,
1252 973 1314 1028 in
1353 973 1606 1029 crastino
1642 972 2092 1039 Purificationis,
2132 983 2528 1035 convenerunt
2562 979 2639 1034 ad
2671 978 2897 1036 Parlia-
2923 991 3179 1056 holtam,

467 1055 774 1106 Parliament
799 1063 1061 1112 mentum
1083 1056 1394 1114 Londoniis
1419 1057 1676 1113 universi
1718 1076 1865 1129 pene
1902 1060 2073 1130 reg-ui
2109 1061 2357 1132 praelati,
2399 1079 2533 1117 cum
2556 1065 2999 1134 proceribnsfflp·
3023 1066 3163 1113 30-33·

465 1131 517 1172 ‘¹‘
533 1123 761 1174 1⁴⁰⁰‘10'1-
799 1146 860 1196 et
899 1141 1317 1204 communibus,
1362 1141 1438 1196 ad
1477 1142 1845 1198 mactandum
1882 1143 1955 1197 de
2002 1150 2161 1200 statu
2206 1145 2376 1215 regni
2422 1153 2484 1201 et
2529 1146 2897 1204 alleviatione
2922 1127 3031 1178 MS·
3092 1131 3153 1184 Bi·

799 1225 973 1297 pretii
1007 1243 1202 1280 rerum
1247 1226 1559 1291 venalium,
1612 1245 1744 1298 quae
1791 1226 1962 1282 modo
1998 1235 2119 1283 tam
2157 1246 2307 1284 carm
2350 1229 2519 1285 factm
2557 1231 2791 1288 fuerant
2831 1241 2900 1289 ut
2922 1194 3111 1313 ἔξω

461 1313 717 1366 Mensura
799 1309 896 1364 vix
941 1317 1138 1381 posset
1181 1310 1380 1366 vivere
1423 1310 1590 1382 plebs
1637 1311 1980 1367 communis.
2056 1311 2400 1368 ordinatum
2448 1320 2541 1369 est
2580 1315 2785 1385 igitur,
2828 1324 2901 1373 ut

463 1387 516 1430 ω
539 1382 774 1435 ΕῙΙθῖίδῑθ
797 1394 1004 1449 melior
1039 1395 1143 1449 bos
1182 1412 1333 1449 unus
1371 1395 1594 1450 venalis
1636 1402 1888 1460 crassus,
1916 1396 1990 1450 de
2014 1414 2199 1466 grano
2222 1416 2337 1452 non
2356 1404 2581 1470 pastus,
2610 1401 2897 1456 vendatur

461 1447 548 1497 ὼε
567 1450 758 1504 Μ·
795 1479 869 1534 de
901 1485 1110 1534 caeoero
1150 1497 1257 1550 pro
1294 1479 1586 1534 sexdecim
1628 1479 1867 1545 solidis;
1923 1487 1985 1535 et
2022 1481 2073 1535 si
2115 1480 2188 1535 de
2224 1499 2407 1551 grano
2442 1488 2645 1553 pastus
2694 1484 2893 1550 fuerit,

794 1569 855 1618 et
899 1563 981 1619 sit
1024 1581 1274 1627 crassus,
1324 1580 1431 1634 pro
1475 1563 1691 1633 viginti
1739 1571 1989 1634 quatuor
2037 1564 2238 1620 solidis
2286 1566 2361 1620 ad
2407 1567 2541 1637 plus
2588 1568 2891 1624 vendatur.

793 1648 989 1705 Vacca
1037 1648 1261 1712 melior,
1302 1648 1439 1703 viva
1491 1654 1554 1703 et
1602 1666 1818 1712 crassa,
1860 1648 2146 1704 vendatur
2183 1667 2290 1720 pro
2326 1649 2632 1705 duodecim
2668 1652 2891 1708 solidis.

792 1731 1052 1801 Quilibet
1119 1750 1328 1805 porcus
1400 1731 1646 1787 duorum
1731 1750 2030 1797 annorum,
2105 1750 2356 1798 crassus,
2432 1734 2718 1791 vendatur
2788 1755 2895 1807 pro

789 1815 812 1848 ²
829 1817 1216 1889 quadraginta
1268 1817 1557 1882 denariis;
1619 1816 1807 1872 multo
1863 1823 2085 1881 tonsus,
2146 1835 2397 1882 crassus,
2439 1836 2546 1890 pro
2584 1825 2605 1854 ⁸
2620 1825 2893 1889 quatuor-

790 1901 997 1966 decim,
1051 1900 1238 1957 multo
1284 1900 1514 1956 lanatus
1562 1919 1796 1956 crassus
1843 1918 1949 1972 pro
1996 1901 2227 1972 viginti,
2280 1902 2567 1958 vendatur
2615 1902 2889 1958 denariis.

787 1985 955 2040 Auca
1001 2003 1197 2041 crassa
1241 2003 1348 2057 pro
1402 1985 1629 2041 duobus
1681 1985 1934 2040 denariis
1982 1994 2043 2041 et
2095 1985 2299 2051 obolo;
2352 2004 2496 2058 capo
2543 1986 2732 2042 bonus
2786 2007 2892 2061 pro

787 2069 1013 2125 duobus
1037 2070 1324 2134 denariis;
1364 2070 1585 2140 gallina
1606 2070 1758 2124 bona
1780 2087 1887 2140 pro
1910 2088 2027 2126 uno
2051 2069 2320 2135 denario;
2361 2070 2727 2125 columbellae
2753 2089 2891 2143 qua·

787 2161 921 2210 tuor
955 2171 1064 2226 pro
1100 2173 1216 2210 uno
1254 2153 1490 2209 denario
1524 2154 1850 2210 vendantur
1885 2154 1958 2209 de
1982 2159 2230 2219 caetero;
2285 2160 2347 2209 et
2378 2154 2399 2186 ⁴
2419 2151 2522 2224 [si]
2574 2155 2890 2211 vendentes

788 2239 958 2294 aliter
997 2239 1256 2303 fecerint,
1302 2256 1396 2293 res
1443 2238 1678 2293 venales
1728 2238 1878 2308 Regi
1918 2243 2255 2293 remaneant
2300 2238 2632 2293 forisfactae.

452 2327 762 2382 Parliament
857 2322 932 2377 In
973 2323 1264 2394 quindena
1301 2322 1541 2377 Paschae
1583 2322 1708 2376 Rex
1754 2339 1860 2393 per
1899 2322 2103 2376 brevia
2143 2322 2313 2376 citari
2370 2322 2512 2377 fecit
2548 2322 2623 2377 ad
2666 2322 2887 2377 Parlia-

450 2399 769 2458 ⁸¹²¹¹¹¹¹¹01¹ed3
789 2415 1047 2462 mentum
1103 2407 1416 2461 Londoniis
1453 2406 1723 2477 praelatos
1776 2412 1837 2461 et
1874 2423 2161 2477 proceres,
2203 2406 2489 2476 regnique
2531 2423 2883 2462 communes.

451 2464 648 2579 busslthe
791 2491 908 2547 Sed
946 2492 1086 2562 quia
1124 2491 1297 2546 multi
1339 2490 1412 2545 de
1452 2490 1825 2560 magnatibus
1866 2490 2420 2561 impedimentorum
2477 2509 2690 2546 causas
2740 2510 2885 2563 prte-

450 2545 736 2660 gfoef‘wne‘
785 2575 1114 2639 tenderunt,
1154 2593 1260 2648 per
1299 2593 1443 2646 quas
1481 2576 1691 2630 merito
1738 2576 2003 2630 excusari
2061 2579 2289 2645 poterat
2343 2592 2545 2629 eorum
2601 2575 2882 2640 absentia,

449 2665 632 2715 attend.
785 2660 1006 2715 dictum
1043 2659 1501 2714 Parliamentum
1536 2665 1677 2714 tunc
1718 2658 1996 2730 temporis
2036 2658 2262 2712 nullum
2312 2657 2665 2713 sortiebatur
2717 2659 2882 2714 effec-

785 2751 928 2799 tum.
1030 2743 1147 2799 Sed
1184 2744 1585 2814 unusquisque
1639 2749 1780 2798 tunc
1836 2742 2151 2797 Londoniis
2208 2750 2700 2813 congregatorum
2770 2761 2885 2814 quo

785 2828 896 2883 sibi
937 2828 1158 2900 placuit
1197 2827 1542 2892 divertebat,
1603 2834 1664 2883 et
1715 2828 1817 2900 qui
1877 2833 2097 2883 terram
2154 2825 2463 2881 defendere
2516 2827 2882 2892 tenebantur,

782 2913 1067 2970 vacabant
1106 2914 1225 2969 otio
1264 2912 1388 2968 sive
1430 2912 1602 2984 jocis.

445 3007 719 3059 Nerthum·
855 2998 1014 3054 Scoti
1050 3014 1155 3069 per
1182 2996 1292 3052 hoc
1326 3002 1579 3068 tempus,
1618 2994 1885 3051 crudeles
1918 2998 1980 3049 et
2008 2993 2327 3058 inhumani,
2356 2994 2606 3059 flamma,
2644 2995 2882 3067 rapinis,

447 3074 655 3125 berlssnd
782 3090 843 3139 et
879 3082 1054 3148 caede,
1095 3086 1291 3153 partes
1333 3079 1734 3136 occidentales
1775 3077 2229 3142 Northumbriae‚
2258 3077 2332 3132 de
2374 3078 2654 3133 Karleolo
2706 3078 2886 3134 donec

443 3144 664 3206 ’ΠΨ
676 3145 744 3208 by
781 3168 1048 3222 venirent
1099 3165 1446 3228 Eboracum,
1522 3164 1646 3219 sine
1715 3161 2049 3218 resistentia
2122 3161 2530 3227 devastarunt;
2595 3180 2704 3217 nec
2757 3169 2883 3219 erat

445 3207 530 3258 the
552 3209 711 3260 scot&
782 3253 945 3307 locus
983 3251 1046 3306 in
1083 3250 1203 3306 illis
1244 3248 1509 3321 partibus
1546 3247 1650 3302 ubi
1694 3253 1819 3303 tute
1866 3247 2050 3301 latere
2096 3251 2415 3317 potuerunt
2450 3245 2712 3316 Anglici,
2766 3246 2881 3303 nisi

775 3337 838 3391 in
878 3333 1175 3397 Karle010‚
1232 3338 1293 3388 et
1338 3332 1507 3388 Novo
1567 3331 1776 3388 Castro
1833 3347 2009 3401 super
2067 3330 2311 3400 Tyriam,
2372 3336 2433 3384 et
2483 3329 2762 3385 Prioratu
2810 3330 2880 3385 de

773 3417 1157 3490 Tynemutha,
1185 3422 1247 3472 et
1279 3417 1481 3488 paucis
1505 3415 1761 3472 castellis
1787 3414 1938 3478 aliis,
1967 3431 2098 3485 quoe
2123 3431 2264 3468 cura
2299 3413 2571 3484 diligenti
2595 3414 2879 3470 custodie-

774 3503 1005 3558 bantur.
1083 3501 1377 3571 Factaque
1420 3505 1512 3555 est
1547 3500 1741 3572 patria
1778 3498 1955 3569 longo
1992 3505 2254 3569 tempore
2299 3497 2491 3552 Scotis
2547 3498 2877 3562 tributaria,

774 3588 955 3643 donec
991 3584 1192 3640 miseri
1229 3585 1495 3655 patriotae
1536 3583 1685 3639 nihil
1724 3582 2005 3638 haberent
2058 3582 2214 3636 unde
2253 3582 2477 3638 tributa
2535 3582 2873 3654 penderent,

775 3672 930 3728 sicut
991 3669 1155 3742 prius
1229 3668 1374 3723 villa
1446 3668 1519 3723 de
1573 3667 1836 3723 Berwico
1887 3666 1986 3721 vix
2027 3665 2101 3722 ab
2157 3665 2429 3735 Anglicis
2489 3674 2581 3722 est
2634 3673 2877 3723 retenta.

773 3754 1195 3811 Dunelmenses
1254 3757 1389 3824 post
1439 3751 1628 3807 multa
1681 3751 2023 3821 gravamina
2077 3750 2151 3805 ad
2219 3757 2447 3821 tempus
2505 3750 2621 3807 sibi
2675 3768 2877 3823 pacem

771 3859 879 3913 pro
932 3838 1180 3911 pecunia
1252 3835 1678 3907 comparabant.
1736 3835 1823 3889 Eo
1888 3840 2149 3906 tempore
2214 3834 2508 3891 Robertus
2569 3835 2589 3867 ⁵
2606 3835 2660 3889 le
2724 3836 2875 3891 Brus

771 3923 1099 3980 transmisit
1162 3921 1481 3976 exercitum
1554 3920 1616 3975 in
1694 3918 2073 3983 Hiberniam;
2137 3919 2233 3973 eui
2299 3918 2507 3973 ducem
2573 3921 2878 3976 constituit

773 4008 1125 4065 Edwardum
1149 4007 1390 4061 fratrem
1415 4022 1588 4061 suum
1625 4003 1939 4067 uterinum,
1985 4008 2054 4057 ut
2089 4009 2277 4058 terras
2320 4002 2503 4073 Regis
2538 4002 2774 4073 Anglim
2818 4005 2875 4060 in

773 4094 893 4149 illis
950 4091 1215 4165 partibus
1281 4093 1609 4160 occuparet,
1668 4093 1729 4143 et
1786 4086 2068 4158 Anglicos
2126 4086 2344 4141 ibidem
2398 4086 2713 4144 existentes
2769 4106 2873 4160 pro

775 4177 1001 4233 viribus
1041 4175 1360 4230 infestaret.

846 4259 1067 4314 Eodem
1129 4275 1296 4322 anne,
1361 4255 1526 4312 velut
1590 4254 1717 4310 Deo
1773 4254 2150 4327 displicerent
2202 4253 2435 4311 Statuta
2487 4255 2867 4326 praecedentis

846 4446 859 4476 ¹
885 4446 996 4495 The
1039 4451 1150 4495 text
1191 4445 1310 4495 here
1365 4460 1572 4510 appears
1614 4452 1670 4495 to
1712 4446 1777 4494 be
1931 4447 1952 4476 ⁸
1993 4443 2348 4509 quantor-decim
2401 4442 2618 4494 ‹lenm-tie
2673 4445 2729 4495 in
2786 4447 2871 4497 the

777 4524 1122 4589 considerably
1153 4525 1474 4575 abbreviated
1515 4524 1646 4574 stom
1667 4525 1778 4574 that
1866 4524 2068 4588 printed
2088 4531 2242 4574 texts.

777 4605 838 4655 of
861 4604 1172 4654 Trokelove.
1932 4604 1952 4633 ⁴
1976 4603 2217 4668 Supplied
2254 4603 2383 4653 stom
2424 4603 2738 4666 Trokelove,
2772 4607 2871 4655 and

841 4684 862 4714 ²
884 4682 1041 4732 tribus
1061 4682 1226 4733 solidis
1247 4692 1454 4748 quantor
1482 4682 1702 4734 denariis
1721 4683 1776 4731 iu
1868 4682 1980 4733 MS.
2003 4682 2136 4733 Bibl.
2159 4682 2288 4748 Reg.
2311 4688 2373 4732 13
2395 4683 2452 4733 Ε.
2476 4683 2549 4733 ix.

776 4761 860 4814 the
885 4761 1079 4828 printed
1100 4767 1250 4813 texts.
1934 4762 1955 4791 ⁸
1975 4760 2107 4810 dein
2129 4760 2215 4813 the
2237 4761 2433 4825 printed
2454 4768 2600 4816 texts.
