3300 5617
62 1103 153 1155 E.
174 1050 355 1161 ’ἔξω

1140 792 1470 843 ms‘romA
1514 793 1935 846 Ausucum.
2453 783 2578 857 371

483 1062 545 1112 et
578 1057 892 1115 Baronum.
968 1060 1328 1130 Quibusdam
1375 1072 1571 1122 autem
1617 1070 1763 1124 talia
1807 1071 2284 1137 memorantibus,
2325 1077 2386 1126 et
2431 1088 2578 1142 prae·

478 1141 667 1213 cipue,
696 1146 955 1200 omnium
992 1163 1137 1217 pene
1173 1148 1404 1215 minori,
1444 1151 1549 1206 sed
1593 1153 1950 1224 prolocutori
2000 1156 2312 1227 praecipue,
2353 1155 2581 1212 scilicet

477 1223 692 1281 Comiti
752 1227 824 1283 de
875 1228 1145 1296 Stafford,
1196 1231 1459 1304 Hugoni,
1512 1234 1670 1290 idem
1720 1237 1759 1292 J
1762 1239 2015 1294 ohannes
2063 1239 2281 1294 dicitur
2339 1256 2575 1311 respon-

473 1308 630 1365 disse
647 1314 783 1376 ;—“
805 1311 1204 1381 ¹Praenosce,'’
1230 1317 1331 1382 ait,
1364 1320 1402 1344 “
1429 1318 1650 1391 absque
1687 1320 1884 1385 dubio,
1911 1340 2005 1377 me
2041 1340 2231 1394 neque
2266 1324 2573 1395 pecuniam
2601 1328 2872 1394 Philipot’s

477 1396 515 1419 “
552 1411 743 1450 meam
776 1414 967 1469 neque
1002 1415 1163 1454 meos
1200 1400 1276 1455 ad
1310 1403 1489 1458 maris
1533 1405 1798 1475 pericula
1822 1405 1952 1461 ideo
1990 1407 2333 1473 destinasse,
2362 1414 2430 1463 ut
2463 1408 2573 1462 tibi
2600 1411 2795 1477 ³¹²⁸‚We1'
2814 1407 2868 1448 t⁰

475 1479 513 1502 “
551 1478 646 1532 vel
683 1476 926 1551 collegis
960 1481 1082 1539 tuis
1121 1483 1474 1555 surripere-m
1520 1487 1749 1543 militiae
1784 1507 1995 1545 nomen
2036 1491 2270 1556 bonum,
2310 1492 2573 1563 mihique
2597 1462 2828 1581 theffeff

475 1563 513 1588 “
550 1561 845 1631 lucrat-en
885 1564 990 1620 sed
1035 1566 1345 1624 condolens
1381 1569 1569 1640 plebis
1605 1572 1928 1644 patriaeque
1963 1573 2235 1641 miseriae,
2281 1593 2413 1646 quae
2447 1574 2574 1647 jam
2598 1544 2690 1594 pm
2787 1548 2855 1584 ω’

474 1647 513 1671 “
550 1652 747 1705 vestra
798 1647 1026 1704 desidia
1061 1649 1135 1706 de
1174 1650 1539 1709 nobilissimo
1579 1652 1603 1686 ²
1617 1672 1821 1726 regne,
1868 1658 2104 1713 domina
2150 1676 2384 1730 quoque
2432 1676 2572 1729 gen-

474 1732 511 1755 “
549 1729 718 1796 tium,
747 1737 841 1787 est
878 1733 941 1787 in
977 1738 1200 1790 tantam
1247 1736 1524 1793 devoluta
1567 1738 1889 1805 miseriam,
1939 1747 2009 1797 ut
2055 1742 2374 1814 cujuslibet
2410 1743 2575 1799 vilis·

473 1816 510 1840 ‘⁸
549 1813 714 1869 simae
756 1817 952 1886 gentis
991 1818 1306 1890 direptioni
1342 1826 1574 1892 pateat;
1620 1841 1756 1878 cum
1797 1825 1878 1880 sit
1913 1825 2112 1882 nullus
2151 1844 2224 1881 ex
2263 1828 2429 1883 vobis
2470 1828 2573 1898 qui

471 1899 509 1924 “
547 1897 623 1952 ad
645 1898 1041 1956 defensionem
1065 1903 1193 1974 ejus
1216 1921 1425 1960 manus
1450 1912 1738 1978 apponat3
1779 1924 1890 1980 ego
1913 1926 2009 1964 me
2033 1926 2281 1982 meaque
2305 1911 2568 1984 exposui,

470 1983 507 2006 “
546 1998 652 2053 pro
675 1984 928 2055 propriae
960 1987 1155 2056 gentis
1181 1987 1521 2054 salvatione,
1550 1994 1611 2046 et
1644 1991 1852 2062 patriae
1886 1992 2296 2049 liberatione.’'
2359 1993 2569 2050 Comes

465 2070 661 2121 autem
697 2085 814 2124 non
850 2068 1059 2127 habuit
1092 2069 1114 2103 ⁸
1128 2071 1273 2142 quid
1308 2072 1706 2145 responderet.

467 2307 752 2376 Comites
781 2308 1044 2377 Sarum
1086 2316 1147 2376 et
1189 2310 1606 2378 Ar‘emdeliae
1637 2323 2057 2402 componunt
2100 2336 2261 2383 cum
2304 2316 2570 2384 habita-

911 2411 1175 2479 toribus
1221 2412 1302 2479 de
1347 2412 1736 2501 Scarburyh
1776 2439 1913 2504 pro
1956 2418 2144 2485 villa.

528 2530 740 2588 Adhuc
789 2531 923 2588 Dux
970 2532 1034 2586 in
1078 2528 1301 2603 Anglia
1347 2533 1707 2599 morabatur,
1762 2536 1967 2592 nolens
2031 2539 2212 2593 maris
2275 2538 2297 2571 ⁴
2314 2541 2564 2612 experiri

458 2614 750 2670 fortunam
788 2621 1050 2687 tempore
1086 2615 1355 2681 limitato,
1399 2617 1627 2672 scilicet
1673 2635 1782 2673 nec
1829 2620 1893 2673 in
1929 2636 2068 2675 vere
2113 2639 2221 2676 nec
2269 2622 2332 2677 in
2379 2624 2571 2696 prima

455 2704 691 2765 oestate3
729 2698 990 2754 nescitur
1028 2698 1242 2770 quibus
1268 2698 1537 2755 detentus
1576 2700 2030 2772 impedimentis.
2109 2702 2228 2759 Sed
2272 2705 2400 2776 ejus
2438 2725 2570 2778 per·
2594 2716 2705 2767 The
2728 2723 2863 2767 town

454 2799 632 2837 suasu
654 2782 908 2853 ingressi
934 2788 1074 2837 sunt
1093 2799 1255 2836 mare
1278 2782 1393 2838 duo
1430 2782 1689 2840 Comites
1717 2783 1926 2839 Sarum
1950 2791 2011 2842 et
2031 2784 2400 2855 Arundeliae3
2442 2791 2564 2860 qui,
2592 2784 2654 2832 Οἳ
2667 2784 2825 2865 Che?-

454 2868 730 2924 scrutatis
766 2868 987 2939 ubique
1019 2867 1280 2924 locorum
1328 2868 1616 2935 hostibus,
1658 2868 1680 2901 ⁵
1697 2868 1863 2941 [sibi]
1909 2877 1970 2927 et
2012 2873 2205 2937 sociis,
2244 2892 2406 2928 mare
2443 2876 2565 2931 6ίιι-
2591 2853 2755 2917 ΒΟἮἙ
2775 2867 2820 2930 ¹3³

452 2951 766 3022 gressuris,
793 2950 958 3006 nulla
979 2952 1242 3024 pericula
1268 2952 1631 3009 nunciarent.
1708 2954 1918 3011 Comes
1939 2973 2081 3011 vero
2109 2955 2339 3023 Sarum,
2368 2956 2567 3014 Domi·
2590 2918 2904 3051 fhzcffly

450 3053 561 3091 nus
590 3038 629 3062 “
646 3034 980 3092 Willelmus
1004 3036 1077 3091 de
1095 3034 1294 3092 Monte
1312 3035 1545 3093 Acuto’'
1570 3043 1833 3102 vocatus,
1859 3038 1953 3094 vir
1977 3040 2040 3094 in
2063 3040 2242 3097 armis
2267 3039 2340 3097 '⁴'a
2355 3042 2563 3114 juven·
2590 3050 2655 3098 of
2665 3050 2751 3100 the

449 3126 576 3175 tute
601 3120 953 3176 exercitatus
971 3126 1032 3176 et
1056 3126 1348 3185 strenuus,
1375 3139 1509 3176 mox
1533 3127 1602 3177 ut
1623 3139 1786 3177 mare
1811 3122 2115 3194 ingressus
2141 3131 2250 3190 est,
2279 3127 2565 3198 compulit
2588 3117 2829 3181 English,

449 3222 628 3260 naves
663 3203 740 3259 ad
774 3211 996 3260 terram
1025 3205 1369 3277 oppositam,
1408 3211 1478 3261 ut
1508 3205 1736 3277 aliquid
1772 3206 1970 3262 damni
2012 3207 2366 3266 adversariis
2417 3210 2562 3268 irro-
2588 3185 2751 3299 gift
2768 3185 2858 3300 ἕω

451 3294 655 3359 garet3
707 3289 809 3344 ubi
859 3288 1002 3344 dum
1037 3306 1261 3345 moram
1306 3289 1491 3346 trahit
1535 3291 1804 3345 nocivam
1852 3290 2225 3359 adversariiS‚
2271 3296 2566 3366 componit
2589 3266 2868 3383 Sfflggm-y,

450 3390 586 3428 cum
625 3372 1053 3429 habitatoribus
1092 3373 1253 3429 villas
1293 3372 1366 3428 de
1404 3370 1425 3405 ⁸
1446 3372 1804 3445 Scerburgh,
1857 3393 1989 3447 quae
2044 3377 2374 3447 pertinebat
2411 3378 2564 3450 Regi

448 3454 742 3525 Navariae,
772 3456 895 3530 (qui
917 3458 1044 3531 jam
1068 3464 1129 3514 et
1151 3458 1278 3529 ipse
1302 3457 1575 3514 inimicus
1599 3459 1790 3514 factus
1827 3461 2022 3516 fuerat
2057 3460 2212 3532 Regi
2249 3461 2561 3534 Franciae,)

448 3546 517 3597 ut
564 3541 767 3598 eadem
804 3542 950 3600 villa
983 3540 1218 3598 cederet
1251 3540 1621 3613 dispositioni
1669 3552 1730 3598 et
1775 3542 2022 3598 arbitrio
2062 3542 2247 3615 Regis
2290 3543 2559 3617 Angliae3

452 3623 536 3682 ita
594 3625 892 3691 duntaxat,
949 3631 1019 3682 ut
1078 3625 1237 3681 idem
1297 3623 1424 3680 Rex
1488 3624 1726 3697 Angliae
1786 3626 2161 3698 manucapiat
2234 3629 2558 3684 custodiam

451 3709 717 3780 ejusdem
763 3709 924 3766 villae
967 3708 1250 3765 adversus
1311 3707 1590 3776 Gallicos,
1647 3708 1724 3764 ad
1771 3709 2139 3765 commodum
2186 3718 2311 3767 tam
2371 3711 2553 3783 Regis

453 3810 632 3864 quam
691 3793 860 3865 regni
919 3790 1176 3866 Angliae,
1222 3799 1284 3849 et
1328 3798 1747 3849 nocumentum
1798 3792 2179 3850 Gallicorum.
2280 3793 2448 3863 Quod
2487 3804 2557 3852 ut

449 3876 671 3933 factum
705 3884 815 3945 est,
864 3894 998 3933 mox
1045 3875 1304 3934 Comites
1344 3876 1557 3933 Sarum
1598 3882 1660 3933 et
1693 3876 2034 3933 Arundeliae
2081 3877 2436 3935 remiserunt
2482 3878 2559 3934 ad

452 3959 679 4034 Regem
723 3967 784 4018 et
822 3963 993 4034 regni
1031 3960 1380 4027 Consilium,
1421 3960 1811 4020 certificantes
1860 3979 1958 4018 eos
1995 3962 2068 4017 de
2102 3968 2227 4019 tam
2261 3962 2556 4035 ⁹gratioso

522 4175 534 4204 ¹
554 4175 871 4238 proenoseerit
891 4174 947 4223 in
969 4174 1056 4225 the
1077 4174 1278 4238 printed
1301 4179 1452 4223 texts.
1551 4172 1605 4223 in
1631 4173 1718 4224 the
1740 4172 1939 4238 printed
1960 4180 2111 4224 texts.

517 4254 539 4283 ²
557 4269 709 4318 reyna
750 4253 807 4302 in
849 4252 975 4318 orig.
1000 4273 1015 4313 ς
1065 4269 1210 4318 reque
1243 4252 1455 4302 ἀοπιίκία
1620 4255 1639 4282 ‘¹
1662 4252 1973 4318 &juveutute
1992 4253 2048 4303 in
2070 4253 2157 4304 the
2177 4253 2373 4318 printed
2389 4258 2539 4307 texta.

444 4333 503 4382 in
528 4332 613 4382 the
634 4331 834 4396 printed
852 4340 1004 4383 texts.
1617 4333 1637 4359 ⁸
1664 4331 1947 4398 Scarbia-911
1973 4333 2030 4382 in
2053 4334 2139 4383 the
2160 4334 2360 4397 printed
2383 4342 2518 4386 texts
2540 4356 2553 4395 ;

518 4412 537 4441 ³
553 4411 681 4477 quoa
700 4410 755 4461 in
779 4412 865 4462 the
887 4411 1089 4476 printed
1112 4417 1264 4461 texts.
1558 4410 1868 4478 Cherbourqh
1890 4412 1944 4461 in
1961 4412 2097 4463 Bibl.
2132 4398 2259 4478 ng.
2290 4420 2348 4464 ιε
2376 4416 2422 4462 Ε
2445 4415 2517 4465 ix.
2542 4436 2556 4474 ;

517 4491 536 4520 ⁴
558 4491 776 4557 experire
798 4491 851 4540 in
870 4490 957 4541 the
978 4489 1175 4555 printed
1191 4496 1338 4540 texts.
1554 4489 1852 4555 cherbourg
1871 4490 2027 4555 being
2043 4491 2128 4541 the
2142 4492 2283 4555 place
2304 4502 2488 4543 meant.

517 4573 537 4601 ⁵
560 4570 803 4636 Supplied
850 4570 979 4621 stom
1033 4569 1168 4621 Bibl.
1214 4570 1342 4634 Reg.
1393 4575 1453 4619 13
1618 4570 1638 4598 ⁸
1654 4567 1861 4635 ylarioso
1881 4569 1935 4619 in
1959 4568 2087 4635 orig.
2121 4571 2222 4620 and
2251 4570 2335 4622 the
2357 4572 2556 4635 printed

452 4648 515 4700 Ε.
536 4649 610 4700 ix.
634 4672 648 4709 ς
674 4648 884 4700 omitted
907 4648 961 4699 in
981 4649 1069 4700 the
1089 4647 1289 4713 printed
1304 4654 1453 4699 texts.
1551 4655 1688 4700 texts
1712 4670 1726 4710 ς
1762 4650 2017 4702 corrected
2036 4648 2167 4701 stom
2187 4649 2323 4701 Bibl.
2341 4650 2467 4717 Reg.
2495 4657 2554 4702 13

518 4729 538 4758 ⁸
560 4730 832 4794 inqu-essum
865 4728 922 4778 in
957 4727 1102 4794 orig„
1132 4728 1455 4793 inyressurum
1554 4728 1615 4779 E.
1640 4728 1713 4779 ix.

2065 4824 2113 4874 A
2154 4825 2199 4874 A
2243 4813 2287 4874 2
