3300 5617
1099 777 1428 831 msrom
1456 777 1875 830 ANGLIOANA.
2410 767 2538 830 205

51 968 173 1050 518.
204 971 389 1024 Harl.
451 972 491 999 “
534 974 549 999 ‘
573 970 724 1026 nulli
770 977 1074 1044 parcentes
1109 972 1273 1027 oneri
1318 972 1416 1028 vel
1460 972 1685 1037 honori,
1726 977 1795 1028 ut
1835 975 2038 1027 contra
2071 987 2178 1026 nos
2214 972 2545 1042 persecutio
2567 975 2708 1029 ΑΛ).
2731 981 2877 1030 1339.

51 1041 227 1152 ξδ’.
329 1108 379 1158 b
452 1056 492 1082 “
534 1056 551 1082 ⁶
577 1074 685 1111 sua
723 1055 1057 1128 injuriaque
1111 1057 1460 1126 quiesceret,
1513 1061 1895 1127 nostrumque
1932 1073 2067 1110 eum
2113 1071 2184 1110 eo
2234 1054 2543 1126 pacificum

51 1103 325 1219 ςξζῖἰῃῧ
453 1141 493 1166 “
535 1142 551 1166 ‘
576 1145 808 1212 tempus
862 1146 1053 1207 esset;
1105 1139 1287 1195 donec
1319 1140 1714 1211 propinquum
1748 1140 1916 1196 nobis
1950 1140 2208 1196 vidimus
2257 1138 2541 1210 gladium,

51 1237 313 1301 &ymen
452 1227 491 1252 “
534 1227 550 1252 ‘
575 1230 793 1280 nostrae
824 1242 892 1281 ac
932 1229 1266 1280 nostrorum
1304 1224 1438 1280 neci
1477 1229 1537 1280 et
1558 1225 1903 1280 exterminio
1942 1229 2351 1298 praeparatum.
2429 1223 2547 1280 Sed

449 1309 490 1335 “
532 1311 547 1336 ‘
572 1308 838 1380 nunquid
870 1309 1085 1379 aliquis
1110 1314 1219 1374 est,
1260 1309 1363 1378 qui
1399 1308 1601 1365 credat
1624 1309 1780 1380 quod
1814 1309 2046 1365 animus
2080 1310 2249 1365 nobis
2273 1309 2544 1380 cognitus

448 1396 486 1419 ‘⁴
529 1393 546 1419 ‘
571 1392 854 1464 principis
924 1398 1101 1449 tantae
1168 1392 1461 1465 potentiae,
1521 1392 1613 1449 ¹et
1677 1393 1781 1459 sic,
1855 1398 1924 1449 ut
1986 1393 2384 1466 praemittitur,
2455 1411 2547 1449 oc-

448 1479 489 1503 “
531 1479 547 1504 ‘
572 1482 796 1549 cupatae
843 1477 1031 1543 nobis,
1077 1477 1259 1533 fuerit
1307 1476 1716 1548 negligendus,
1771 1478 1873 1548 qui
1925 1495 2046 1534 suae
2081 1478 2308 1535 viribus
2343 1478 2547 1533 volun·

448 1562 488 1588 “
531 1563 547 1588 ‘
572 1562 710 1618 tatis
747 1569 1027 1626 armatus,
1065 1561 1326 1634 potentia
1376 1561 1637 1633 undique
1670 1568 1879 1618 vocata
1910 1562 2183 1627 vallatus,
2238 1563 2428 1618 solum
2479 1569 2548 1617 ut

472 1649 488 1671 ‘
532 1649 547 1672 ‘
582 1646 770 1717 possit
827 1645 1073 1701 liberius
1132 1663 1240 1718 pro
1301 1663 1408 1701 sua
1455 1645 1755 1701 voluntate
1807 1663 1915 1702 nos
1956 1646 2252 1718 persequi,
2285 1646 2546 1718 juratam

450 1730 489 1755 “
533 1732 547 1757 ‘
573 1728 793 1785 deserit
826 1746 1063 1785 causam
1111 1729 1381 1785 Christi?
1453 1727 1608 1799 Quid
1659 1747 1803 1801 ergo
1855 1747 1962 1801 pro
2015 1748 2121 1785 suo
2149 1730 2287 1801 jure
2324 1747 2546 1801 suaque

450 1815 489 1840 “
531 1815 549 1841 ‘
574 1814 884 1870 securitate
920 1831 1035 1870 non
1083 1814 1255 1869 licuit
1290 1814 1441 1886 regi,
1500 1814 1593 1869 sui
1643 1820 1831 1870 status
1883 1813 2091 1885 suique
2143 1814 2346 1886 populi
2396 1815 2548 1886 peri·

450 1899 489 1924 “
532 1900 547 1926 ‘
573 1898 773 1953 culum
836 1899 964 1970 jam
1008 1898 1250 1962 videnti,
1303 1898 1461 1954 dicat
1508 1898 1610 1969 qui
1657 1896 1929 1954 noverit?
1989 1896 2146 1966 Quid
2201 1916 2317 1953 non
2375 1898 2550 1954 liceat

451 1984 490 2009 “
533 1984 547 2009 ‘
573 1982 795 2037 homini
842 1982 915 2037 de
962 1982 1216 2038 vitandis
1264 1982 1498 2054 injuriis
1546 1982 1892 2054 damnisque
1942 1980 2240 2047 ²certanti,
2307 1982 2370 2037 in
2425 1982 2546 2037 illis

452 2068 491 2094 ‘⁴
533 2070 549 2093 ‘
573 2067 903 2138 praesertim
941 2085 1072 2139 quae
1104 2067 1179 2121 ad
1226 2068 1365 2122 vitae
1413 2072 1720 2138 statusque
1755 2066 1984 2122 radices
2021 2066 2274 2122 securim
2331 2083 2547 2138 ponere

452 2152 492 2178 “
534 2154 549 2177 ‘
574 2150 896 2223 probabant
919 2150 948 2208 ἲ
1031 2151 1207 2206 Levis
1253 2168 1328 2206 ne
1376 2151 1552 2206 timor
1599 2150 1717 2206 dici
1767 2151 1985 2222 poterit
2034 2156 2138 2205 aut
2181 2168 2387 2215 vanus,
2446 2151 2548 2221 qui

453 2238 492 2262 ‘⁶
535 2238 551 2263 ‘
575 2253 682 2306 pro
719 2235 888 2292 nobis
923 2235 945 2267 ⁸
960 2235 1012 2292 si
1059 2235 1252 2307 potuit
1294 2235 1316 2268 ⁴
1330 2235 1773 2307 conjunctorum
1817 2234 1986 2291 nobis
2046 2234 2368 2290 illustrium
2436 2235 2549 2290 for-

453 2321 493 2346 “
535 2322 550 2347 ‘
576 2319 842 2391 tiumque
891 2321 1215 2376 constantia
1260 2320 1435 2376 corda
1474 2327 1803 2384 concutere,
1853 2319 2041 2374 multo
2089 2319 2299 2374 fortius
2347 2318 2551 2374 debuit

452 2405 493 2431 “
533 2406 549 2431 ⁶
576 2404 753 2459 etiam
798 2422 905 2460 nos
953 2410 1194 2469 terrere,
1247 2423 1391 2476 quos
1430 2406 1582 2461 solos
1631 2404 2028 2476 periculorum
2063 2409 2343 2475 concepta
2381 2403 2547 2458 moli-

451 2489 491 2514 “
534 2489 550 2514 ‘
575 2488 737 2542 mina
804 2489 1226 2545 concernebant
1244 2487 1272 2544 P
1341 2488 1593 2560 Propter
1663 2489 1773 2544 hoc
1844 2487 2049 2560 igitur,
2117 2487 2254 2560 J‘ure
2323 2495 2549 2542 naturoe

451 2573 490 2599 “
533 2573 549 2598 ‘
575 2571 849 2638 dictante,
932 2572 1072 2628 facti
1170 2578 1294 2628 tam
1375 2573 1563 2628 nostri
1640 2590 1816 2643 quam
1886 2577 2219 2628 nostrorum
2297 2571 2544 2642 jurium,

452 2661 492 2686 “
534 2662 550 2686 ‘
575 2678 691 2715 non
748 2660 1064 2717 voluntarii
1119 2660 1224 2716 sed
1280 2660 1597 2717 necessarii
1661 2661 2014 2725 defensores,
2078 2677 2146 2716 ac
2207 2659 2548 2731 opportunis

453 2745 493 2770 “
535 2746 551 2771 ‘
578 2744 944 2800 cautionibus
999 2743 1380 2809 attendentes,
1461 2744 1632 2816 juxta
1704 2744 1792 2799 rei
1865 2742 2138 2798 militaris
2205 2743 2550 2799 documenta

454 2830 493 2855 “
535 2831 550 2855 ⁴
576 2828 821 2900 probata
887 2828 1209 2884 illustrium
1274 2830 1668 2900 antiquorum,
1745 2828 1900 2899 quod
1972 2827 2246 2900 potentiae
2320 2845 2548 2899 magnae

454 2913 495 2938 ‘⁸
536 2914 552 2938 ‘
576 2911 841 2983 pericula
898 2912 1229 2984 conspirata
1295 2912 1683 2985 periculosius
1744 2916 2139 2984 expectantur,
2202 2911 2266 2965 in
2324 2910 2547 2966 laribus

453 2997 493 3023 “
535 2996 698 3053 ‘illis
747 3015 933 3069 nuper
991 2997 1362 3053 currentibus
1408 2997 1485 3054 ad
1546 3002 1761 3053 nostrae
1809 2995 1958 3052 lucis
2009 3001 2069 3052 et
2124 2995 2331 3052 salutis
2390 3013 2551 3051 occa·

454 3080 494 3106 “
536 3082 553 3106 ‘
580 3098 712 3135 sum
748 3080 1072 3137 consultius
1108 3082 1377 3136 venimus
1414 3081 1477 3135 in
1513 3098 1860 3147 occursum;
1905 3098 1979 3135 ne
2004 3086 2206 3136 contra
2251 3097 2358 3134 nos
2399 3080 2550 3135 forte

454 3165 495 3190 “
537 3166 553 3191 ‘
580 3164 983 3221 discriminoso
1054 3164 1453 3237 procederent,
1517 3164 1623 3221 sed
1695 3164 1788 3221 sui
1861 3171 2024 3221 ortus
2094 3164 2552 3236 praesocarentur

455 3249 513 3278 “·
539 3249 555 3274 ‘
591 3248 612 3280 ⁸
627 3248 772 3314 loca,
830 3265 1032 3304 eorum
1080 3249 1216 3303 freti
1264 3248 1509 3305 consilio
1559 3254 1619 3304 et
1666 3248 1883 3304 auxilio
1930 3247 2097 3303 nobis
2146 3247 2358 3312 oblat0,
2391 3264 2552 3319 ¹quos

457 3334 497 3359 “
540 3334 556 3358 ‘
579 3331 749 3388 nobis
807 3332 1281 3403 consanguinitas
1336 3339 1397 3388 et
1446 3332 1695 3388 affinitas
1749 3331 2160 3404 conjungebat,
2201 3338 2263 3387 et
2295 3332 2370 3387 ad
2406 3348 2552 3403 quos

457 3418 496 3443 ‘⁸
538 3418 554 3442 ⁶
583 3416 759 3472 simul
806 3416 1148 3488 spectabant
1191 3417 1496 3473 nobiscum
1544 3417 1828 3488 periculis
1875 3423 2090 3472 nostrae
2138 3416 2553 3472 destructionis

457 3504 496 3530 ‘⁴
540 3505 555 3530 ‘
581 3520 903 3569 occurrere,
943 3501 1163 3573 illaque
1202 3501 1463 3557 consiliis
1501 3508 1562 3557 et
1597 3501 1832 3556 auxiliis
1868 3518 2236 3572 praecavere,
2220 3523 2235 3536 ·
2275 3506 2553 3572 ponentes

458 3588 497 3614 “
540 3588 556 3612 ‘
582 3586 644 3640 in
678 3603 855 3641 manu
902 3585 1036 3651 Dei,
1081 3604 1258 3658 quam
1295 3586 1358 3641 in
1392 3585 1664 3641 manibus
1698 3584 2055 3656 Apostolicae
2105 3584 2277 3641 Sedis
2318 3590 2549 3648 vestrae,

458 3672 497 3698 ‘⁸
539 3673 554 3696 ‘
579 3670 678 3724 vel
718 3669 968 3725 aliorum
1006 3670 1293 3726 bonorum
1330 3670 1593 3725 virorum
1641 3669 2057 3733 communium,
2109 3686 2325 3741 ponere
2373 3686 2551 3740 quon-

459 3755 498 3781 “
540 3755 556 3780 ‘
586 3753 721 3808 dam
770 3754 1084 3819 voluimus,
1135 3754 1535 3826 justificatam,
1602 3759 1885 3825 quantum
1943 3753 2262 3851 potuimus,
2319 3770 2553 3808 causam

457 3840 496 3865 ‘⁸
539 3840 554 3864 ‘
580 3843 859 3902 nostram,
898 3844 969 3894 ut
1002 3839 1157 3910 Ipse,
1196 3846 1424 3895 rectum
1477 3856 1549 3894 ex
1602 3839 1723 3894 alto
1774 3838 2154 3910 prospiciens,
2208 3836 2552 3893 sententiam

540 3921 798 3993 ‘justam
853 3922 1022 3988 ferat,
1080 3930 1141 3979 et
1188 3922 1251 3977 in
1311 3923 1404 3977 sui
1459 3921 1644 3994 gladii
1691 3922 1922 3979 viribus
1975 3927 2314 3993 exequatur.
2403 3919 2550 3984 Nec,

459 4007 498 4032 “
540 4007 556 4032 ‘
582 4006 895 4071 credimus,
934 4006 1088 4061 alme
1110 4012 1295 4078 pater,
1324 4006 1480 4077 quod
1515 4006 1735 4062 arbiter
1771 4006 1967 4078 quivis
2002 4012 2218 4069 rectus,
2243 4003 2341 4059 vel
2377 4003 2554 4059 etiam

459 4089 498 4116 “
541 4092 556 4116 ‘
576 4089 760 4160 judex
783 4091 1003 4162 justus,
1032 4090 1118 4146 sic
1148 4091 1564 4161 interpretetur
1597 4095 1701 4145 aut
1726 4093 2000 4160 torqueat
2018 4093 2284 4144 nostrum
2312 4086 2551 4149 factum,

459 4173 499 4199 ‘⁸
542 4174 558 4200 ‘
582 4178 652 4229 ut
692 4173 850 4245 quod
897 4191 1003 4245 pro
1043 4179 1377 4229 nostrorum
1423 4173 1671 4230 tuitione
1707 4179 1770 4229 et
1804 4171 2164 4229 assecutione
2205 4169 2451 4241 jurium,
2491 4169 2554 4224 in

460 4258 500 4284 “
543 4260 558 4285 ‘
582 4263 746 4314 tanto
808 4257 1148 4314 discrimine
1197 4263 1457 4314 nostram
1508 4257 1756 4313 fecimus
1805 4255 1882 4311 ad
1928 4255 2245 4319 defensam,
2287 4252 2551 4318 alterius,

530 4548 547 4580 ¹
570 4549 662 4598 em·
682 4555 753 4608 ut,
775 4547 921 4598 Harl.
948 4552 1061 4598 655.
1619 4546 1638 4574 ⁴
1661 4549 2048 4605 commentorum,
2067 4541 2215 4594 Harl.
2241 4546 2354 4592 655.

524 4628 546 4657 ²
565 4628 800 4689 certatim,
823 4626 967 4677 Harl.
993 4631 1104 4678 655.
1616 4625 1637 4653 ³
1658 4620 1774 4682 loce,
1797 4622 1939 4672 Harl.
1966 4626 2077 4671 655.

528 4710 549 4738 ⁸
569 4723 637 4769 se,
660 4707 805 4758 Harl.
832 4712 945 4759 655.
