3300 5617
1086 807 1416 860 msromA
1442 806 1862 859 AnememA.
2400 792 2530 863 347

72 1011 196 1062 MS,
223 1012 373 1062 Bibl,
448 1001 486 1026 “
525 1006 802 1062 maturo&
830 998 1134 1053 devotione
1170 998 1531 1070 conspicuos,
1571 1004 1632 1055 et
1668 997 1983 1054 Catholicoe
2020 995 2154 1050 fidei
2179 996 2534 1058 defensores,
2561 992 2696 1044 A.D.
2723 989 2865 1038 13⁷7·

74 1080 211 1156 Reg.
248 1085 315 1130 13
451 1087 490 1110 ‘⁴
529 1083 923 1155 dogmatizare
959 1088 1020 1138 et
1064 1082 1298 1154 publice
1344 1082 1683 1154 proedieare,
1735 1100 1840 1138 seu
1887 1081 2084 1153 potius
2133 1081 2205 1135 de
2245 1078 2540 1134 virulento

70 1146 138 1195 E·
167 1160 248 1196 ¹¹·
453 1171 491 1196 ‘⁸
530 1167 773 1223 claustri
812 1167 906 1223 sui
943 1173 1178 1239 pectore
1219 1184 1507 1232 evomere,
1548 1185 1666 1222 non
1701 1172 1958 1231 veretur,
1985 1164 2293 1220 nonnullos
2319 1150 2544 1219 Oh'risti

452 1255 489 1279 “
529 1251 729 1306 fideles
754 1267 958 1306 earum
997 1250 1363 1322 respersione
1409 1250 1860 1315 commaculans,
1912 1255 1973 1306 et
2018 1267 2056 1304 a
2101 1248 2236 1303 fidei
2285 1247 2545 1319 praefatae

450 1338 488 1363 ‘⁴
526 1342 689 1391 reeta
735 1335 947 1390 semita
991 1334 1053 1389 in
1099 1333 1490 1407 praeeipitium
1549 1334 1894 1407 perditionis
1942 1333 2253 1388 abducens.
2353 1331 2545 1400 Quare

449 1424 486 1446 ‘⁶
526 1437 660 1474 eum
684 1424 806 1475 tam
828 1418 1119 1473 letiferam
1144 1423 1389 1490 pestem,
1417 1418 1514 1473 eui
1551 1418 1603 1473 si
1628 1418 1758 1489 ejus
1781 1436 1898 1473 non
1921 1418 2184 1473 obstetur
2207 1416 2223 1449 ¹
2240 1415 2546 1488 principiis

448 1508 487 1531 ‘⁸
527 1510 587 1559 et
645 1504 776 1575 ipsa
821 1502 1105 1558 radicitus
1163 1501 1468 1566 evellatur,
1532 1519 1664 1558 sero
1722 1508 1923 1574 posset
1978 1500 2270 1557 medicina
2328 1499 2544 1572 parari,

448 1592 486 1616 “
527 1604 709 1659 quum
744 1604 850 1658 per
891 1586 1298 1656 contagionem
1343 1584 1629 1656 plurimos
1668 1585 1988 1649 infecisset,
2040 1585 2333 1647 nolumus,
2373 1588 2550 1654 prout

448 1676 484 1699 ‘⁶
530 1689 637 1726 nee
658 1670 812 1725 velle
855 1670 1154 1735 debemus,
1184 1673 1293 1725 sub
1334 1669 1706 1725 conniventia
1743 1669 2119 1741 pertransire,
2161 1667 2549 1724 Universitati

448 1762 484 1783 ‘⁴
525 1760 736 1810 vestra)
774 1773 881 1826 per
921 1754 1262 1826 Apostoliea
1302 1755 1522 1825 scripta
1558 1754 1621 1808 in
1656 1755 1878 1809 virtute
1919 1760 2133 1809 sanctae
2181 1752 2545 1815 obedientiae,

448 1844 485 1867 ‘⁴
526 1846 587 1895 et
609 1839 719 1894 sub
760 1857 933 1910 poena
967 1838 1311 1909 privationis
1350 1838 1612 1893 omnium
1649 1839 1993 1909 gratiarnm,
2027 1837 2546 1907 indulgentiarum,

451 1928 488 1950 ‘⁶
527 1930 588 1978 et
650 1923 1116 1994 privilegiorum,
1179 1921 1348 1977 vobis
1413 1939 1482 1976 ae
1556 1922 1766 1976 Studio
1829 1928 2029 1976 vestro
2088 1939 2125 1975 a
2182 1920 2341 1976 dieta
2399 1919 2550 1974 Sede

451 2010 489 2034 “
528 2023 957 2070 concessorum,
1023 2005 1290 2061 districte
1361 2005 1773 2077 praecipiendo,
1835 1990 2199 2069 mandamus,
2264 2008 2550 2075 quatenus

452 2096 488 2119 ‘⁴
531 2090 948 2145 Conclusiones
989 2095 1052 2145 et
1089 2089 1526 2161 Propositiones
1551 2089 1614 2143 in
1650 2089 1819 2143 bonis
1845 2088 2117 2160 operibus
2153 2094 2216 2143 et
2248 2088 2362 2143 fide
2398 2087 2551 2141 male

452 2180 488 2203 “
529 2176 861 2239 sentientes,
903 2174 1046 2229 licet
1082 2191 1182 2229 eas
1220 2179 1606 2246 proponentes
1650 2173 1760 2228 sub
1803 2173 2056 2243 quadam
2089 2171 2404 2227 verborum
2428 2172 2552 2227 sive

452 2266 488 2288 ‘⁶
526 2260 910 2315 terminorum
982 2257 1215 2313 curiosa
1282 2257 1682 2329 implicatione
1751 2256 2016 2312 nitantur
2085 2255 2417 2319 defendere,
2480 2254 2553 2309 de

451 2350 488 2371 ‘⁶
530 2350 741 2400 caetero
776 2361 893 2399 non
926 2341 1283 2414 permittatis
1319 2342 1504 2398 asseri
1527 2342 1624 2396 vel
1649 2341 1931 2413 proponi3
1972 2340 2313 2411 dictumque
2339 2340 2378 2394 J
2381 2339 2555 2394 ohan·

452 2434 490 2455 ‘⁸
530 2446 663 2483 nem
701 2427 1047 2482 auctoritate
1086 2432 1288 2482 nostra
1327 2425 1593 2496 capiatis,
1639 2442 1745 2479 seu
1783 2423 1914 2495 capi
1951 2423 2202 2488 faciatis,
2254 2430 2316 2478 et
2360 2423 2556 2494 ipsum

453 2517 492 2541 “
530 2512 963 2568 venerabilibus
1018 2510 1300 2565 fratribus
1347 2510 1585 2574 nostris,
1640 2509 2099 2579 Archiepiscopo
2147 2507 2555 2563 Cantuariensi

455 2601 493 2626 “
535 2604 596 2653 et
632 2598 925 2668 Episcopo
963 2594 1375 2659 Londeniensi,
1418 2598 1522 2648 aut
1557 2610 1763 2648 eorum
1800 2591 1990 2655 alteri,
2018 2591 2128 2647 sub
2151 2592 2270 2646 fida
2292 2592 2558 2647 custodia

454 2687 491 2709 “
531 2680 961 2736 transmittatis.
1039 2677 1512 2733 Contradietores
1556 2693 1790 2747 quoque
1830 2674 1904 2730 de
1928 2675 2087 2730 dicto
2113 2675 2320 2731 Studio
2342 2682 2556 2732 vestrae

455 2771 493 2794 “
525 2763 923 2837 jurisdictioni
984 2762 1299 2833 subjectos,
1350 2760 1405 2816 si
1464 2759 1568 2831 qui
1626 2761 1841 2823 forsan,
1895 2759 2052 2831 quod
2099 2759 2260 2815 Deus
2309 2766 2553 2823 avertat,

455 2855 492 2878 ‘⁶
532 2854 731 2905 essent
749 2847 1090 2919 hujusmodi
1126 2845 1424 2901 erroribus
1448 2843 1746 2908 maculati,
1773 2844 1793 2872 ²
1811 2843 1915 2913 [si]
1942 2844 2005 2899 in
2028 2843 2150 2898 illis
2173 2844 2553 2915 pertinaciter

455 2938 492 2960 ‘⁴
530 2933 913 3004 perstiterint,
964 2930 1041 2985 ad
1086 2929 1341 2985 similem
1388 2928 1714 2999 captionem
1774 2933 1835 2983 et
1881 2927 2239 2993 missionem,
2288 2927 2552 2999 aliasque

459 3022 494 3044 “
536 3021 709 3088 prout
731 3017 806 3070 ad
828 3033 933 3070 vos
960 3020 1202 3085 spectat,
1245 3014 1494 3068 firmiter
1531 3018 1592 3067 et
1628 3011 1878 3067 sollicite
1901 3011 2267 3083 procedatis;
2309 3011 2551 3082 perinde

457 3106 494 3128 “
533 3108 790 3156 vestram
832 3098 1161 3170 suppleturi
1220 3097 1607 3168 diligentiam,
1659 3097 1936 3151 hactenus
1984 3096 2046 3150 in
2092 3095 2414 3168 praemissis
2461 3114 2552 3150 re-

458 3189 494 3212 “
534 3186 791 3248 missam,
841 3189 1218 3253 nostramque
1265 3186 1327 3235 et
1385 3181 1557 3235 dictae
1619 3179 1809 3244 Sedis,
1859 3184 2074 3251 praeter
2120 3180 2334 3236 divinae
2382 3181 2552 3235 retri-

458 3274 494 3296 “
533 3268 789 3324 butionis
837 3266 1146 3338 praemium
1192 3270 1254 3319 et
1300 3264 1597 3328 meritum,
1663 3264 1915 3333 gratiam
1974 3269 2034 3319 et
2090 3262 2555 3321 benevolentiam

448 3358 493 3418 ‘⁸‘
535 3350 823 3424 adepturi.
922 3350 1077 3404 Data
1136 3348 1339 3403 Romae
1399 3346 1557 3419 apud
1616 3346 1890 3402 Sanctam
1949 3347 2200 3403 Mariam
2244 3348 2552 3420 Majorem,

460 3442 495 3464 ‘⁶
534 3436 556 3467 ³
575 3435 885 3491 undecimo
909 3432 1207 3489 Kalendas
1233 3432 1272 3487 J
1274 3431 1421 3498 unii,
1449 3431 1833 3488 Pontificatus
1857 3432 2044 3488 nostri
2067 3450 2218 3489 anno
2242 3431 2553 3506 septimo.”

454 3736 665 3805 Balla
723 3733 1018 3823 Papalis
1067 3730 1288 3802 ‘missa
1343 3731 1873 3824 Arohiepiscopo
1934 3733 2433 3807 Cantuaoiensi
2498 3744 2558 3807 et

639 3838 974 3926 Episcopo
1016 3837 1520 3920 Londoniensi,
1567 3838 1664 3906 ad
1737 3842 2162 3909 monendum
2204 3844 2455 3928 Reyem
2498 3851 2558 3910 et

634 3943 714 4008 M
716 3949 995 4028 aymtes
1041 3941 1327 4028 Anylioe
1387 3964 1474 4008 ‘nc
1510 3942 1848 4029 proedicto
1888 3944 1949 4011 J
1942 3944 2212 4013 ohanni
2248 3945 2556 4033 faveant,

640 4045 742 4112 vel
786 4043 1178 4110 adhoerea‘nt
1235 4043 1697 4132 quovismodo.

534 4190 568 4212 “
607 4182 1059 4240 Venerabilibus
1134 4181 1435 4248 fratribus,
1490 4181 1899 4241 cantuariensi
1967 4178 2427 4260 Archiepiseopo
2498 4193 2559 4245 et
2585 4210 2705 4269 Ball
2730 4220 2792 4271 os

463 4274 500 4297 “
542 4268 830 4340 Episcopo
880 4266 1290 4331 Londoniensi,
1330 4266 1602 4333 salutem,
1654 4273 1765 4323 etc.
1857 4268 2050 4342 Super
2081 4272 2429 4343 periculosis
2456 4273 2556 4328 ad-
2584 4286 2727 4351 Pope
2752 4288 2879 4339 θη.

464 4358 501 4381 “
542 4353 780 4409 modum
839 4350 1139 4405 erroribus
1191 4350 1557 4422 quarundam
1606 4350 2048 4409 detestabilium
2085 4355 2558 4428 Propositionum
2586 4368 2716 4417 80¹7
2730 4354 2894 4405 X1·¹0

467 4441 506 4466 “
547 4443 607 4493 et
630 4434 1102 4500 Conclusionum,
1141 4433 1218 4489 ad
1264 4435 1699 4491 enervationem
1735 4435 1917 4492 totius
1952 4437 2336 4497 ecelesiastici
2372 4447 2558 4498 status
2586 4418 2862 4551 {3255ch

2041 4602 2096 4607 ...-
2217 4605 2268 4609 ...⁴
2291 4605 2558 4614 -4-.-».-»--·ο

530 4703 543 4734 ¹
573 4701 683 4752 The
702 4699 1022 4751 well-known
1037 4697 1164 4749 lines
1182 4698 1243 4749 of
1258 4696 1458 4749 Ovid—
1625 4699 1646 4729 2
1671 4698 1910 4764 Supplied
1933 4700 2063 4751 from
2083 4701 2219 4754 Bibl.
2242 4703 2366 4771 Reg.
2397 4710 2457 4756 13
2497 4708 2558 4760 E.

466 4781 786 4846 “Principiis
822 4777 976 4840 obsta,
1036 4795 1158 4842 sero,
1194 4778 1329 4840 etc.,''
1377 4793 1460 4830 are
1560 4776 1654 4840 ix„
1675 4781 1776 4830 and
1797 4780 1882 4831 the
1903 4781 2100 4845 printed
2120 4791 2268 4837 texts.

465 4860 586 4913 helze
609 4856 809 4911 anuded
832 4866 897 4912 to,
1627 4861 1648 4890 ²
1663 4857 1740 4909 II.
1763 4859 2072 4912 Calendasin
2088 4863 2173 4914 the
2193 4864 2394 4930 printed
2407 4875 2555 4922 texts.
