3300 5617
155 996 248 1048 MS.
268 996 403 1050 Bibl-

154 1065 255 1141 Reg.
281 1070 338 1115 13

157 1132 201 1183 a
221 1145 284 1181 lx.

1121 811 1449 866 msromA
1492 810 1906 866 ANGLIOANA.
2484 806 2571 871 83

531 998 664 1054 Hoc
687 1015 855 1065 anno,
876 999 1217 1066 Edwardus,
1239 1000 1366 1056 Rex
1379 1000 1634 1073 Anglioe‚
1664 1002 1682 1036 ¹
1701 1003 1843 1059 feeit
1860 1002 2176 1060 Dominum
2190 1004 2561 1075 Edwardum,
2592 1010 2730 1065 ΑΙ).
2759 1020 2899 1068 1800.

458 1081 646 1139 filium
701 1102 874 1140 suum
908 1090 971 1141 et
1004 1086 1312 1151 haeredem,
1353 1086 1689 1159 Principem
1725 1087 1958 1144 Walliae
2000 1095 2061 1144 et
2097 1089 2387 1146 Comitem
2424 1091 2562 1149 Ces·
2589 1089 2772 1144 Princo

457 1169 606 1223 trioe.
682 1168 849 1238 Quod
883 1188 1017 1225 cum
1040 1170 1364 1226 Wallenses
1401 1172 1718 1237 audissent,
1763 1172 1933 1229 valde
1970 1174 2162 1244 gavisi
2198 1181 2352 1240 sunt,
2392 1194 2561 1249 repu-
2590 1158 2810 1211 Edward

455 1257 646 1308 tantos
697 1270 832 1308 eum
879 1253 1214 1326 legitimum
1263 1255 1580 1320 dominum,
1619 1256 1759 1327 quia
1805 1256 1869 1311 in
1915 1256 2037 1311 illis
2088 1259 2352 1329 partibus
2388 1267 2559 1317 natus
2584 1228 2769 1344 ἒξίἶῖε
2790 1296 2850 1344 of

457 1335 488 1390 s
485 1336 586 1391 uit.
674 1337 755 1392 Et
787 1339 1004 1392 mirum
1039 1339 1101 1393 in
1135 1338 1392 1403 modum,
1432 1357 1567 1393 cum
1603 1345 1808 1410 expost
1842 1341 1957 1395 sibi
1995 1340 2193 1397 Scotia
2226 1342 2554 1410 rebellaret,
2584 1356 2758 1410 wales
2774 1364 2874 1413 and

456 1427 517 1476 et
564 1427 687 1477 tota
734 1421 953 1493 Anglia
1005 1422 1078 1477 ab
1132 1439 1201 1477 eo
1250 1423 1609 1488 descivisset,
1645 1423 1972 1480 Wallenses
2025 1426 2180 1481 hunc
2230 1427 2551 1495 coluerunt,
2583 1423 2706 1475 Eflrl
2730 1429 2793 1477 of

455 1505 799 1571 dilexerunt,
827 1513 888 1563 et
923 1506 1131 1572 eidem,
1172 1515 1455 1579 quantum
1490 1513 1775 1580 poterant,
1815 1509 2202 1574 adhaeserunt,
2229 1512 2389 1568 vices
2427 1514 2555 1585 ejus
2582 1490 2802 1545 Chffloe‘·

452 1596 572 1645 tam
606 1592 669 1646 in
703 1592 828 1648 vita
878 1610 1053 1663 quam
1093 1597 1280 1647 morte
1330 1592 1609 1656 dolentes,
1656 1599 1718 1647 et
1765 1594 2083 1650 cantilenas
2132 1613 2238 1667 pro
2275 1613 2344 1651 eo
2377 1596 2551 1669 lugu-
2576 1582 2835 1637 Affection

449 1674 583 1730 bres
620 1675 824 1748 lingua
856 1678 1048 1749 patria
1078 1683 1503 1749 componentes,
1533 1695 1678 1747 quas
1702 1695 1889 1749 usque
1924 1677 2214 1750 ²praesens
2247 1682 2321 1736 ab
2349 1698 2551 1739 eorum
2577 1652 2759 1771 &ella
2784 1721 2866 1771 sm,

449 1762 727 1816 memoria
759 1778 867 1817 nec
919 1767 1111 1818 metus
1164 1761 1600 1818 adversantium
1653 1779 1761 1819 nec
1811 1762 2165 1821 diuturnitas
2221 1771 2549 1839 temporum
2574 1784 2657 1834 hig

446 1843 715 1900 abolevit.
2571 1866 2814 1920 memory.

514 1928 631 1984 Per
676 1927 832 1985 idem
880 1936 1129 2003 tempus,
1181 1947 1316 1986 cum
1362 1930 1707 1987 Edmundus
1732 1929 1942 1988 Comes
1991 1930 2298 1990 Cornubiae
2321 1942 2545 1993 natm-m
2570 1930 2772 1998 DOWYY

443 2012 640 2069 debita
684 2015 1080 2087 persolvisset,
1129 2022 1199 2072 ut
1243 2021 1587 2088 praetactum
1623 2022 1733 2080 est,
1782 2018 2227 2088 procurantibus
2274 2019 2338 2075 in
2402 2021 2543 2076 Par·
2572 2002 2787 2114 {mum
2808 2009 2862 2052 ω

443 2098 733 2164 Immerito,
772 2118 958 2171 nuper
995 2101 1148 2155 facto
1172 2100 1505 2164 Londoniis,
1535 2100 1884 2171 quibusdam
1916 2104 2308 2172 magnatibus,
2348 2105 2541 2162 Comi·
2565 2066 2846 2183 {essgssun'

439 2184 601 2247 tissa‚
654 2185 944 2255 quondam
1004 2202 1149 2240 uxor
1196 2184 1340 2241 dicti
1389 2183 1655 2251 Comitis,
1707 2184 1904 2241 dotata
1949 2191 2042 2240 est
2087 2188 2538 2260 quingentarum
2564 2197 2837 2254 Cornu-all,

437 2267 719 2323 librarum
782 2269 1064 2341 portione,
1134 2268 1384 2326 Domino
1449 2269 1613 2340 Rege
1679 2270 1818 2325 huic
1882 2269 2231 2328 ordinationi
2278 2274 2538 2333 libentis·

437 2351 583 2406 sime
632 2359 937 2409 annuente.

506 2435 679 2492 Circa
719 2456 973 2510 praesens
1006 2444 1236 2511 tempus
1272 2437 1641 2510 divulgatum
1676 2438 1792 2493 fuit
1828 2437 2103 2495 Romanae
2140 2438 2353 2505 Curiae,
2384 2445 2539 2514 quod
2560 2428 2879 2496 Iniuncfionss

434 2523 900 2579 sanctimoniales
988 2523 1223 2594 Angliae
1309 2522 1671 2593 vagabundae
1766 2522 2056 2578 inutiliter
2133 2523 2538 2585 discurrebant
2560 2499 2791 2618 {aggf

433 2623 537 2677 per
581 2608 836 2679 patrias3
878 2625 1007 2679 quse
1055 2607 1308 2678 vagati0‚
1362 2607 1474 2662 etsi
1527 2606 1796 2662 omnibus
1843 2607 2139 2679 religiosis
2189 2617 2346 2666 esset
2404 2630 2535 2668 con·
2559 2637 2611 2680 to
2646 2632 2733 2683 the
2767 2584 2875 2684 352?

430 2692 628 2756 traria,
678 2693 958 2748 nimirum
1016 2691 1362 2746 mulieribus
1439 2697 1596 2746 esset
1651 2691 1926 2757 tollenda,
2005 2695 2333 2764 praesertim
2399 2714 2532 2754 cum
2557 2698 2746 2761 cipline
2770 2701 2833 2750 of

430 2785 596 2832 omne
647 2778 800 2849 quod
860 2778 925 2832 in
988 2776 1204 2832 mundo
1268 2782 1377 2840 est,
1429 2781 1531 2830 aut
1577 2781 1669 2831 est
1716 2777 2184 2847 concupiscentia
2229 2779 2531 2838 oculorum
2556 2766 2640 2815 the
2654 2767 2870 2833 Engliflh

429 2867 531 2916 aut
575 2861 1045 2934 concupiscentia
1090 2860 1301 2925 carnis,
1371 2847 1475 2915 aut
1532 2860 1807 2932 superbia
1850 2860 2006 2915 vitae.
2085 2861 2338 2935 Oupiens
2387 2882 2531 2937 ergo
2554 2847 2699 2886 num·

428 2946 702 3002 Summus
740 2947 1009 3002 Pontifex
1063 2951 1276 3001 sanctae
1312 2945 1618 3017 providere
1680 2947 2124 3011 conversationi,
2176 2948 2394 3004 talibus
2442 2950 2529 3006 in-

423 3031 701 3087 ordinatis
751 3032 1112 3087 discursibus
1160 3030 1335 3085 finem
1381 3029 1681 3101 imposuit,
1724 3030 1991 3100 quamvis
2041 3030 2279 3087 decreta
2327 3033 2528 3090 Ponti-

424 3117 596 3172 ficum
642 3118 810 3173 velut
857 3116 1231 3171 fundamenta
1276 3114 1565 3170 montium
1600 3114 1959 3170 inconvulsis
1994 3115 2377 3186 ligaminibus
2414 3119 2528 3175 fixa

423 3201 556 3266 sint,
608 3209 670 3257 et
739 3202 924 3257 dictas
1010 3199 1475 3257 sanctimoniales
1547 3199 1829 3255 hactenus
1911 3201 2278 3257 necessitatis
2350 3220 2529 3260 causa

421 3291 582 3342 extra
617 3287 795 3342 cellas
833 3304 968 3342 suas
1006 3285 1162 3340 exire
1196 3285 1589 3356 permiserint,
1641 3301 1777 3339 cum
1822 3284 2168 3357 plerumque
2216 3291 2526 3359 tempesta-

393 3371 575 3426 ,tibus
638 3377 700 3426 et
761 3370 1093 3427 turbinibus
1159 3368 1529 3425 saecularium
1575 3385 1776 3423 rerum
1834 3368 2048 3439 religio
2111 3368 2339 3426 Sanctoe
2410 3371 2523 3427 Dei

418 3455 698 3512 Ecclesiae
760 3455 1006 3511 maculis
1072 3453 1450 3526 reproborum
1532 3453 1870 3525 dissipatur.
1959 3453 2188 3510 Idcirco
2257 3456 2522 3528 profutu-

416 3558 548 3595 rum
597 3539 1038 3596 succedentibus
1085 3537 1334 3612 posteris
1382 3555 1510 3594 esse
1558 3537 1835 3603 decrevit,
1884 3541 1955 3592 ut
2001 3554 2071 3593 ea
2117 3556 2249 3608 quae
2298 3539 2518 3596 salubri

417 3624 657 3680 consilio
704 3624 1045 3679 ordinantur
1091 3629 1152 3679 et
1210 3623 1502 3679 communi
1549 3639 1790 3680 assensu
1837 3621 2085 3677 stain-um
2132 3622 2512 3691 diffiniuntur,

415 3709 718 3764 firmentur
780 3726 1018 3764 suarum
1065 3708 1270 3763 robore
1344 3707 1694 3763 litterarum.
1796 3704 2178 3778 Quapropter,
2233 3707 2512 3764 Summus

414 3792 700 3856 Pontifex,
764 3792 1100 3848 Bonifacius
1162 3790 1436 3856 Octavus,
1500 3791 1739 3862 scripsit
1782 3788 2238 3862 Archiepiscopo
2264 3791 2510 3847 Cantua-

410 3876 590 3932 riensi
662 3876 936 3941 Robert0,
1012 3881 1071 3931 et
1141 3875 1273 3931 aliis
1360 3875 1716 3947 coepiscopis
1789 3879 1848 3929 et
1924 3874 2325 3944 suffraganeis,
2395 3875 2511 3930 dis·

411 3961 582 4017 triete
635 3960 1018 4034 'praecipiens
1079 3960 1142 4015 in
1202 3960 1421 4015 virtute
1484 3965 1698 4016 sanctae
1759 3957 2122 4022 obedientius,
2193 3965 2253 4013 et
2316 3958 2507 4029 injun-

410 4064 573 4117 gens,
623 4052 694 4102 ut
758 4063 956 4101 omnes
1019 4043 1484 4100 sanctimoniales
1545 4043 1565 4074 ⁴
1582 4044 1706 4098 suis
1756 4043 2123 4098 Dioecesibus
2171 4042 2507 4099 habitantes

408 4131 627 4187 includi
676 4131 951 4197 facerent,
1001 4137 1070 4184 nt
1116 4147 1230 4184 non
1288 4127 1360 4182 de
1423 4132 1631 4183 caetero
1690 4127 1866 4183 liceat
1912 4127 1997 4182 eis
2045 4127 2118 4181 de
2167 4126 2330 4182 cellis
2380 4129 2503 4183 suis

406 4216 718 4294 progredi3
777 4216 917 4291 quia
979 4233 1093 4271 non
1141 4213 1372 4288 expedit
1417 4212 1720 4270 animabus
1782 4228 2001 4267 eorum.
2100 4209 2280 4268 Dedit
2326 4213 2501 4269 etiam

470 4544 485 4574 ¹
519 4542 648 4593 This
681 4543 783 4592 fiet
803 4542 850 4591 is
871 4539 1160 4591 mentioned
1192 4539 1298 4590 also
1328 4541 1398 4604 by
1562 4541 1583 4570 ²
1617 4540 1668 4588 in
1681 4551 1900 4604 pratens
1920 4532 1976 4584 in
1998 4533 2086 4584 the
2105 4532 2306 4599 printed
2326 4541 2473 4588 texts,

402 4623 643 4674 Matthev
665 4621 726 4671 of
763 4620 1142 4680 Westnninster3
1192 4635 1248 4670 as
1278 4620 1397 4682 also,
1566 4621 1585 4648 ⁸
1617 4620 1853 4684 recipiens
1873 4616 1929 4666 in
1951 4615 2038 4665 the
2059 4614 2258 4679 printed
2278 4622 2426 4667 texts.

403 4703 485 4753 the
511 4703 604 4767 joy
625 4701 718 4750 felt
749 4701 817 4765 by
839 4698 928 4749 the
958 4698 1137 4750 welsh
1170 4698 1361 4749 thereat
1383 4720 1397 4760 ς
1569 4700 1586 4728 ⁴
1620 4699 1671 4747 in
1690 4700 1794 4747 suis
1814 4698 1870 4748 in
1891 4697 1976 4749 the
1992 4695 2192 4761 printed
2211 4702 2359 4746 texts.

404 4785 493 4833 but
511 4782 566 4831 in
587 4779 770 4845 totally
789 4779 1022 4831 different
1042 4780 1304 4845 language.
2180 4854 2220 4912 2

2106 4866 2149 4912 F
