3300 5617
831 736 963 801 282
1485 750 1747 801 ‘moins
1792 751 2269 803 wammam

491 941 629 992 A.D.
656 949 798 996 1356.
822 937 1103 1010 Peyteres
1142 955 1278 993 cum
1299 937 1464 992 mille
1485 937 1797 1009 nongentis
1821 938 2155 994 hominibus
2178 939 2538 1012 totidemque
2586 941 2941 1013 sagittariis,
2967 956 3087 1007 ns,
3104 958 3213 1009 nm

820 1023 1151 1078 venientem
1187 1030 1547 1078 contraeum
1585 1039 1723 1077 cum
1752 1030 1977 1094 septem
1998 1023 2264 1079 millibus
2312 1023 2517 1080 electis
2551 1030 2940 1092 armatorum,
2970 1023 3099 1101 Bag
3122 1030 3172 1075 13

602 1178 615 1189 .
819 1106 1068 1177 aliisque
1102 1107 1362 1170 armatis,
1389 1106 1720 1178 pavisariis,
1746 1123 1816 1161 ac
1860 1106 2201 1172 balistariis,
2228 1107 2292 1162 in
2313 1126 2556 1163 numero
2609 1111 2938 1165 excessivo·
2968 1089 3030 1140 Ε·
3054 1104 3122 1142 ¹¹·

486 1178 709 1228 ‘7²⁰⁰‘ss
817 1190 1080 1246 Aderant
1117 1191 1200 1246 ibi
1237 1190 1353 1247 duo
1390 1190 1751 1256 cardinales,
1792 1209 2045 1262 quorum
2083 1210 2238 1248 unus
2275 1199 2404 1248 erat
2436 1192 2632 1249 dietus
2674 1194 2944 1249 “Petra-

484 1252 718 1362 fflzu
822 1278 860 1301 ‘⁶
898 1275 1284 1345 gorioensis,''
1341 1275 1418 1330 ad
1463 1274 1935 1346 persuadendum
1980 1292 2185 1347 pacem
2226 1277 2381 1331 inter
2432 1284 2641 1347 gentes
2696 1284 2937 1350 pm

483 1382 568 1431 the
591 1329 771 1444 Ρορξέ
818 1358 893 1413 ad
941 1359 1181 1424 bellum,
1233 1378 1272 1415 a
1303 1359 1486 1414 latere
1537 1358 1777 1414 Domini
1810 1358 1990 1430 Papae
2044 1360 2231 1415 missi.
2307 1359 2533 1429 Quibus
2585 1380 2727 1417 oum
2768 1362 2939 1435 Papa

481 1462 673 1509 envoys
694 1456 750 1496 to
815 1443 1002 1498 artius
1037 1443 1418 1515 ¹injunxisset
1449 1461 1709 1515 praesens
1761 1444 1923 1515 pacis
1960 1444 2281 1514 negotium,
2326 1444 2698 1517 respondisse
2734 1447 2934 1502 fertur

484 1513 725 1564 ffifflbffih
815 1526 1006 1581 eidem
1027 1527 1546 1599 Pete-agoricensis,
1572 1530 1610 1554 “
1627 1527 1848 1591 Ver0,”
1874 1527 2165 1599 inquiens,
2196 1528 2430 1584 “Pater
2444 1529 2805 1597 beatissime,
2827 1537 2937 1587 aut

483 1596 649 1645 We·
816 1611 854 1636 “
891 1628 1095 1681 pacem
1147 1612 1540 1675 suadebimus,
1579 1616 1685 1666 aut
1718 1610 1913 1665 silices
1960 1617 2023 1666 et
2054 1617 2236 1683 petrae
2272 1612 2665 1669 clamabunt.”
2739 1615 2935 1671 Tanta

813 1693 927 1750 fuit
959 1692 1225 1760 'fiducia‚
1265 1696 1421 1765 qnod
1457 1694 1743 1750 Dominus
1778 1693 2059 1766 Princeps
2095 1712 2231 1750 omn
2264 1702 2429 1751 tanta.
2467 1698 2760 1769 paucitate
2808 1717 2931 1754 non

809 1777 1054 1833 auderet
1086 1779 1364 1849 congredi
1396 1784 1598 1833 conta-a
1629 1784 1721 1832 tot
1753 1777 1951 1833 hostes
2002 1784 2146 1849 quot
2180 1785 2462 1834 venerant
2512 1787 2717 1836 eontra
2761 1799 2923 1836 eum.

806 1861 830 1893 ³
845 1862 976 1918 Hoc
1000 1868 1197 1918 autem
1221 1881 1258 1917 a
1280 1863 1593 1933 semetipso
1623 1879 1743 1915 non
1776 1860 1944 1924 dixit,
1972 1861 2095 1925 sed,
2123 1879 2257 1916 cum
2283 1868 2441 1918 esset
2464 1862 2733 1920 Pontifex
2755 1865 2927 1921 illius

809 1948 1105 2017 temporis,
1133 1947 1504 2018 prophetavit
1525 1946 1599 2001 de
1622 1950 1835 2000 eventu
1858 1944 2001 1999 belli
2026 1945 2229 2001 futuri.
2288 1945 2440 2015 Quia
2462 1965 2599 2002 cum
2623 1950 2924 2020 sagittarii

807 2032 992 2086 nostri
1015 2048 1214 2086 omnes
1239 2031 1484 2102 sagittas
1509 2029 1936 2102 expendissent.
1961 2029 2024 2084 in
2046 2029 2244 2086 hostes
2266 2030 2615 2087 levaverunt
2658 2031 2733 2087 de
2764 2052 2917 2105 agro

805 2122 1039 2186 petroso
1073 2115 1318 2187 lapides,
1340 2122 1401 2170 et
1424 2114 1748 2170 comminus
1772 2112 2111 2168 accedentes
2147 2113 2519 2185 projecerunt
2540 2116 2603 2171 in
2628 2114 2911 2185 Gallicos,

806 2200 1196 2270 percutientes
1232 2199 1452 2270 galeas,
1491 2197 1767 2261 cassides,
1795 2204 1971 2268 atque
2006 2197 2245 2269 clypeos
2268 2199 2607 2263 eorundem,
2634 2206 2705 2256 ut
2728 2219 2911 2258 sonus

805 2283 1150 2354 proveniens
1209 2301 1281 2338 ex
1328 2288 1626 2354 petrarum
1670 2281 1885 2336 ictibus
1919 2281 1982 2335 in
2027 2282 2221 2353 campi
2267 2283 2520 2337 circuitu
2573 2283 2913 2351 ⁴reboaret;

805 2373 867 2422 et
925 2368 1011 2422 sio
1085 2366 1508 2438 quodammodo
1565 2365 1810 2437 impleta
1859 2370 1952 2419 est
2006 2365 2315 2436 prophetia
2372 2366 2722 2432 cardinalis,
2805 2372 2912 2440 qui

806 2450 1135 2521 spopondit,
1174 2450 1374 2505 dicens
1410 2450 1550 2520 qnia
1587 2452 1625 2475 “
1641 2466 1847 2520 poeem
1888 2447 2251 2514 habebimus,
2278 2456 2382 2505 aut
2426 2450 2652 2522 lapides
2687 2452 2904 2508 clama-

816 2534 1109 2601 “bunt;''
1172 2534 1277 2589 sed
1325 2534 1453 2589 haeo
1486 2532 1880 2604 postmodum.

473 2612 690 2687 Viffflry
875 2618 1075 2688 Igitur
1115 2636 1253 2673 cum
1302 2616 1642 2672 Cardinales
1684 2617 1839 2671 inter
1874 2622 2190 2687 utrumque
2242 2617 2524 2689 populum
2575 2619 2907 2691 diligentis-

472 2679 656 2792 ffied
676 2679 745 2743 by
803 2703 951 2757 sime
1018 2701 1451 2766 discurrissent,
1513 2708 1575 2756 et
1623 2700 1912 2756 vidissent
1984 2717 2048 2754 se
2120 2717 2236 2754 non
2314 2718 2486 2771 posse
2551 2704 2907 2774 persuadere

469 2760 695 2862 Edwffid
803 2803 1024 2857 pacem,
1081 2785 1457 2857 indignantes
1501 2788 1891 2839 recesserunt.
1968 2783 2049 2838 Et
2095 2800 2231 2838 mox
2266 2784 2423 2839 acies
2472 2796 2902 2855 convenerunt3

468 2892 589 2926 over
607 2879 692 2929 the
801 2870 903 2927 ubi
950 2870 1161 2941 primo,
1213 2870 1416 2925 fractis
1451 2868 1691 2931 lanceis,
1742 2885 1877 2922 cum
1913 2867 2148 2938 gladiis,
2206 2867 2531 2933 securibus,
2591 2876 2654 2926 et
2702 2871 2906 2943 bipen-

469 2943 686 3021 steneli,
707 2954 758 2996 at
801 2954 974 3009 nibus
1042 2971 1172 3008 rem
1248 2958 1515 3023 egerunt.
1633 2951 1732 3006 Ibi
1798 2951 2013 3006 claruit
2070 2951 2321 3006 victoria
2391 2951 2631 3007 Domini
2692 2954 2732 3009 J
2733 2956 2904 3012 acobi

475 3010 705 3088 P⁰¹t¹f³ffl
797 3040 819 3068 ⁵
835 3037 1132 3092 mandale
1191 3037 1419 3100 militis,
1473 3035 1574 3106 qui
1622 3035 1849 3106 potenti
1895 3035 2117 3090 virtute
2158 3035 2451 3106 confregit
2483 3042 2545 3092 et
2583 3038 2907 3109 perforavit

798 3123 982 3176 aciem
1043 3121 1424 3185 Gallicorum,
1482 3126 1544 3175 et
1608 3119 1724 3174 fuit
1782 3120 1915 3190 ipsa
1981 3119 2078 3174 die
2136 3119 2300 3174 neeis
2361 3122 2591 3176 occasio
2642 3121 2902 3187 hostium

801 3205 1202 3275 plurimorum.
1289 3204 1385 3258 Ibi
1465 3203 1702 3275 patebat
1763 3201 1907 3257 fides
1973 3207 2035 3257 et
2092 3201 2417 3256 constantia
2465 3202 2761 3259 Comitum
2826 3208 2901 3261 de

799 3289 1074 3360 Warwyk
1132 3295 1194 3344 et
1238 3287 1312 3343 de
1366 3287 1693 3352 Southsolk,
1751 3292 1813 3342 et
1860 3291 2205 3341 coeterorum
2263 3303 2591 3357 procerum,
2634 3289 2737 3360 qui
2773 3296 2897 3346 tam

800 3374 1077 3439 animose,
1156 3380 1277 3428 tam
1345 3371 1589 3435 fervide,
1657 3377 1778 3427 tam
1852 3370 2127 3425 atrociter
2198 3378 2626 3441 pugnaverunt,
2702 3372 2893 3429 donec

799 3476 1004 3513 manus
1057 3457 1273 3528 gladiis
1332 3462 1393 3511 et
1443 3455 1744 3511 securibus
1827 3452 1848 3484 ⁶
1862 3453 2260 3524 obriguissent
2323 3453 2658 3509 eorundem.
2758 3456 2890 3513 Nec

795 3543 990 3597 minus
1077 3539 1392 3596 laudabilis
1472 3545 1601 3595 erat
1678 3540 1806 3610 ipse
1896 3537 2180 3610 Princeps
2263 3543 2325 3593 et
2406 3538 2525 3593 dux
2607 3542 2901 3597 exercitus

795 3624 1125 3696 Anglicani,
1191 3624 1294 3694 qui
1344 3641 1460 3677 non
1506 3622 1696 3678 solum
1745 3639 1809 3677 se
1858 3621 2067 3677 ducem
2125 3619 2392 3676 exhibuit
2447 3621 2512 3675 in
2558 3622 2669 3678 hoc
2716 3623 2897 3691 bello,

795 3709 898 3764 sed
939 3707 1248 3780 probatum
1284 3706 1534 3761 militem
1570 3712 1631 3761 et
1662 3712 1982 3778 expertum,
2026 3705 2304 3767 universa
2336 3711 2585 3770 tentans,
2611 3705 2635 3744 ⁷
2651 3707 2894 3773 audens,

793 3800 855 3848 et
888 3792 1126 3855 faciens,
1167 3808 1298 3860 quae
1323 3790 1493 3845 miles
1525 3790 1783 3845 ⁸faceret
1817 3790 2131 3844 animosae.
2206 3788 2334 3844 Nec
2360 3796 2763 3844 momentanee
2799 3792 2895 3846 vel

794 3878 1001 3931 leviter
1059 3875 1294 3930 transiit
1343 3875 1457 3929 ista
1503 3892 1740 3944 pugna;
1793 3873 1897 3927 sed
1956 3872 2146 3927 tribus
2194 3872 2424 3927 vicibus
2485 3891 2554 3927 eo
2606 3873 2720 3935 die,
2768 3894 2894 3945 prae

793 3960 1166 4016 multitudine
1209 3958 1744 4030 supervenientium
1780 3956 2056 4020 hostium,
2099 3955 2403 4027 oportebat
2435 3954 2720 4027 Anglicos
2771 3959 2895 4012 bel-

829 4106 918 4113 --—·—
931 4108 962 4113 ..-
1001 4104 1220 4111 (0--i--.——-
1237 4103 1374 4109 ——---

859 4178 871 4207 ¹
920 4176 1172 4227 invidisset
1229 4176 1284 4225 in
1345 4173 1496 4238 orig.;
1549 4173 1808 4222 corrected
1886 4169 2894 4235 Audele‚·Arundelinthep1-intedtexts;

790 4258 921 4306 from
940 4258 1028 4307 the
1050 4256 1250 4321 printed
1272 4260 1419 4303 texts.
1883 4248 2069 4300 Audele
2089 4249 2145 4298 in
2168 4249 2284 4300 MS.
2307 4248 2444 4300 Bibl.
2468 4249 2678 4315 Beg.18
2700 4250 2762 4301 E.
2788 4252 2865 4303 ix.

855 4338 876 4365 ²
899 4335 972 4385 illa·
991 4335 1188 4398 fiducia
1209 4335 1264 4383 in
1289 4334 1375 4383 the
1398 4330 1598 4395 printed
1614 4337 1765 4380 texts.
1946 4333 1968 4360 ⁸
1987 4329 2283 4395 obriqesceut
2322 4329 2376 4377 in
2422 4329 2549 4394 orig.
2574 4350 2589 4388 ς
2643 4332 2895 4399 probably

855 4417 876 4446 ³
896 4415 950 4465 A
971 4417 1164 4481 parody
1185 4429 1318 4479 upon
1337 4412 1471 4462 Jolm
1495 4412 1566 4461 xi.
1591 4416 1673 4461 51.
1881 4409 2011 4459 from
2057 4425 2090 4458 a
2132 4407 2444 4472 misreading
2486 4408 2549 4456 of
2588 4409 2701 4460 MS.
2750 4412 2891 4465 Bibl.

855 4496 872 4524 ⁴
895 4494 1114 4543 reboaret
1165 4496 1219 4543 in
1259 4492 1385 4558 orig.
1413 4513 1427 4552 3
1479 4498 1570 4540 not
1603 4491 1787 4554 impro-
1882 4490 2007 4553 ch.
2039 4494 2097 4538 13
2122 4489 2181 4537 Ε.
2207 4488 2279 4537 ix.

787 4575 938 4638 bably
987 4574 1114 4623 from
1149 4591 1182 4623 a
1224 4572 1530 4636 misreading
1563 4571 1625 4620 of
1672 4571 1786 4619 MS.
1948 4571 1967 4596 ⁷
1988 4567 2190 4617 audiens
2211 4566 2263 4617 in
2288 4567 2373 4616 the
2396 4565 2590 4630 printed
2613 4574 2761 4619 texts.

786 4653 921 4702 Bibl.
947 4653 1073 4717 Reg.
1103 4659 1161 4701 13
1185 4654 1243 4702 E.
1271 4653 1340 4701 ix.
1832 4684 1838 4731 Ξ
1944 4650 2170 4713 ''fecerat
2189 4647 2244 4697 in
2266 4647 2352 4697 the
2372 4646 2568 4711 puinted
2588 4653 2736 4699 texts.

853 4734 873 4761 ³
895 4730 1140 4783 Arandele
1152 4733 1207 4782 in
1222 4730 1365 4795 orig„
1383 4744 1438 4779 as
1455 4730 1641 4779 altered
1657 4729 1785 4779 from
