3300 5617
786 754 874 818 82
1437 769 1697 820 mom
1737 766 2209 818 wammam

455 971 591 1026 AD,
622 975 762 1022 1300.
791 958 1016 1028 Regem
1053 956 1244 1013 adiret
1288 973 1423 1011 cum
1473 954 1688 1010 litteris
1738 952 2061 1016 inbullatis‚
2115 952 2287 1023 eique
2339 951 2615 1008 mandata
2660 952 2890 1025 papalia
2912 966 3146 1018 Msffiu

790 1041 1228 1097 demonstraret.
1325 1038 1816 1110 Arcbiepiscopus
1869 1053 2027 1100 vero,
2080 1043 2215 1108 post
2249 1034 2266 1068 ¹
2284 1034 2547 1091 triduum
2582 1035 2888 1091 hebdoma-
2915 1034 3025 1101 Reg.
3048 1040 3103 1085 13

791 1125 998 1180 darum
1047 1125 1320 1196 spatium,
1359 1122 1629 1194 pervenit
1663 1120 1739 1175 ad
1774 1120 2001 1190 Regem
2038 1137 2169 1174 cum
2204 1119 2483 1191 praedjoto
2520 1119 2886 1185 Lumbardo;
2913 1101 3045 1153 35¹·

792 1226 967 1281 quem
1015 1208 1241 1265 invenit
1298 1214 1500 1263 eontra
1551 1206 1756 1262 Scotos
1806 1205 2201 1259 dimicantem.
2295 1202 2566 1260 Ostendit
2614 1204 2671 1259 ei
2709 1205 2893 1276 igitur

791 1293 996 1368 papale
1045 1293 1402 1356 mandatum,
1443 1291 1613 1364 cujus
1649 1296 1818 1345 tenor
1854 1289 1986 1353 fuit,
2030 1295 2098 1345 ut
2150 1288 2279 1344 Rex
2329 1287 2641 1345 desisteret
2690 1288 2891 1345 Scotos

791 1379 1118 1451 inquietare
1170 1377 1246 1434 de
1305 1383 1534 1441 cisterc,
1596 1391 1847 1447 quorum
1913 1374 2081 1445 regio
2150 1380 2212 1429 et
2285 1389 2549 1444 personae
2612 1381 2892 1445 exemptae

795 1463 1125 1534 specialiter
1193 1479 1315 1518 suae
1379 1460 1639 1532 capellae,
1693 1465 1763 1515 ut
1821 1459 2093 1522 asseruit,
2166 1458 2552 1530 pertinebant.
2661 1458 2888 1529 Neque,

794 1552 969 1620 prout
1003 1546 1250 1611 dicebat,
1290 1563 1418 1601 esse
1455 1549 1685 1617 poterat
1731 1544 1875 1614 quin
1922 1543 2131 1599 civitas
2186 1542 2509 1598 Ierusalem
2558 1560 2696 1599 suos
2738 1543 2892 1598 cives

795 1637 1146 1703 protegeret,
1186 1637 1248 1686 et
1298 1629 1653 1686 confidentes
1703 1629 1767 1684 in
1820 1627 2089 1692 Domino,
2131 1628 2287 1683 sicut
2333 1645 2499 1682 mons
2546 1626 2725 1698 Syon,
2764 1646 2891 1682 eon·

797 1714 1038 1771 foderet.
1113 1714 1240 1770 Rex
1276 1721 1491 1779 autem,
1526 1713 1841 1770 intellectis
1882 1712 1998 1768 hiis
2031 1712 2315 1785 apicibus,
2353 1730 2487 1768 mox
2521 1710 2739 1768 'allata
2758 1729 2894 1767 voce

467 1788 729 1839 Ede’ss
790 1797 1132 1871 'respondit
1155 1801 1287 1854 :—“
1313 1798 1430 1854 Per
1481 1795 2259 1868 sanguinem”—-inquit—“
2281 1795 2414 1862 Dei,
2466 1805 2705 1869 propter
2743 1796 2896 1868 syon

462 1864 743 1987 fflgrpetss
804 1886 842 1912 “
880 1900 996 1938 non
1024 1882 1247 1946 tacebo,
1273 1887 1335 1938 et
1367 1888 1604 1954 propter
1640 1881 1962 1936 Ierusalem
1996 1898 2113 1935 non
2148 1881 2464 1952 quiescam,
2491 1880 2633 1937 dum
2657 1882 2896 1954 spiritus

465 1988 662 2057 Εῃγογ,
805 1969 843 1995 “
882 1967 1147 2023 fueritin
1171 1966 1410 2022 naribus
1433 1967 1601 2029 meis,
1630 1966 1775 2036 quin
1802 1965 1904 2036 jus
1939 1982 2155 2030 meum,
2183 1966 2293 2021 toti
2327 1965 2544 2021 mundo
2579 1967 2894 2036 cognitum,

805 2052 846 2080 “
882 2057 1006 2106 toto
1041 2067 1211 2122 posse
1235 2048 1603 2105 defendam.’'
1677 2048 1822 2104 Post
1857 2049 2082 2121 aliquot
2116 2048 2261 2114 dies,
2304 2049 2484 2114 Secti,
2524 2050 2664 2104 freti
2699 2049 2898 2121 Papali

801 2133 1017 2198 favore,
1072 2133 1448 2207 superciliose
1494 2133 1918 2189 mandaverunt
1952 2132 2106 2204 Regi
2138 2131 2395 2204 Anglioe,
2442 2137 2509 2188 ut
2542 2133 2904 2204 permitteret

801 2235 901 2274 eos
953 2218 1269 2290 tranquille
1342 2219 1561 2282 vivere,
1618 2217 1800 2273 donec
1850 2234 2021 2289 pares
2073 2234 2208 2272 suos
2259 2224 2321 2273 et
2368 2218 2595 2288 Regem
2643 2217 2902 2273 Francioe

801 2303 1263 2370 consuluissent3
1303 2303 1741 2366 comminantes,
1798 2302 1913 2356 nisi
1962 2301 2197 2366 faceret,
2239 2302 2396 2373 quod
2445 2302 2609 2373 Papa
2642 2319 2751 2374 pro
2786 2302 2901 2358 illis

524 2465 537 2478 ·
804 2386 1200 2460 interponeret
1252 2404 1388 2442 suas
1437 2390 1655 2458 partes.
1753 2384 1851 2440 Ad
1901 2384 2025 2440 haec
2061 2384 2187 2439 Rex
2236 2385 2593 2456 indignando
2644 2386 2900 2452 subrisit,

467 2465 783 2522 Hmmwer
805 2471 1158 2527 dioensz—-“
1185 2471 1275 2526 Ex
1326 2486 1441 2542 quo
1477 2487 1581 2524 vos
1618 2485 1817 2524 omnes
1855 2473 1917 2524 et
1952 2468 2173 2538 singuli
2226 2469 2392 2534 mihi,
2436 2475 2717 2540 tanquam
2762 2488 2903 2543 prze-

462 2534 630 2654 g'cffie
808 2557 848 2584 “
884 2556 1057 2626 cipuo
1110 2555 1343 2611 domino
1393 2554 1562 2624 regni
1620 2552 1851 2616 Scotiae,
1915 2551 2139 2607 fecistis
2198 2551 2489 2623 homagia,
2542 2553 2765 2624 putatis
2814 2572 2904 2609 me

535 2608 627 2655 ⁰²⁸·
806 2640 846 2668 “
884 2638 1219 2694 terrendum
1253 2655 1359 2710 per
1390 2635 1715 2707 ampullosa
1748 2635 2072 2699 mendacia,
2100 2641 2185 2699 ut,
2214 2641 2493 2707 tanquam
2528 2654 2732 2694 carens
2768 2639 2894 2694 viri·

806 2726 844 2751 “
882 2723 1011 2786 bus,
1045 2723 1146 2794 jus
1184 2722 1340 2794 quod
1373 2722 1437 2777 in
1472 2738 1576 2776 vos
1611 2720 1798 2775 habeo
1851 2719 2336 2792 praetermittam?
2423 2721 2659 2787 Cavete,
2712 2742 2787 2778 ne
2836 2725 2905 2779 de

807 2808 846 2835 ‘⁸
883 2812 1094 2861 caetero
1143 2823 1339 2861 coram
1387 2820 1483 2860 me
1520 2822 1656 2861 oum
1706 2803 1812 2859 tali
1861 2804 2134 2860 mandato
2189 2807 2608 2877 compareatis;
2649 2807 2805 2879 quod
2854 2809 2903 2863 si

805 2892 845 2919 ‘⁸
884 2890 1159 2954 feceritis,
1223 2889 1540 2945 Dominum
1593 2894 1794 2952 testor,
1849 2907 1885 2943 a
1933 2889 2083 2943 mari
2142 2907 2329 2961 usque
2383 2876 2459 2946 ad
2507 2909 2669 2946 mare
2728 2898 2906 2948 totam

804 2977 844 3003 ‘⁸
885 2974 1142 3031 Scotiam
1165 2972 1539 3030 devastabo.”
1613 2972 1664 3027 E
1691 2977 1909 3036 contra,
1944 2971 2104 3029 Secti
2141 2974 2285 3029 satis
2321 2975 2597 3030 audacter
2620 2982 2902 3040 asserunt,

804 3076 869 3115 se
904 3059 968 3115 in
1001 3059 1113 3114 hac
1150 3075 1327 3113 causa
1373 3056 1722 3126 sanguinem
1771 3073 1944 3112 suum
1994 3056 2228 3114 fusuros
2264 3075 2371 3130 pro
2406 3057 2741 3117 defensione
2780 3061 2904 3133 jus·

800 3143 949 3200 titiae
986 3148 1046 3198 et
1078 3142 1284 3215 patriae
1318 3141 1606 3196 libertate.

469 3233 687 3301 victory
708 3236 770 3288 of
874 3226 1097 3282 Eodem
1154 3243 1303 3281 anno
1351 3225 1372 3257 ⁴
1389 3223 1700 3288 Consanus,
1742 3225 1869 3281 Rex
1905 3226 2301 3293 Tartarorum,
2342 3229 2405 3285 in
2437 3229 2612 3302 plano
2637 3229 2908 3288 Damasci

469 3301 555 3351 ΨΘ
577 3302 725 3369 Kinss
801 3310 1091 3383 pugnavit
1146 3315 1349 3365 contra
1408 3308 1726 3364 Soldanum
1785 3309 2141 3379 Babiloniae;
2195 3318 2256 3369 et
2288 3314 2537 3369 victoria
2593 3316 2773 3372 cessit
2829 3316 2903 3380 ei,

469 3368 679 3486 gntae*
803 3394 1011 3449 occisis
1047 3398 1280 3449 centum
1314 3391 1576 3447 millibus
1611 3392 2080 3450 Sarracenorum.
2155 3394 2397 3454 Veritus
2420 3415 2580 3464 vero,
2622 3399 2906 3456 Soldanus

468 3516 589 3551 οη,
609 3503 694 3554 the
804 3478 964 3549 fugit
997 3478 1062 3532 in
1095 3476 1457 3540 Babilonem,
1499 3492 1630 3546 quae
1668 3477 1877 3533 civitas
1914 3483 2006 3534 est
2038 3480 2309 3552 AE'gypti.
2403 3481 2697 3539 Cassanus
2744 3502 2903 3549 vero,

470 3570 659 3621 Soldan
682 3571 745 3621 of
805 3562 995 3619 sciens
1032 3561 1232 3615 divina
1264 3561 1484 3615 virtute
1539 3559 1736 3614 datam
1791 3560 1903 3615 sibi
1957 3562 2284 3629 victoriam,
2325 3564 2696 3625 Christianus
2748 3568 2908 3624 illico

468 3638 722 3705 Babylon·
804 3652 898 3702 est
917 3645 1178 3708 effectus.
1252 3645 1332 3700 Et
1365 3662 1500 3699 mox
1521 3650 1865 3716 persecutus
1904 3651 1997 3702 est
2037 3646 2354 3705 Soldanum
2379 3668 2567 3722 usque
2602 3651 2678 3708 ad
2710 3659 2908 3726 portas

805 3730 1146 3794 Babiloniae,
1192 3734 1253 3786 et
1286 3729 1383 3784 die
1418 3735 1622 3785 octavo
1657 3730 1876 3786 mensis
1911 3730 2190 3803 Augusti,
2228 3734 2445 3790 iterum
2479 3754 2740 3808 pugnam
2775 3738 2909 3794 iniit

804 3833 941 3873 cum
992 3815 1243 3872 soldano
1296 3819 1429 3870 ante
1476 3819 1672 3886 portas
1708 3814 2049 3881 Babiloniae,
2091 3821 2152 3872 et
2189 3817 2406 3874 iterum
2442 3820 2631 3877 victor
2666 3821 2904 3878 effectus

803 3900 969 3956 misit
996 3899 1072 3955 ad
1087 3899 1303 3954 inferos
1329 3898 1552 3953 animas
1577 3898 1959 3955 ducentorum
1981 3900 2238 3955 millium
2264 3901 2750 3971 Sarracenomm3
2776 3924 2903 3979 per-

805 3990 1154 4056 emptusque
1191 3988 1283 4038 est
1317 3981 1520 4036 eodem
1557 3981 1654 4036 die
1688 3982 2003 4054 praedictus
2042 3982 2327 4041 Soldanus
2363 3988 2427 4041 in
2460 3987 2632 4044 bello.
2709 3990 2903 4046 Tertio

805 4086 943 4125 vero
979 4068 1073 4122 die
1108 4072 1242 4139 post
1275 4064 1617 4138 proedictum
1653 4066 1947 4138 proelium,
1973 4066 1995 4098 ⁵
2013 4067 2220 4124 civitas
2256 4068 2576 4127 Babiloniae
2601 4080 2772 4145 capta
2794 4075 2904 4130 fuit

803 4159 865 4208 et
898 4152 1127 4207 reddita
1161 4151 1314 4221 Regi
1341 4149 1628 4217 Cassa-1103
1682 4151 1783 4222 qui
1808 4150 2083 4208 liberavit
2104 4171 2141 4207 a
2163 4171 2393 4209 carcere
2430 4164 2668 4213 cunctos
2706 4159 2897 4215 Chris·

801 4238 1009 4301 tiauos,
1037 4236 1140 4309 qui
1164 4237 1228 4292 in
1264 4235 1423 4291 dicta
1448 4234 1689 4294 civitate
1714 4237 1882 4293 fuere
1908 4237 2128 4295 detenti
2162 4238 2225 4294 in
2248 4240 2513 4297 custodia
2534 4242 2711 4299 nimis
2735 4244 2892 4299 dura.

876 4453 889 4483 ¹
926 4454 1069 4502 tn'um
1124 4453 1179 4502 in
1236 4452 1320 4503 the
1373 4451 1574 4517 printed
1637 4459 1800 4514 texts3
1905 4460 2055 4505 texts.

809 4532 1065 4597 correctly.
1972 4533 1990 4563 ⁴
2025 4533 2119 4586 See
2140 4549 2269 4601 page
2294 4541 2404 4597 113,
2430 4545 2556 4602 pose.

874 4613 894 4642 ²
925 4609 1030 4661 alta
1052 4611 1104 4659 in
1127 4611 1239 4661 MS.
1262 4611 1394 4662 Bibl.
1416 4611 1544 4676 Reg.
1566 4617 1625 4660 13
1649 4611 1710 4661 E.
1734 4611 1805 4663 ix.
1975 4614 1994 4642 ⁵
2025 4615 2241 4664 civitatis
2270 4616 2323 4665 in
2347 4615 2472 4681 orig.

879 4692 898 4721 ²
929 4691 1001 4738 sic
1060 4689 1305 4756 respondit
1358 4690 1410 4739 in
1464 4690 1552 4741 the
1605 4690 1807 4760 printed
