3300 5617
769 754 901 817 326
1437 766 1698 818 ‘mom
1743 766 2210 820 wammam

428 945 566 997 A.D.
596 952 738 1002 1377.
761 952 969 1024 Pes-oy,
1010 969 1203 1025 quem,
1230 952 1306 1009 ad
1328 952 1726 1019 occidendum,
1765 953 1829 1009 in
1861 953 2116 1027 hospitio
2151 970 2260 1010 suo
2294 953 2454 1011 cives
2490 953 2873 1026 quaesierant,
2902 964 3028 1016 ΗΒ.
3050 965 3177 1017 m.

429 1037 542 1087 'rho
565 1040 715 1092 Duke

431 1105 571 1154 takes
593 1122 670 1156 re-

429 1171 547 1233 fuge
573 1174 692 1223 with

425 1238 511 1287 the
539 1240 716 1294 l'rince

427 1306 489 1355 of
499 1306 682 1361 wales,

428 1616 540 1667 'rhe
563 1622 690 1671 tre&

425 1698 514 1732 son
540 1687 641 1737 and

429 1750 635 1813 punish-

425 1824 565 1867 ment
584 1820 650 1870 of

426 1883 564 1935 John

423 1950 671 2006 Monstro·

427 2019 600 2072 worth.

419 3289 642 3355 Knight-

421 3359 557 3407 hood
579 3375 698 3408 con-

425 3425 589 3474 serred
609 3441 674 3475 on

421 3492 608 3541 Prince

425 3558 661 3610 Richard.

423 3650 590 3701 Death
615 3652 678 3701 of

423 3718 565 3781 King
589 3719 689 3769 Ed-

425 3788 564 3835 ward
589 3786 684 3836 111.

425 3858 476 3903 nt
499 3854 677 3905 Shene.

761 1036 1040 1093 admoniti
1090 1037 1163 1093 de
1209 1043 1374 1093 tanta
1419 1038 1820 1105 commotione,
1882 1039 2089 1094 relicto
2133 1038 2399 1111 prandio,
2460 1040 2753 1111 fugerunt
2797 1038 2879 1093 ad
2904 1032 3131 1097 Bes-1³

761 1122 1086 1177 manerium
1124 1122 1196 1177 de
1239 1122 1648 1194 Kenyngtone,
1684 1123 1788 1178 ubi
1825 1130 1964 1178 tunc
2002 1123 2310 1189 Ricardus,
2356 1123 2513 1179 filius
2549 1124 2873 1196 Principis,
2902 1099 2967 1150 Ε·
2992 1114 3073 1151 ¹²·

764 1223 896 1261 cum
923 1214 1108 1261 matre
1133 1224 1258 1271 sua,
1298 1207 1611 1262 casualiter
1633 1207 2006 1274 morabatur3
2057 1224 2254 1263 coram
2291 1208 2522 1278 quibus,
2550 1208 2625 1263 de
2662 1225 2876 1280 oppro-

763 1290 905 1345 briis
931 1290 1050 1345 illis
1075 1289 1256 1346 illatis
1279 1290 1639 1346 horribiliter
1675 1296 1815 1346 sunt
1835 1291 2156 1363 conquesti.
2231 1292 2370 1347 Hiis
2406 1292 2592 1363 igitur
2616 1290 2875 1362 aliisque
2904 1302 3004 1346 ΠΒ.
3020 1304 3169 1366 mu,-

762 1375 955 1429 causis
1003 1375 1225 1439 multis,
1269 1374 1701 1431 Londonienses
1726 1375 1879 1430 Duci
1903 1376 2043 1431 facti
2070 1380 2209 1431 sunt
2246 1375 2510 1440 odibiles,
2536 1376 2601 1431 in
2638 1382 2875 1430 tantum
2900 1354 3205 1408 Regulam

762 1458 916 1529 quod
981 1458 1268 1529 Majorem
1328 1466 1389 1515 et
1436 1460 1712 1523 seniores,
1782 1459 1883 1531 qui
1945 1465 2085 1515 tunc
2146 1460 2426 1531 temporis
2487 1460 2870 1532 praefuerunt,
2898 1511 3037 1554 cnut.

761 1544 1122 1598 exauctorari
1156 1543 1376 1599 faceret
1398 1550 1460 1600 et
1481 1544 1812 1616 deponeret,
1841 1561 2159 1615 eorumque
2183 1544 2311 1599 loco
2334 1543 2479 1599 alios
2504 1548 2519 1578 ¹
2536 1544 2869 1615 subrogari.
2898 1562 3175 1614 namn,

835 1628 958 1682 Sub
982 1628 1202 1683 eisdem
1238 1627 1462 1693 diebus,
1503 1636 1708 1699 captus
1745 1633 1838 1683 est
1871 1626 1911 1682 J
1913 1628 2165 1683 ohannes
2188 1627 2655 1693 Mousti-owenh,
2694 1628 2869 1683 miles
2898 1617 3141 1667 ”²52²

760 1712 1114 1783 proditiosae
1162 1718 1223 1768 et
1267 1714 1591 1783 transfuga,
1641 1713 1705 1767 in
1748 1712 2025 1768 'civitate
2062 1712 2354 1777 Navariae,
2381 1712 2757 1784 Pampilona;
2810 1720 2875 1768 et

760 1796 1045 1851 adductus
1070 1796 1415 1861 Londonias,
1454 1798 1644 1868 primo
1679 1796 1953 1861 trahitur,
1993 1796 2202 1851 deinde
2246 1796 2639 1868 suspenditur,
2666 1802 2873 1868 postea

760 1879 1111 1945 decollatum
1175 1886 1484 1952 postremO,
1535 1899 1746 1952 corpus
1793 1880 1922 1951 ejus
1960 1880 2450 1951 quadripartitum
2497 1881 2573 1936 ad
2619 1888 2871 1952 quatuor

760 1964 1027 2019 civitates
1077 1965 1326 2020 famosas
1373 1963 1608 2035 Anglioe
1643 1966 1891 2021 missum
1937 1964 2070 2030 fuit,
2116 1970 2293 2036 caput
2338 1982 2478 2020 vero
2513 1964 2641 2036 ejus
2690 1982 2867 2036 super

759 2049 1007 2104 Pontem
1066 2048 1496 2104 Londoniarum
1555 2049 1732 2120 longo
1790 2054 2051 2120 tempore
2098 2054 2302 2120 postea
2373 2048 2539 2105 stetit
2609 2049 2859 2104 affixum.

759 2132 980 2187 Fuerat
1048 2150 1255 2205 nempe
1326 2136 1346 2165 '
1363 2133 1476 2189 iste
1547 2132 1702 2204 Regi
1774 2132 2026 2188 infidelis
2100 2137 2162 2188 et
2228 2150 2431 2204 regn0,
2501 2133 2860 2197 ambitiosus,

757 2234 1089 2288 perversus,
1131 2217 1325 2282 fallax,
1367 2216 1692 2282 simulator,
1734 2223 1795 2273 et
1829 2217 2097 2288 cupidus,
2126 2217 2227 2288 qui
2254 2216 2591 2289 frequenter
2624 2235 2867 2288 magnas

760 2318 1017 2355 summas
1053 2300 1334 2372 pecunia),
1386 2319 1423 2355 a
1467 2301 1632 2372 Rege
1679 2319 1786 2373 pro
1835 2301 2141 2372 stipendiis
2188 2300 2490 2356 hominum
2540 2305 2558 2334 ⁴
2576 2318 2867 2356 armorum

759 2390 1044 2456 acceptas,
1117 2385 1180 2439 in
1224 2385 1490 2457 proprios
1538 2386 1827 2441 convertit
1883 2403 2044 2440 usus.
2108 2385 2188 2440 Et
2234 2390 2472 2457 propter
2517 2384 2645 2439 haec
2693 2392 2868 2456 atque

760 2468 877 2524 alia
899 2468 1010 2523 sibi
1045 2468 1337 2540 imposita,
1364 2469 1463 2524 vel
1499 2468 1870 2540 imponenda,
1890 2470 2106 2525 timens
2128 2468 2478 2539 ⁸aliquando
2501 2486 2703 2540 poenas
2728 2469 2868 2524 darc

760 2558 820 2607 et
866 2560 1113 2608 mortem
1159 2553 1458 2609 incurrere
1507 2571 1685 2624 quam
1729 2562 2044 2617 meruerat,
2083 2553 2159 2607 ad
2192 2552 2420 2624 Regem
2467 2553 2748 2617 Francioe,
2800 2560 2869 2609 ut

761 2636 1088 2707 praefertur,
1153 2637 1403 2708 aufugit.
1492 2636 1605 2692 Cui
1681 2638 1836 2693 facta
1904 2636 2203 2701 fidelitate,
2277 2635 2550 2709 promisit
2618 2636 2864 2693 classem

760 2720 1140 2792 Hispanicum
1189 2738 1252 2776 se
1299 2720 1707 2785 adducturum,
1748 2721 1824 2776 ad
1869 2738 2120 2793 regnum
2166 2720 2403 2791 Angliae
2449 2719 2860 2776 invadendum.

762 2805 880 2861 Sed
940 2804 1099 2860 Deus
1153 2804 1351 2876 justus
1403 2806 1566 2877 juste
1624 2804 1895 2877 permisit
1950 2805 2124 2861 illum
2180 2805 2453 2877 intercipi
2525 2811 2586 2861 et
2645 2806 2858 2877 puniri,

758 2906 934 2960 quam
959 2896 1026 2944 ut
1049 2888 1246 2945 dolose
1272 2895 1447 2961 atque
1471 2889 1764 2945 malitiose
1800 2889 2116 2945 Dominum
2153 2906 2326 2945 suum
2362 2890 2608 2960 Regem,
2648 2889 2861 2945 solum-

757 2991 870 3043 que
895 2974 1104 3037 natale‚
1131 2973 1401 3045 nequiter
1425 2973 1771 3039 infestando,
1812 2990 1985 3030 suum
2021 2972 2292 3045 iniquum
2314 2972 2679 3046 propositum
2708 2976 2863 3031 ‘tam

755 3057 1073 3128 proditorie
1110 3056 1506 3129 adimplesset.

828 3141 951 3195 Sub
998 3141 1220 3195 eisdem
1266 3141 1470 3197 diebus
1518 3141 1737 3206 nuncii,
1784 3141 1887 3214 qui
1923 3159 2029 3213 pro
2076 3158 2220 3213 pace
2266 3140 2330 3196 in
2380 3139 2690 3197 Franciam
2726 3147 2866 3197 sunt
2888 3149 2990 3193 ΜΒ.
3004 3149 3156 3212 Βῑιιι..

753 3225 1018 3295 profecti,
1059 3225 1120 3279 in
1143 3224 1424 3297 Angliam
1447 3232 1820 3297 reportavere
1866 3224 1982 3281 nisi
2028 3224 2171 3279 belli
2221 3242 2506 3280 rumores.
2887 3200 3197 3253 neaman.

825 3308 951 3376 Quo
975 3314 1252 3379 tempore,
1281 3309 1406 3364 Rex
1429 3309 1770 3374 Edwardus,
1797 3309 1859 3365 in
1882 3310 2033 3364 festo
2059 3308 2257 3364 Sancti
2284 3308 2525 3379 Georgii
2559 3307 2860 3379 Martyris,
2886 3319 3121 3363 umbi.

753 3392 908 3462 apud
943 3392 1448 3464 Wyndeleshores‚
1489 3394 1783 3449 sichardo
1814 3393 1887 3449 de
1923 3393 2281 3464 Bmdegalia
2313 3393 2533 3448 haeredi
2573 3410 2696 3457 suo,
2740 3393 2863 3447 filio
2883 3370 3195 3465 ⁸033}ss

751 3473 774 3512 ⁷
793 3472 953 3545 [filii]
981 3476 1072 3529 sui
1099 3476 1388 3542 Edwardi,
1414 3476 1708 3549 Principis
1726 3476 1974 3543 Wallioe,
1995 3476 2244 3533 contulit
2265 3476 2528 3532 ordinem
2545 3476 2863 3532 militarem
2886 3473 3099 3527 nuum».
3114 3477 3195 3518 δ’*

754 3558 780 3595 ⁸
799 3559 1132 3626 Edwardi.

829 3649 952 3704 Rex
993 3649 1371 3715 ¹'Edwarduffi
1416 3668 1552 3706 cum
1594 3651 2021 3724 quinquaginta
2065 3656 2127 3708 et
2167 3653 2289 3706 fere
2330 3632 2479 3706 uno⁸
2506 3650 2671 3707 annis
2726 3668 2864 3723 reg·

755 3740 968 3797 nasset,
1019 3734 1298 3790 vicesimo
1343 3734 1533 3806 primo
1581 3734 1677 3790 die
1738 3734 1778 3790 J
1780 3736 1922 3802 unii,
1987 3736 2142 3808 apud
2189 3736 2516 3790 manerium
2564 3752 2743 3790 suum
2790 3736 2867 3790 de

760 3818 1002 3883 Schene,
1050 3817 1207 3873 diem
1254 3818 1467 3874 clausit
1508 3826 1868 3886 ememum3
1933 3820 2029 3875 cui
2078 3837 2183 3892 per
2229 3825 2417 3875 totum
2462 3824 2693 3890 tempus
2743 3839 2868 3874 sum
2893 3834 3011 3885 ns,
3034 3835 3161 3884 nihl,

757 3902 1155 3957 decubationis
1180 3902 1481 3967 assideret,
1525 3904 1673 3974 proh
1696 3904 1893 3959 dolor!
1936 3904 2044 3959 illa
2076 3903 2315 3958 infanda
2348 3904 2625 3957 meretrix
2664 3902 2869 3959 Alicia
2896 3902 3025 3965 Reg-
3054 3908 3112 3952 13

759 3986 797 4017 ¹⁰
811 3988 1074 4052 Percres,
1118 4005 1248 4059 qum
1285 3994 1494 4043 cuncta
1531 4006 1664 4059 qum
1706 3987 1743 4021 ¹¹
1762 3988 1954 4044 carnis
1979 3993 2118 4044 sunt
2138 3987 2330 4042 medio
2356 3994 2613 4058 tempore
2638 4004 2873 4060 semper
2895 3968 2957 4019 Ε·
2980 3983 3055 4019 ¹¹·

827 4192 840 4221 ¹
863 4190 1149 4257 eubroyaret
1166 4190 1222 4240 in
1245 4190 1330 4241 the
1347 4189 1548 4255 printed
1571 4196 1725 4241 texts.
1926 4193 1944 4219 '
1966 4190 2197 4241 Inserted
2218 4189 2349 4241 stom
2388 4187 2475 4240 the
2494 4188 2698 4253 printed
2731 4196 2871 4241 texts

825 4269 846 4299 ²
868 4269 980 4321 The
1001 4270 1145 4335 place
1166 4270 1229 4321 of
1240 4269 1323 4319 his
1357 4276 1562 4335 capture
1599 4268 1646 4319 is
1677 4277 1768 4320 not
1856 4271 1958 4321 and
1980 4269 2116 4320 Bibl.
2136 4270 2267 4335 Reg.
2296 4274 2356 4318 13
2380 4266 2440 4318 E.
2458 4268 2531 4318 ix.

761 4350 946 4399 named
967 4349 1023 4398 in
1048 4349 1197 4401 Cont.
1221 4348 1522 4399 Murimuth.
1925 4367 1945 4393 a
1963 4365 2189 4416 Omitted
2210 4364 2265 4414 in
2288 4362 2374 4414 the
2394 4363 2596 4429 printed
2612 4369 2763 4414 m

825 4432 845 4459 ⁸
867 4430 954 4478 iste
979 4427 1023 4478 J.
1047 4428 1177 4495 Κεφ·
1195 4428 1251 4478 ἰιι
1275 4429 1360 4479 the
1382 4429 1582 4493 printed
1611 4434 1749 4480 texts
1918 4462 1939 4489 o
1962 4459 2249 4510 Edrani„
2272 4458 2641 4511 Tem-”inum
2660 4458 2867 4523 printed

759 4510 861 4560 and
879 4507 1013 4557 Bibl.
1037 4508 1163 4573 Reg.
1191 4513 1250 4557 13
1275 4509 1335 4559 E.
1360 4509 1432 4558 ix.
1858 4546 2009 4590 texts·

829 4590 843 4617 ι
865 4594 1161 4635 armatorum
1183 4587 1236 4636 in
1261 4587 1349 4637 the
1370 4587 1570 4652 printed
1593 4594 1741 4638 texts.
1923 4638 1959 4667 Ι.
1978 4634 2031 4687 P
2180 4634 2193 4648 .
2425 4633 2441 4647 ⁹

827 4670 845 4697 ⁵
869 4665 1096 4717 Omitted
1117 4665 1172 4716 in
1193 4667 1281 4717 the
1304 4666 1505 4731 printed
1528 4674 1681 4718 texts.
2027 4651 2157 4686 m
2178 4651 2231 4685 ¹¹²
2248 4634 2335 4686 ¹¹¹⁰
2362 4635 2565 4701 Fumea
2580 4640 2733 4685 ω

825 4743 1219 4810 ’ωΙίερι-οάἰεα·
1256 4745 1538 4813 adimpleret
1583 4745 1639 4798 in
1677 4745 1764 4799 the
1922 4736 1956 4765 ¹¹
1979 4731 2793 4799 chariomintheprinoedoexts.

761 4825 960 4890 printed
981 4832 1130 4877 texts.
