3300 5617
1023 843 1350 893 HISTORIA
1394 844 1807 893 AscucANA
2342 835 2470 896 243

35 1036 144 1087 MS.
169 1037 321 1094 Harl,
371 1028 410 1054 “
450 1032 465 1063 ¹
483 1032 773 1094 curantes,
813 1028 1043 1084 frivolis
1093 1029 1562 1087 excusationibus
1601 1036 1664 1086 et
1697 1029 1909 1086 fucatis
1963 1029 2277 1085 verborum
2325 1029 2466 1102 pha-
2495 1017 2794 1095 A.D.1341'.

35 1108 139 1153 555.
372 1113 411 1138 ‘⁸
448 1111 610 1176 leris,
668 1131 834 1168 suam
875 1113 1176 1177 desidiam,
1237 1131 1310 1168 ne
1370 1114 1631 1170 dicamus
1694 1114 1960 1170 fraudem
2017 1114 2113 1170 vel
2161 1113 2467 1178 malitiam,

35 1170 307 1288 ξῗέὶῦὅδ·
372 1197 412 1224 “
448 1196 785 1267 palliabant,
829 1197 1049 1252 similes
1106 1198 1447 1253 illusoribus
1508 1199 1629 1269 qui,
1668 1205 1737 1254 ut
1776 1199 1861 1254 ait
1901 1198 2109 1262 Isaias,
2154 1195 2471 1252 deridendo

35 1303 237 1369 gynet·
373 1281 412 1308 ‘⁶
451 1279 768 1345 ludificant,
808 1279 1065 1337 dicentes
1108 1285 1121 1307 ‘
1138 1286 1158 1316 ²
1171 1281 1387 1337 Manda
1425 1281 1721 1346 remanda,
1765 1282 1976 1337 manda
2008 1280 2302 1345 remanda,
2341 1283 2362 1312 ’
2377 1299 2471 1336 ex·

375 1366 414 1392 “
457 1367 473 1392 ⁴
490 1371 659 1435 pecta
691 1371 1015 1436 reexpecta,
1056 1372 1295 1437 expecta
1328 1372 1650 1438 reexpecta,
1695 1366 1989 1422 modicum
2030 1368 2133 1431 ibi,
2174 1366 2468 1422 modicum

375 1450 415 1476 “
458 1450 473 1475 ‘
499 1448 583 1502 ibi
604 1470 621 1514 3
640 1448 654 1473 ’
704 1449 878 1514 unde,
917 1448 1064 1521 proh
1117 1448 1315 1504 dolor!
1354 1450 1575 1505 factum
1622 1455 1715 1505 est
1764 1456 1834 1505 ut
1881 1449 2021 1505 dum
2069 1450 2469 1523 triumphandi

375 1533 415 1560 ‘⁶
455 1549 632 1603 super
681 1532 947 1588 inimicos
995 1538 1223 1588 nostros
1292 1533 1578 1589 arrideret
1623 1534 1792 1588 nobis
1844 1534 2266 1605 gratiosissime
2333 1552 2466 1608 spes

372 1618 411 1644 ‘⁸
450 1617 793 1688 propinqua,
854 1616 1204 1688 praevalente
1262 1619 1526 1689 penuria,
1588 1634 1932 1688 cogeremur
1997 1618 2168 1674 inviti
2239 1619 2467 1690 treugis

370 1702 409 1727 “
447 1700 612 1755 initis
636 1701 979 1765 consentire,
1019 1717 1155 1756 cum
1189 1700 1523 1757 verecunda
1542 1706 1758 1757 nostrae
1795 1700 2174 1774 expeditionis
2210 1702 2466 1757 retarda-

370 1785 410 1811 “
448 1784 624 1850 tione,
664 1791 726 1840 et
761 1785 1113 1840 exultatione
1148 1803 1264 1840 non
1298 1784 1529 1840 modica
1563 1785 1926 1840 aemulorum.
1997 1785 2274 1840 Reversis
2298 1786 2466 1842 nobis

371 1869 410 1895 ‘⁴
448 1866 469 1898 ⁴
488 1867 550 1922 in
584 1867 939 1933 Flandriam,
979 1886 1114 1923 cum
1167 1886 1430 1925 essemus
1479 1870 1731 1940 pecunia
1766 1869 1954 1930 vacui,
1995 1873 2055 1924 et
2104 1869 2239 1924 aeris
2291 1869 2467 1924 alieni

370 1954 411 1980 “
448 1952 636 2008 ¹‘'mole
671 1954 880 2025 pressi,
918 1970 1025 2008 nec
1063 1960 1396 2025 superesset
1420 1955 1735 2025 quicquam
1769 1954 1834 2007 in
1855 1952 2069 2007 nostris
2106 1958 2210 2008 aut
2241 1959 2465 2010 nostro-

370 2038 410 2064 “
448 2054 583 2091 rum
631 2037 946 2108 marsupiis
997 2036 1152 2091 unde
1205 2054 1510 2109 possemus
1563 2036 1780 2092 nostris
1833 2036 2282 2092 necessitatibus
2335 2054 2466 2092 con·

368 2122 408 2148 ‘⁴
449 2120 660 2186 sulere,
725 2126 785 2176 et
842 2121 1038 2176 debita
1096 2120 1387 2193 stipendia
1460 2125 1658 2174 nostro
1730 2120 2009 2191 obsequio
2079 2120 2468 2176 militantibus

367 2207 405 2232 ‘⁴
447 2222 708 2277 erogare,
737 2205 1023 2277 compulsi
1049 2223 1251 2260 sumus
1276 2222 1589 2260 usurarum
1631 2205 1899 2274 voragini
1935 2203 1957 2235 ⁶
1973 2204 2373 2275 submergere,
2402 2209 2465 2260 et

365 2292 405 2318 ‘⁸
444 2289 717 2344 humeros
755 2306 1078 2361 supponere
1113 2289 1425 2345 cumulatis
1450 2288 1765 2359 generibus
1807 2288 2155 2343 debitorum.
2212 2288 2469 2343 Tandem

367 2375 406 2400 “
445 2380 837 2429 convenerunt
850 2372 926 2428 ad
939 2391 1045 2428 nos
1061 2374 1235 2427 amici
1268 2373 1487 2436 fideles,
1523 2372 2012 2444 peregrinationis
2040 2376 2255 2427 nostrae
2292 2371 2469 2426 comi-

366 2457 406 2483 “
445 2464 554 2520 tes,
595 2462 656 2512 et
688 2456 1083 2512 tribulationis
1117 2461 1331 2511 nostrae
1354 2457 1691 2529 participes,
1732 2474 1868 2511 cum
1905 2456 2117 2528 quibus
2153 2460 2467 2511 tractatum

367 2543 407 2568 “
444 2540 757 2596 habuimus
793 2539 1137 2611 diligentem
1180 2557 1356 2612 super
1392 2540 1606 2612 optatis
1641 2539 1938 2604 remediis,
1986 2539 2198 2611 quibus
2236 2557 2272 2594 a
2305 2545 2469 2594 tanta

366 2626 406 2651 “
445 2624 896 2680 infortuniorum
965 2629 1311 2696 tempestate
1380 2642 1684 2696 possemus
1746 2623 2103 2679 commodius
2153 2624 2462 2696 respirare.

366 2710 407 2737 “
444 2706 658 2764 Visum
712 2713 803 2764 est
851 2708 1117 2763 omnibus
1176 2708 1434 2779 praefatae
1486 2707 1896 2763 retardationis
1951 2712 2223 2762 eventum
2281 2707 2466 2762 tristi·

367 2794 406 2820 ‘⁸
448 2790 627 2846 bilem
663 2798 723 2847 et
757 2792 1038 2862 egestatis
1087 2798 1302 2847 nostroe
1352 2791 1717 2847 incommoda
1749 2791 2117 2862 multiplicia,
2158 2790 2331 2863 culpa
2369 2789 2464 2846 vel

367 2878 408 2904 ‘⁴
446 2874 688 2940 desidia,
726 2893 801 2931 ne
836 2875 1099 2930 dicamus
1137 2875 1381 2940 malitia,
1421 2876 1649 2947 praefati
1665 2875 2135 2946 Archiepiscopi,
2176 2874 2248 2928 de
2296 2874 2465 2946 cujus

367 2962 408 2989 ‘⁶
447 2958 796 3015 discretione
843 2965 969 3014 tota
1014 2960 1186 3030 regni
1238 2959 1424 3014 nostri
1478 2959 1783 3030 dispositio
1837 2958 2087 3031 pendere
2136 2958 2462 3021 videbatur,

368 3046 408 3072 “
448 3050 509 3099 et
565 3050 908 3100 caeterorum
967 3043 1300 3098 officialium
1361 3061 1505 3114 quos
1566 3043 1694 3114 ejus
1755 3043 1997 3099 consilio
2058 3061 2232 3114 super
2279 3041 2466 3097 nostri

369 3131 408 3156 ‘⁴
444 3127 618 3199 regni
666 3127 904 3198 negotia
943 3126 1373 3190 constituimus,
1432 3125 1750 3193 accidisse3
1815 3133 1877 3182 et
1936 3127 2309 3183 vehementer
2358 3126 2466 3180 mi·

368 3214 408 3240 ¹⁴
446 3218 662 3276 rantes,
716 3229 784 3266 ac
839 3215 1041 3267 contra
1085 3229 1193 3267 nos
1243 3218 1694 3276 murmurantes,
1753 3229 1928 3283 super
1975 3212 2085 3267 hoc
2137 3210 2293 3283 quod
2345 3210 2464 3265 dic-

369 3299 410 3324 “
446 3301 643 3351 torum
687 3294 1131 3367 Archiepiscopi
1181 3299 1242 3349 et
1290 3295 1623 3350 officialium
1671 3295 2042 3350 insolentiam
2093 3295 2261 3365 regia
2308 3311 2468 3349 man-

370 3382 410 3408 “
449 3378 695 3435 suetudo
743 3383 906 3434 tanto
954 3383 1215 3449 tempore
1266 3377 1598 3450 relinquere
1649 3377 1841 3436 voluit
1887 3380 2289 3443 incorrectam,
2330 3383 2470 3434 sunt

362 3466 409 3492 ¹‘
446 3463 679 3534 publice
700 3462 1008 3534 protestati
1045 3462 1218 3532 quod,
1246 3461 1362 3517 nisi
1398 3479 1574 3534 super
1609 3461 1725 3517 hiis
1780 3463 2103 3518 faceremus
2141 3480 2467 3533 congruum

370 3551 410 3575 “
448 3547 772 3603 remedium
830 3546 1101 3602 celeriter
1149 3545 1433 3611 adhiberi,
1487 3551 1782 3618 oporteret
1830 3563 1929 3602 eos
1980 3546 2053 3601 de
2100 3546 2316 3601 nostris
2367 3546 2466 3601 ob-

369 3635 409 3660 “
450 3633 670 3703 sequiis
720 3649 783 3688 se
834 3630 1195 3695 subtrahere,
1250 3636 1310 3685 et
1357 3630 1431 3686 ab
1481 3631 1628 3686 inito
1678 3631 1897 3687 foedere
1945 3631 2209 3696 retroire,
2250 3636 2310 3685 et
2357 3630 2467 3686 hoc

370 3719 410 3746 ‘⁸
449 3716 655 3787 utique
689 3716 754 3771 in
786 3715 957 3786 regni
991 3714 1178 3770 nostri
1211 3712 1234 3752 ⁷
1251 3715 1690 3771 subversionem
1725 3721 1785 3771 et
1832 3722 2092 3772 nostram
2126 3720 2468 3788 perpetuam

371 3803 411 3829 ⁸⁸
450 3800 849 3872 ignominiam,
888 3805 951 3855 et
983 3797 1234 3855 nationis
1257 3798 1602 3871 Anglicanae
1639 3801 2058 3873 sempiternum
2092 3800 2468 3872 opprobrium

372 3887 413 3913 ‘⁸
451 3884 808 3951 redundare3
864 3883 1019 3954 quod
1067 3887 1294 3938 avertat
1341 3885 1698 3958 temporibus
1762 3885 1978 3940 nostris
2029 3883 2466 3940 clementissimi

373 3970 415 3995 ‘⁶
452 3967 645 4023 Patris
680 3967 1030 4039 benignitas,
1069 3967 1135 4022 in
1169 3966 1337 4040 cujus
1375 3967 1670 4024 soliditate
1706 3969 1820 4024 fixa
1855 3974 1946 4024 est
1967 3967 2344 4024 immobiliter
2367 3984 2466 4021 an·

443 4230 458 4261 ¹
475 4236 819 4295 procurantes,
843 4227 989 4277 Harl.
1018 4231 1130 4278 655.
1536 4225 1554 4256 ⁸
1578 4246 1718 4288 more,
1765 4230 1908 4278 Harl.
1959 4233 2054 4279 655
2079 4248 2092 4286 3
2127 4228 2197 4291 by
2237 4225 2467 4277 inadver-

441 4310 463 4339 2
480 4307 545 4357 In
581 4307 798 4358 allusion
842 4306 1086 4371 probably
1131 4311 1185 4355 to
1208 4303 1383 4354 ῙεαίαῙι
1470 4317 1628 4359 tence.

375 4386 561 4436 xxviii.
604 4391 682 4448 10,
710 4390 786 4436 1³.
1537 4391 1559 4420 ⁸
1580 4403 1668 4438 nou
1688 4385 2004 4453 nahmen-qen,
2025 4386 2172 4437 Harl.
2200 4391 2314 4437 ⁶53.

443 4468 464 4497 ³
486 4467 651 4517 These
673 4465 787 4515 four
821 4464 992 4514 word·
1046 4477 1132 4514 81²0
1174 4462 1385 4513 omitted
1538 4469 1558 4496 ’
1579 4466 1693 4518 'rho
1740 4466 1891 4517 MSS.
1961 4467 2026 4517 of
2074 4465 2470 4531 Hamingburgh

376 4544 435 4594 in
481 4542 917 4609 Hemingburgh's
969 4547 1097 4603 text,
1149 4543 1243 4592 but
1301 4554 1387 4590 are
1473 4547 1603 4597 have
1691 4544 2000 4612 incorrectly
2085 4544 2468 4596 »abnues-siam.

375 4623 533 4689 given
554 4623 612 4672 in
632 4622 720 4674 the
747 4622 948 4687 printed
984 4626 1122 4672 texts
1152 4619 1214 4671 of
1242 4618 1389 4670 Wal-
1472 4625 1742 4675 Amended
1778 4624 1909 4674 stom
1929 4623 2043 4675 MS.
2067 4624 2211 4674 Harl.
2239 4627 2353 4684 655,
2383 4623 2471 4674 the

375 4702 612 4768 singham
628 4703 732 4753 and
745 4701 859 4754 MS.
882 4700 1026 4752 Harl.
1043 4705 1156 4751 66³.
1473 4703 1674 4768 printed
1707 4709 1842 4754 texts
1879 4702 1942 4754 of
1964 4703 2335 4769 Walsingham,
2370 4702 2471 4754 aud

440 4785 460 4814 ⁴
482 4782 713 4834 Omitted
733 4779 791 4831 in
817 4779 964 4832 Harl.
990 4784 1104 4830 655.
1473 4784 1676 4847 Rymer.

2069 4866 2202 4939 Q2
